3050 4934
1114 226 1459 293 LIBER
1502 228 1638 295 IV.

2436 227 2559 293 175

228 376 365 441 290
408 376 689 461 Quaque
715 376 1115 461 pharetratae
1142 378 1373 443 vicinia
1402 378 1696 443 Persidis
1727 390 1946 464 urget,

408 478 447 519 ⁸
463 477 557 543 Et
584 478 857 543 viridem
882 478 1254 563 AEgyptum
1280 480 1468 564 nigra
1495 479 1834 546 foecundat
1869 484 2136 560 arena?

409 579 448 620 ⁸
466 579 561 643 Et
587 580 847 645 diversa
874 602 1073 645 ruens
1106 590 1359 667 septem
1386 582 1694 647 discurrit
1721 583 1790 647 in
1821 584 1990 649 ora*

410 678 643 765 Usque
672 680 979 749 coloratis
1006 683 1209 747 amnis
1241 683 1536 749 devexus
1566 684 1653 747 ab
1681 681 1902 761 Indis3
1953 742 1958 747 .

410 781 643 846 Omnis
673 783 739 846 in
768 781 893 849 hac
922 794 1169 849 certam
1198 785 1383 868 regio
1402 784 1566 869 jacit
1593 794 1737 849 arte
1769 782 2063 851 salutem.

228 879 365 947 295
408 882 713 967 Exiguus
743 884 1043 969 primum,
1074 896 1272 969 atque
1300 886 1481 969 ipsos
1512 895 1888 967 contractus
1916 886 2006 949 ad
2031 908 2219 963 usus,

408 982 695 1069 Eligitur
722 984 943 1051 locus:
990 985 1166 1051 hunc
1196 986 1587 1071 angustique
1619 985 1884 1051 imbrice
1915 988 2072 1051 tecti

408 1084 909 1167 Parietibusque
938 1098 1244 1167 premunt
1273 1088 1495 1160 arctis,
1525 1096 1596 1147 et
1623 1097 1904 1167 quatuor
1933 1087 2209 1163 addunt,

409 1185 717 1258 Quatuor
744 1207 784 1247 a
814 1186 1045 1261 ventiS,
1078 1183 1341 1268 obliqua
1369 1184 1513 1249 luce
1545 1184 1890 1249 fenestras·

408 1285 583 1351 Tum
612 1286 876 1363 vituluS,
906 1288 1079 1351 bima
1107 1308 1382 1352 curvans
1404 1288 1544 1372 jam
1571 1308 1818 1353 cornua
1847 1286 2088 1365 fronte,

234 1388 369 1453 300
412 1386 785 1460 Quaeritur:
829 1386 983 1453 huic
1012 1389 1287 1472 geminae
1314 1410 1505 1453 nares
1539 1399 1607 1453 et
1636 1389 1902 1473 spiritus
1935 1392 2066 1454 oris

412 1488 627 1555 Multa
655 1487 1001 1553 reluctanti
1031 1490 1353 1566 obsuitur‚
1385 1488 1727 1574 plagisque
1758 1502 2054 1574 peremto

414 1590 645 1655 Tunsa
673 1611 793 1675 per
820 1590 1141 1673 integram
1170 1588 1509 1655 solvuntur
1539 1591 1788 1655 viscera
1818 1590 2074 1675 pellem.

414 1693 521 1757 Sic
550 1692 833 1778 positum
862 1692 929 1755 in
958 1690 1180 1757 clauso
1208 1690 1532 1775 linquunt,
1563 1703 1632 1755 et
1660 1712 1878 1755 ramea
1907 1695 2106 1757 costis

242 1912 307 1945 ex
324 1894 429 1944 Nili
452 1895 783 1945 incrementis.
836 1898 1060 1959 Canopus,
1082 1898 1109 1943 ὁ
1126 1894 1367 1955 Κάνωβος,

242 1960 448 2024 AEgypti
480 1962 611 2019 urbs,
643 1975 742 2008 non
771 1960 915 2023 longe
948 1961 1009 2008 ab
1036 1959 1363 2017 Alexandria3

365 2024 713 2073 occidentalem
724 2024 929 2089 AEgypti
942 2034 1131 2088 partem
1144 2024 1249 2071 desi
1284 2034 1370 2072 nat

268 2097 347 2137 est
361 2088 493 2137 enim
511 2088 815 2153 Canopicum
862 2088 1043 2137 timum
1059 2088 1119 2136 ab
1138 2088 1243 2135 occi
1277 2104 1363 2135 en-

242 2152 333 2201 tali
352 2152 503 2201 latere
528 2152 633 2201 Nili
654 2152 833 2201 ostium
875 2171 888 2208 3
924 2152 1053 2199 unde
1074 2152 1290 2215 AEschyl.
1314 2152 1367 2199 in

244 2217 492 2265 Prometh.
512 2232 556 2264 v.
578 2219 688 2274 845,
708 2216 843 2265 ἔστιν
856 2214 1011 2273 πόλις,
1024 2213 1265 2274 Κάνωβος,
1285 2217 1365 2264 ἐσ-

240 2278 377 2343 χάτη
388 2278 575 2343 χθονός.
623 2282 857 2338 Peneum,
872 2281 920 2328 h.
940 2280 1327 2337 Macedonicum,
1340 2296 1369 2327 a

240 2344 397 2393 nobili
425 2344 729 2393 Macedoniae
749 2346 872 2394 urbe
896 2344 1047 2402 Pella,
1069 2344 1201 2392 unde
1222 2346 1365 2391 Alex-

239 2411 390 2458 ander
421 2412 635 2458 Pellam.
692 2409 773 2457 Ex
812 2424 911 2471 quo
944 2419 1109 2457 autem
1150 2401 1369 2483 tempore

240 2472 543 2548 plaoedones
558 2473 827 2538 AEgyptum
842 2472 1110 2529 obtinuere,
1126 2488 1157 2520 a
1171 2473 1370 2535 reg-ibus

236 2536 1369 2714 ffffmfflmffli’mffi‘ssrfissfifflffi

278 2666 293 2677 ’
334 2665 372 2713 't
391 2666 586 2730 poetico
616 2681 721 2715 usu.
781 2666 848 2714 Et
879 2682 998 2714 sane
1022 2666 1162 2728 effuso
1182 2668 1371 2727 flumine

238 2739 440 2794 stag-nat
454 2746 581 2793 aqua
593 2730 646 2778 in
658 2728 779 2779 locis
792 2730 980 2788 vicinis,
998 2730 1089 2778 etsi
1108 2730 1215 2793 ipso
1232 2730 1372 2777 alveo

239 2810 373 2857 aqua
391 2794 707 2843 concitatiore
728 2810 876 2843 cursu
898 2794 1065 2842 fertur.
1120 2796 1271 2841 Pictis
1282 2791 1369 2855 sa-

237 2862 367 2917 celte,
392 2858 625 2923 pulchre3
654 2874 769 2908 nam
798 2860 889 2907 hoc
907 2858 1159 2923 proprium
1182 2858 1369 2921 AEgyp-

240 2922 441 2981 tiorum,
465 2932 524 2971 ut
543 2932 677 2972 certo
698 2923 1031 2971 navicularum
1054 2937 1249 2986 genere,
1268 2924 1369 2969 Ba-

238 2991 657 3100 ''''2¹²90-⁰¹¹²⁰{¹92.“‘’
680 2986 1355 3101 Pezessffidssfxssffffz

1356 3084 1370 3109 2

238 3117 297 3165 h.
319 3117 382 3165 ab
404 3131 463 3165 ea
484 3125 623 3180 parte
642 3131 738 3179 qua
756 3116 971 3181 AEgypto
991 3115 1155 3165 Persis
1176 3069 1369 3164 conger-

242 3180 381 3229 mina
414 3189 517 3229 est:
556 3196 665 3243 quoe
698 3180 859 3229 vicina
890 3190 1007 3229 sunt
1037 3195 1092 3227 ac
1124 3180 1368 3243 contigua,

243 3244 441 3320 poetica
466 3244 685 3293 oratione
712 3252 890 3308 urgent.
948 3247 1119 3301 Persis,
1144 3245 1191 3292 h.
1216 3244 1247 3291 l.
1281 3258 1373 3308 pro

242 3310 457 3375 imperio
472 3308 717 3369 Parthico,
735 3324 870 3357 more
890 3306 1099 3356 sollenni
1123 3308 1369 3356 Romano-

242 3389 359 3423 rum
604 3390 677 3422 m:
732 3372 804 3421 sic
840 3376 1009 3421 Medus
1043 3374 1103 3421 Η
1127 3376 1291 3434 daspce
1326 3388 1370 3419 v.

246 3440 337 3487 211
360 3457 373 3495 ς
442 3437 457 3449 ’
495 3455 523 3486 c
550 3448 600 3486 et
620 3441 911 3500 pharetrata,
936 3437 1063 3499 quod
1124 3452 1151 3484 e
1179 3436 1375 3485 Parthis

246 3502 447 3568 proprie
464 3502 563 3551 dici
582 3502 731 3557 solet3
756 3501 867 3566 quis
887 3501 1177 3550 Parthorum
1228 3502 1371 3549 hare·

248 3578 351 3615 tras
371 3566 598 3630 ignorat?
638 3565 801 3615 Multo
817 3576 981 3614 tamen
997 3581 1155 3614 comm
1220 3564 1375 3613 iorem

246 3632 507 3681 verborum
518 3640 568 3679 et
574 3630 833 3680 sententiae
833 3634 1114 3693 juncturam
1121 3629 1224 3677 fore
1232 3628 1376 3677 video

246 3696 292 3745 ni
310 3699 482 3745 vicinia
497 3712 527 3745 a
544 3698 760 3744 vicinium
776 3695 975 3743 ductum
995 3708 1103 3741 esse
1122 3693 1371 3741 existime-

246 3769 357 3817 tur-3
403 3760 497 3809 hoc
536 3758 709 3808 modo:
994 3761 1143 3807 amnis
1174 3774 1313 3833 usque
1345 3774 1377 3805 a

246 3827 465 3873 coloratis
504 3827 636 3872 Indis
674 3827 883 3882 deve-rus,
916 3824 965 3871 h.
1002 3822 1164 3880 Nilus,
1196 3821 1379 3870 vicinia

246 3888 373 3947 loca,
410 3888 635 3946 finitima,
658 3888 782 3937 fines
808 3890 1020 3937 Persidis
1050 3894 1203 3951 urget,
1226 3886 1373 3935 attin-

246 3952 349 4016 giu
384 3955 447 4003 ab
468 3952 695 4001 orientali
712 3952 913 4017 AEgypti
936 3960 1076 4017 parte
1098 3966 1185 4000 seu
1203 3966 1375 3999 versus

248 4017 431 4067 ostium
486 4017 593 4065 Nili
650 4016 1014 4071 Peleusiacum3
1082 4024 1127 4064 et
1185 4016 1377 4063 viridem

250 4084 507 4145 Egyptam
523 4090 615 4130 etc.
650 4084 718 4130 Et
736 4097 831 4144 qua
846 4085 995 4129 amnis
1013 4096 1151 4143 usque
1168 4082 1228 4128 ab
1244 4082 1377 4127 Indis

250 4149 467 4195 eoloratis
486 4148 697 4203 devexus,
715 4144 998 4221 καταφερὴς,
1024 4160 1088 4192 ex
1109 4142 1223 4193 altis
1234 4159 1373 4193 mon-

252 4210 383 4259 tibus
403 4209 610 4274 proclivi
631 4210 870 4259 descensu
894 4225 949 4257 ιιι
972 4207 1227 4274 planitiem
1259 4207 1377 4256 dum

249 4274 483 4334 defertur,
500 4290 699 4339 pronus,
704 4273 951 4336 soecundat
969 4277 1243 4337 AEgyptum,
1259 4276 1374 4321 niri-

251 4340 353 4388 dem
376 4338 491 4388 laeto
519 4354 748 4403 agrorum
774 4348 1029 4403 proventu,
1054 4342 1193 4411 nigra
1218 4354 1376 4394 arena,

252 4418 345 4469 pro
375 4402 521 4454 limo:
566 4413 641 4452 cst
676 4404 808 4453 enim
845 4420 987 4452 arena
1022 4412 1180 4467 poetis
1216 4400 1375 4465 simpl.

1434 1896 1608 1953 solum,
1631 1905 1688 1944 ut
1701 1896 1822 1945 Geo.
1842 1896 1875 1953 i,
1901 1897 2015 1952 105;
2041 1905 2088 1945 et
2106 1914 2243 1947 ruem·
2263 1902 2488 1949 discurrit
2508 1906 2560 1951 in

1432 1968 1602 2021 septe-m
1620 1978 1702 2009 ora
1723 1964 1918 2008 diversa.
1976 1960 2134 2023 Igitur
2153 1972 2282 2011 totus
2304 1963 2441 2014 locus
2463 1966 2560 2015 huc

1434 2024 1588 2072 redit:
1627 2025 1724 2073 Per
1741 2033 1892 2073 totam
1912 2026 2199 2090 AEgyptum,
2217 2044 2330 2077 cum
2351 2028 2404 2077 in
2427 2030 2556 2078 occi-

1433 2087 1618 2137 dentali
1646 2088 1814 2147 latere,
1841 2088 1972 2138 circa
2001 2092 2256 2154 Canopum
2287 2108 2388 2141 non
2413 2093 2559 2158 longe

1432 2154 1494 2200 ab
1528 2152 1843 2211 Alexandria,
1882 2163 1986 2201 tum
2026 2154 2078 2202 in
2114 2155 2352 2214 orientali,
2388 2172 2560 2208 versus

1434 2217 1558 2265 fines
1582 2216 1798 2265 Parthici
1819 2217 2032 2281 imperii,
2053 2219 2272 2283 adeoque
2293 2236 2385 2285 per
2408 2230 2558 2271 totam

1433 2280 1713 2329 inferiorem
1728 2281 1997 2345 AEgyptum
2018 2282 2192 2344 (Delta
2214 2285 2411 2333 nomine
2428 2287 2555 2335 cele-

1433 2345 1662 2407 bratam),
1686 2349 1828 2393 omnis
1848 2350 1987 2409 regio,
2004 2355 2107 2394 tota
2130 2363 2267 2410 gens,
2279 2349 2410 2411 Jacit
2428 2354 2554 2399 salu-

1433 2416 1522 2457 tem
1539 2418 1724 2467 certam,
1738 2408 1879 2473 ponit
1895 2409 2065 2458 salutis
2083 2426 2222 2473 spem
2238 2428 2294 2460 ac
2313 2412 2556 2474 fiduciam,

1433 2475 1482 2520 in
1498 2477 1585 2521 hac
1607 2480 1723 2531 arte,
1743 2472 2002 2536 reparandi
2020 2489 2137 2537 apes
2154 2490 2218 2523 ex
2235 2476 2381 2524 boum
2399 2478 2554 2527 visce-

1433 2536 1583 2586 ribus.
1651 2537 1838 2585 Locum
1861 2536 2228 2587 vexatissimum
2249 2539 2419 2589 videor
2435 2541 2559 2590 mihi

1433 2600 1504 2649 sic
1525 2600 1646 2649 satis
1666 2600 1919 2650 commode
1940 2600 2252 2666 interpretari

1707 2665 1717 2675 ι
2273 2620 2430 2678 posse.
2489 2607 2561 2655 At

1435 2665 1477 2713 si
1493 2667 1598 2727 jam
1619 2665 1681 2713 de
1703 2682 1720 2713 1
1832 2665 2076 2714 sententia
2097 2676 2148 2715 et
2162 2678 2353 2741 poetica
2370 2668 2560 2719 ratione

1429 2728 1670 2791 judicium
1703 2681 1958 2777 spis-lendum
1993 2738 2083 2789 est,
2116 2732 2314 2795 Virgilii
2353 2748 2558 2783 acumen

1436 2802 1488 2841 et
1508 2793 1854 2843 verecundiam
1898 2794 2176 2843 desiderare
2216 2796 2336 2845 mihi
2373 2798 2555 2847 videor.

1439 2858 1487 2905 N
1490 2874 1571 2906 am
1594 2868 1645 2906 et
1663 2857 1810 2906 nimis
1864 2867 2072 2907 rotracta
2095 2869 2146 2907 et
2165 2860 2400 2934 impedita
2413 2862 2562 2927 friget

1434 2923 1607 2979 oratio,
1631 2932 1682 2970 et
1708 2938 1806 2987 pau
1845 2938 1874 2970 o
1897 2922 2116 2984 jejunius
2143 2924 2248 2973 Nih
2281 2936 2457 2974 natura
2485 2928 2560 2975 bis

1434 2986 1752 3042 describitur-3
1802 3002 2078 3098 ‹ffuanquam
2116 2988 2308 3052 singula
2342 2992 2561 3039 membra

1435 3066 1525 3099 suo
1544 3060 1720 3099 ornatu
1740 3066 1797 3099 ac
1833 3051 2000 3099 umine
2018 3051 2204 3115 fulgere
2221 3052 2362 3102 facile
2385 3053 2558 3103 sentio.

1502 3116 1773 3163 295—298.
1803 3118 2087 3174 Contractus,
2101 3126 2388 3177 coarctatus,
2403 3118 2562 3183 spatio

1434 3188 1643 3242 angusto
1657 3178 1829 3238 seems,
1842 3180 1905 3228 ad
1921 3181 2051 3229 hunc
2066 3180 2231 3245 ipsum
2248 3198 2405 3242 usum,
2423 3186 2559 3243 locus,

1437 3242 1578 3301 οἶκος,
1599 3247 1750 3292 decem
1771 3247 2023 3293 cubitorum
2045 3248 2094 3293 in
2108 3249 2400 3295 altitudinem
2421 3256 2468 3297 et
2487 3251 2558 3297 la-

1438 3311 1694 3365 titudinem,
1717 3307 1879 3370 inquit
1901 3307 2216 3359 Florentinus
2239 3312 2458 3376 Geopon.
2477 3328 2560 3371 xv,

1439 3374 1485 3420 2.
1542 3374 1682 3421 Hunc
1702 3372 1864 3421 locum
1887 3382 1939 3421 et
1949 3379 2136 3437 angusti
2159 3378 2345 3423 imbrice
2365 3380 2488 3435 tecti,
2509 3377 2558 3425 h.

1438 3446 1646 3499 ang-usto
1681 3445 1810 3485 tecto
1835 3437 2000 3501 (cujus
2025 3438 2232 3501 fastigiis
2271 3439 2458 3504 imponi
2481 3456 2558 3495 ιο,-

1436 3501 1544 3548 lent
1575 3516 1708 3549 cavoe
1733 3502 1925 3575 teguloe,
1962 3503 2213 3563 imbrices),
2238 3511 2288 3550 et
2301 3507 2564 3563 parietibus

1438 3568 1600 3622 arctis,
1618 3573 1850 3626 ang-ustis,
1861 3572 2074 3625 premunt
2088 3580 2177 3629 pro
2187 3574 2458 3623 exau-nunt,
2475 3566 2565 3614 sed

1439 3627 1595 3676 multo
1617 3626 1902 3690 elegantius,
1926 3627 2062 3701 quasi
2080 3637 2334 3684 coercent3
2371 3638 2421 3677 et
2442 3645 2560 3691 qua-

1440 3702 1552 3741 tuor
1572 3690 1858 3754 relinquunt
1885 3690 2127 3766 spiracula
2144 3692 2208 3740 ad
2224 3702 2432 3754 quatuor
2452 3694 2565 3742 coeli

1440 3756 1666 3805 cardines
1686 3764 1971 3819 spectantia.

1508 3821 1782 3869 299—302.
1825 3818 2236 3883 Τριακοννάμηνον
2277 3822 2409 3879 βοῦν,
2447 3822 2562 3869 Flo-

1440 3884 1668 3935 rentinus
1701 3885 1734 3933 l.
1766 3884 1796 3934 l.
1849 3888 2053 3947 Spiritus
2081 3889 2188 3943 oris,
2212 3885 2260 3933 h.
2285 3900 2354 3934 os.
2408 3888 2568 3934 Multa

1438 3952 1704 4008 reluctanti,
1727 3949 1872 3998 πολλ’
1892 3946 2202 4011 ἀεκαζομένην,
2221 3957 2278 3997 ut
2298 3950 2430 4013 apud
2453 3950 2562 3997 Ho-

1440 4029 1560 4063 mer.
1597 4013 1738 4062 Iliad.
1782 4011 1822 4075 ζ,
1846 4016 1981 4087 458..
2015 4016 2273 4071 Solvuntur,
2309 4014 2563 4063 resolvun-

1442 4088 1523 4127 tur
1555 4090 1771 4136 contusa‚
1805 4087 2220 4136 comminuuntur,
2244 4087 2300 4126 ut
2320 4078 2374 4125 in
2396 4088 2564 4142 putre-

1442 4142 1610 4192 dinem
1632 4150 1768 4191 tanto
1789 4140 1935 4190 citius
1947 4142 2139 4197 abeant,
2157 4144 2282 4203 pelle
2304 4152 2468 4191 tamen
2491 4147 2564 4191 in-

1442 4216 1575 4271 tegra
1597 4214 1840 4255 manente.
1898 4204 1998 4253 Sed
2016 4214 2068 4253 et
2083 4204 2370 4270 simpliciter
2385 4210 2564 4257 solvun-

1444 4280 1521 4319 tur
1563 4278 1714 4346 tunsa,
1765 4285 1854 4334 pro
1900 4269 2199 4327 tunduntur3
2257 4275 2433 4321 viscera
2476 4288 2568 4337 pro

1444 4350 1577 4384 omm
1600 4350 1758 4383 carne.

1510 4401 1620 4458 303,
1646 4400 1754 4447 304.
1790 4400 1850 4445 In
1885 4400 2052 4455 clauso,
2090 4398 2194 4448 luto
2229 4399 2378 4450 etiam
2416 4401 2572 4449 denso
