<?xml version="1.0" encoding="UTF-8"?>
<!DOCTYPE html PUBLIC "-//W3C//DTD XHTML 1.0 Transitional//EN"
    "http://www.w3.org/TR/xhtml1/DTD/xhtml1-transitional.dtd">
<html xmlns="http://www.w3.org/1999/xhtml" xml:lang="en" lang="en">
 <head>
  <title>
</title>
<meta http-equiv="Content-Type" content="text/html;charset=utf-8" />
  <meta name='ocr-system' content='tesseract 3.04.00' />
  <meta name='ocr-capabilities' content='ocr_page ocr_carea ocr_par ocr_line ocrx_word'/>
</head>
<body>
  <div class='ocr_page' id='page_1' title='image "./publiivirgiliim00unkngoog_0473.png"; bbox 0 0 3050 4934; ppageno 0'>
   <div class='ocr_carea' id='block_1_1' title="bbox 0 3639 3 4237">
    <p class='ocr_par' dir='ltr' id='par_1_1' title="bbox 0 3639 3 4237">
     <span class='ocr_line' id='line_1_1' title="bbox 0 3639 3 4237; baseline 0 0"><span class='ocrx_word' id='word_1_1' title='bbox 0 3639 3 4237; x_wconf 95' lang='lat' dir='ltr'><strong> </strong></span> 
     </span>
    </p>
   </div>
   <div class='ocr_carea' id='block_1_2' title="bbox 424 215 555 280">
    <p class='ocr_par' dir='ltr' id='par_1_2' title="bbox 424 215 555 280">
     <span class='ocr_line' id='line_1_2' title="bbox 424 215 555 280; baseline 0 0"><span class='ocrx_word' id='word_1_2' title='bbox 424 215 555 280; x_wconf 72' lang='lat'><strong>462</strong></span> 
     </span>
    </p>
   </div>
   <div class='ocr_carea' id='block_1_3' title="bbox 1329 213 1861 280">
    <p class='ocr_par' dir='ltr' id='par_1_3' title="bbox 1329 213 1861 280">
     <span class='ocr_line' id='line_1_3' title="bbox 1329 213 1861 280; baseline -0.002 0"><span class='ocrx_word' id='word_1_3' title='bbox 1329 213 1861 280; x_wconf 88' lang='lat' dir='ltr'>AENEIDOS</span> 
     </span>
    </p>
   </div>
   <div class='ocr_carea' id='block_1_4' title="bbox 430 365 2377 1662">
    <p class='ocr_par' dir='ltr' id='par_1_4' title="bbox 430 365 2377 1662">
     <span class='ocr_line' id='line_1_4' title="bbox 605 365 2227 450; baseline 0.001 -19"><span class='ocrx_word' id='word_1_4' title='bbox 605 368 741 440; x_wconf 83' lang='lat' dir='ltr'><strong>Qui</strong></span> <span class='ocrx_word' id='word_1_5' title='bbox 769 365 942 432; x_wconf 93' lang='lat' dir='ltr'><strong>bello</strong></span> <span class='ocrx_word' id='word_1_6' title='bbox 972 367 1168 430; x_wconf 88' lang='lat' dir='ltr'><strong>exciti</strong></span> <span class='ocrx_word' id='word_1_7' title='bbox 1198 387 1414 450; x_wconf 85' lang='lat' dir='ltr'><strong>reges,</strong></span> <span class='ocrx_word' id='word_1_8' title='bbox 1445 388 1595 449; x_wconf 84' lang='lat' dir='ltr'><strong>quae</strong></span> <span class='ocrx_word' id='word_1_9' title='bbox 1622 387 1947 449; x_wconf 82' lang='lat' dir='ltr'><strong>quemque</strong></span> <span class='ocrx_word' id='word_1_10' title='bbox 1979 379 2227 432; x_wconf 84' lang='lat' dir='ltr'><strong>secutae</strong></span> 
     </span>
     <span class='ocr_line' id='line_1_5' title="bbox 605 464 2351 552; baseline -0.001 -20"><span class='ocrx_word' id='word_1_11' title='bbox 605 467 1008 551; x_wconf 69' lang='lat' dir='ltr'><strong>Complerint</strong></span> <span class='ocrx_word' id='word_1_12' title='bbox 1037 489 1300 550; x_wconf 90' lang='lat' dir='ltr'><strong>campos</strong></span> <span class='ocrx_word' id='word_1_13' title='bbox 1331 467 1543 544; x_wconf 86' lang='lat' dir='ltr'><strong>acies;</strong></span> <span class='ocrx_word' id='word_1_14' title='bbox 1590 466 1828 550; x_wconf 90' lang='lat' dir='ltr'><strong>quibus</strong></span> <span class='ocrx_word' id='word_1_15' title='bbox 1861 464 2027 530; x_wconf 87' lang='lat' dir='ltr'><strong>Itala</strong></span> <span class='ocrx_word' id='word_1_16' title='bbox 2046 469 2185 552; x_wconf 89' lang='lat' dir='ltr'><strong>jam</strong></span> <span class='ocrx_word' id='word_1_17' title='bbox 2213 480 2351 533; x_wconf 88' lang='lat' dir='ltr'><strong>tum</strong></span> 
     </span>
     <span class='ocr_line' id='line_1_6' title="bbox 605 567 2323 658; baseline 0 -26"><span class='ocrx_word' id='word_1_18' title='bbox 605 568 934 632; x_wconf 92' lang='lat' dir='ltr'><strong>Floruerit</strong></span> <span class='ocrx_word' id='word_1_19' title='bbox 964 579 1140 632; x_wconf 91' lang='lat' dir='ltr'><strong>terra</strong></span> <span class='ocrx_word' id='word_1_20' title='bbox 1169 567 1336 658; x_wconf 89' lang='lat' dir='ltr'><strong>alma</strong></span> <span class='ocrx_word' id='word_1_21' title='bbox 1366 569 1542 652; x_wconf 82' lang='lat' dir='ltr'><strong>viris,</strong></span> <span class='ocrx_word' id='word_1_22' title='bbox 1574 567 1811 651; x_wconf 91' lang='lat' dir='ltr'><strong>quibus</strong></span> <span class='ocrx_word' id='word_1_23' title='bbox 1842 569 2077 632; x_wconf 80' lang='lat' dir='ltr'>arserit</span> <span class='ocrx_word' id='word_1_24' title='bbox 2104 571 2323 632; x_wconf 75' lang='lat' dir='ltr'><strong>armis·</strong></span> 
     </span>
     <span class='ocr_line' id='line_1_7' title="bbox 431 663 2377 753; baseline 0.001 -19"><span class='ocrx_word' id='word_1_25' title='bbox 431 671 560 734; x_wconf 79' lang='lat'><strong>645</strong></span> <span class='ocrx_word' id='word_1_26' title='bbox 605 669 699 733; x_wconf 92' lang='lat' dir='ltr'><strong>Et</strong></span> <span class='ocrx_word' id='word_1_27' title='bbox 727 669 1103 733; x_wconf 77' lang='lat' dir='ltr'><strong>meministis</strong></span> <span class='ocrx_word' id='word_1_28' title='bbox 1134 663 1326 745; x_wconf 84' lang='lat' dir='ltr'><strong>enim,</strong></span> <span class='ocrx_word' id='word_1_29' title='bbox 1359 669 1551 745; x_wconf 86' lang='lat' dir='ltr'><strong>divae,</strong></span> <span class='ocrx_word' id='word_1_30' title='bbox 1582 680 1650 732; x_wconf 92' lang='lat' dir='ltr'><strong>et</strong></span> <span class='ocrx_word' id='word_1_31' title='bbox 1676 690 2033 732; x_wconf 89' lang='lat' dir='ltr'><strong>memorare</strong></span> <span class='ocrx_word' id='word_1_32' title='bbox 2064 672 2377 753; x_wconf 89' lang='lat' dir='ltr'><strong>potestis:</strong></span> 
     </span>
     <span class='ocr_line' id='line_1_8' title="bbox 609 768 2079 853; baseline 0 -20"><span class='ocrx_word' id='word_1_33' title='bbox 609 771 724 834; x_wconf 92' lang='lat' dir='ltr'><strong>Ad</strong></span> <span class='ocrx_word' id='word_1_34' title='bbox 753 793 872 834; x_wconf 90' lang='lat' dir='ltr'><strong>nos</strong></span> <span class='ocrx_word' id='word_1_35' title='bbox 901 773 1011 834; x_wconf 84' lang='lat' dir='ltr'><strong>vix</strong></span> <span class='ocrx_word' id='word_1_36' title='bbox 1042 770 1254 834; x_wconf 89' lang='lat' dir='ltr'><strong>tenuis</strong></span> <span class='ocrx_word' id='word_1_37' title='bbox 1285 769 1473 833; x_wconf 86' lang='lat' dir='ltr'><strong>famae</strong></span> <span class='ocrx_word' id='word_1_38' title='bbox 1502 768 1869 853; x_wconf 84' lang='lat' dir='ltr'><strong>perlabitur</strong></span> <span class='ocrx_word' id='word_1_39' title='bbox 1896 791 2079 833; x_wconf 88' lang='lat' dir='ltr'><strong>aura.</strong></span> 
     </span>
     <span class='ocr_line' id='line_1_9' title="bbox 692 869 2266 954; baseline -0.001 -19"><span class='ocrx_word' id='word_1_40' title='bbox 692 872 950 936; x_wconf 86' lang='lat' dir='ltr'><strong>Primus</strong></span> <span class='ocrx_word' id='word_1_41' title='bbox 984 873 1104 934; x_wconf 90' lang='lat' dir='ltr'><strong>init</strong></span> <span class='ocrx_word' id='word_1_42' title='bbox 1133 870 1372 935; x_wconf 90' lang='lat' dir='ltr'><strong>bellum</strong></span> <span class='ocrx_word' id='word_1_43' title='bbox 1402 869 1769 954; x_wconf 87' lang='lat' dir='ltr'><strong>Tyrrhenis</strong></span> <span class='ocrx_word' id='word_1_44' title='bbox 1802 891 1997 954; x_wconf 80' lang='lat' dir='ltr'><strong>asper</strong></span> <span class='ocrx_word' id='word_1_45' title='bbox 2027 873 2113 936; x_wconf 93' lang='lat' dir='ltr'><strong>ab</strong></span> <span class='ocrx_word' id='word_1_46' title='bbox 2136 873 2266 935; x_wconf 91' lang='lat' dir='ltr'><strong>oris</strong></span> 
     </span>
     <span class='ocr_line' id='line_1_10' title="bbox 606 971 2340 1055; baseline -0.001 -18"><span class='ocrx_word' id='word_1_47' title='bbox 606 974 990 1037; x_wconf 89' lang='lat' dir='ltr'><strong>Contemtor</strong></span> <span class='ocrx_word' id='word_1_48' title='bbox 1019 971 1238 1037; x_wconf 78' lang='lat' dir='ltr'><strong>divfiin</strong></span> <span class='ocrx_word' id='word_1_49' title='bbox 1267 971 1665 1047; x_wconf 83' lang='lat' dir='ltr'><strong>Mezentius,</strong></span> <span class='ocrx_word' id='word_1_50' title='bbox 1697 973 2081 1055; x_wconf 81' lang='lat' dir='ltr'><strong>agminaque</strong></span> <span class='ocrx_word' id='word_1_51' title='bbox 2114 985 2340 1036; x_wconf 88' lang='lat' dir='ltr'><strong>armat.</strong></span> 
     </span>
     <span class='ocr_line' id='line_1_11' title="bbox 604 1071 2253 1157; baseline -0.001 -20"><span class='ocrx_word' id='word_1_52' title='bbox 604 1073 807 1137; x_wconf 90' lang='lat' dir='ltr'><strong>Filius</strong></span> <span class='ocrx_word' id='word_1_53' title='bbox 841 1073 992 1138; x_wconf 91' lang='lat' dir='ltr'><strong>huic</strong></span> <span class='ocrx_word' id='word_1_54' title='bbox 1014 1073 1211 1157; x_wconf 68' lang='lat' dir='ltr'><strong>juxta</strong></span> <span class='ocrx_word' id='word_1_55' title='bbox 1243 1072 1528 1148; x_wconf 88' lang='lat' dir='ltr'><strong>Lausus,</strong></span> <span class='ocrx_word' id='word_1_56' title='bbox 1563 1094 1695 1155; x_wconf 92' lang='lat' dir='ltr'><strong>quo</strong></span> <span class='ocrx_word' id='word_1_57' title='bbox 1725 1071 2061 1155; x_wconf 87' lang='lat' dir='ltr'><strong>pulchrior</strong></span> <span class='ocrx_word' id='word_1_58' title='bbox 2089 1073 2253 1138; x_wconf 85' lang='lat' dir='ltr'><strong>alter</strong></span> 
     </span>
     <span class='ocr_line' id='line_1_12' title="bbox 430 1172 2222 1258; baseline -0.002 -18"><span class='ocrx_word' id='word_1_59' title='bbox 430 1177 560 1240; x_wconf 85' lang='lat'><strong>650</strong></span> <span class='ocrx_word' id='word_1_60' title='bbox 603 1175 762 1239; x_wconf 91' lang='lat' dir='ltr'><strong>Non</strong></span> <span class='ocrx_word' id='word_1_61' title='bbox 791 1174 936 1252; x_wconf 81' lang='lat' dir='ltr'><strong>fuit,</strong></span> <span class='ocrx_word' id='word_1_62' title='bbox 965 1186 1246 1258; x_wconf 84' lang='lat' dir='ltr'><strong>excepto</strong></span> <span class='ocrx_word' id='word_1_63' title='bbox 1278 1173 1630 1238; x_wconf 91' lang='lat' dir='ltr'><strong>Laurentis</strong></span> <span class='ocrx_word' id='word_1_64' title='bbox 1660 1195 1939 1257; x_wconf 92' lang='lat' dir='ltr'><strong>corpore</strong></span> <span class='ocrx_word' id='word_1_65' title='bbox 1970 1172 2222 1238; x_wconf 88' lang='lat' dir='ltr'><strong>Turni:</strong></span> 
     </span>
     <span class='ocr_line' id='line_1_13' title="bbox 607 1272 2337 1360; baseline 0 -20"><span class='ocrx_word' id='word_1_66' title='bbox 607 1276 870 1340; x_wconf 83' lang='lat' dir='ltr'><strong>Lausus</strong></span> <span class='ocrx_word' id='word_1_67' title='bbox 901 1275 1140 1360; x_wconf 80' lang='lat' dir='ltr'><strong>equi‘im</strong></span> <span class='ocrx_word' id='word_1_68' title='bbox 1170 1277 1474 1351; x_wconf 89' lang='lat' dir='ltr'><strong>domitor,</strong></span> <span class='ocrx_word' id='word_1_69' title='bbox 1508 1272 1998 1358; x_wconf 80' lang='lat' dir='ltr'><strong>debellatorque</strong></span> <span class='ocrx_word' id='word_1_70' title='bbox 2030 1275 2337 1353; x_wconf 84' lang='lat' dir='ltr'><strong>ferarum,</strong></span> 
     </span>
     <span class='ocr_line' id='line_1_14' title="bbox 605 1374 2221 1460; baseline 0.001 -20"><span class='ocrx_word' id='word_1_71' title='bbox 605 1377 812 1442; x_wconf 89' lang='lat' dir='ltr'><strong>Ducit</strong></span> <span class='ocrx_word' id='word_1_72' title='bbox 842 1374 1150 1460; x_wconf 86' lang='lat' dir='ltr'><strong>Agyllina</strong></span> <span class='ocrx_word' id='word_1_73' title='bbox 1179 1376 1621 1459; x_wconf 85' lang='lat' dir='ltr'><strong>nequidquam</strong></span> <span class='ocrx_word' id='word_1_74' title='bbox 1651 1397 1737 1438; x_wconf 84' lang='lat' dir='ltr'><strong>ex</strong></span> <span class='ocrx_word' id='word_1_75' title='bbox 1766 1377 1929 1439; x_wconf 91' lang='lat' dir='ltr'><strong>urbe</strong></span> <span class='ocrx_word' id='word_1_76' title='bbox 1962 1388 2221 1441; x_wconf 91' lang='lat' dir='ltr'><strong>secutos</strong></span> 
     </span>
     <span class='ocr_line' id='line_1_15' title="bbox 605 1474 2195 1560; baseline 0.001 -20"><span class='ocrx_word' id='word_1_77' title='bbox 605 1476 792 1541; x_wconf 91' lang='lat' dir='ltr'><strong>Mille</strong></span> <span class='ocrx_word' id='word_1_78' title='bbox 825 1478 1036 1554; x_wconf 80' lang='lat' dir='ltr'><strong>viros3</strong></span> <span class='ocrx_word' id='word_1_79' title='bbox 1083 1476 1343 1560; x_wconf 89' lang='lat' dir='ltr'><strong>dignus,</strong></span> <span class='ocrx_word' id='word_1_80' title='bbox 1377 1477 1605 1560; x_wconf 87' lang='lat' dir='ltr'><strong>patriis</strong></span> <span class='ocrx_word' id='word_1_81' title='bbox 1637 1477 1750 1560; x_wconf 91' lang='lat' dir='ltr'><strong>qui</strong></span> <span class='ocrx_word' id='word_1_82' title='bbox 1779 1474 1986 1540; x_wconf 84' lang='lat' dir='ltr'><strong>laetior</strong></span> <span class='ocrx_word' id='word_1_83' title='bbox 2016 1490 2195 1542; x_wconf 91' lang='lat' dir='ltr'><strong>esset</strong></span> 
     </span>
     <span class='ocr_line' id='line_1_16' title="bbox 605 1576 2216 1662; baseline 0.001 -21"><span class='ocrx_word' id='word_1_84' title='bbox 605 1577 926 1662; x_wconf 87' lang='lat' dir='ltr'><strong>Imperiis,</strong></span> <span class='ocrx_word' id='word_1_85' title='bbox 959 1588 1027 1642; x_wconf 91' lang='lat' dir='ltr'><strong>et</strong></span> <span class='ocrx_word' id='word_1_86' title='bbox 1056 1578 1161 1641; x_wconf 92' lang='lat' dir='ltr'><strong>cui</strong></span> <span class='ocrx_word' id='word_1_87' title='bbox 1189 1589 1380 1661; x_wconf 89' lang='lat' dir='ltr'><strong>pater</strong></span> <span class='ocrx_word' id='word_1_88' title='bbox 1402 1577 1583 1641; x_wconf 86' lang='lat' dir='ltr'><strong>haud</strong></span> <span class='ocrx_word' id='word_1_89' title='bbox 1614 1576 1987 1642; x_wconf 85' lang='lat' dir='ltr'><strong>Mezentius</strong></span> <span class='ocrx_word' id='word_1_90' title='bbox 2019 1591 2216 1643; x_wconf 89' lang='lat' dir='ltr'><strong>esset.</strong></span> 
     </span>
    </p>
   </div>
   <div class='ocr_carea' id='block_1_5' title="bbox 431 1681 559 1744">
    <p class='ocr_par' dir='ltr' id='par_1_5' title="bbox 431 1681 559 1744">
     <span class='ocr_line' id='line_1_17' title="bbox 431 1681 559 1744; baseline 0.008 -1"><span class='ocrx_word' id='word_1_91' title='bbox 431 1681 559 1744; x_wconf 86' lang='lat'><strong>655</strong></span> 
     </span>
    </p>
   </div>
   <div class='ocr_carea' id='block_1_6' title="bbox 692 1679 2382 1763">
    <p class='ocr_par' dir='ltr' id='par_1_6' title="bbox 692 1679 2382 1763">
     <span class='ocr_line' id='line_1_18' title="bbox 692 1679 2382 1763; baseline 0.002 -21"><span class='ocrx_word' id='word_1_92' title='bbox 692 1679 855 1742; x_wconf 88' lang='lat' dir='ltr'><strong>Post</strong></span> <span class='ocrx_word' id='word_1_93' title='bbox 883 1679 1006 1743; x_wconf 91' lang='lat' dir='ltr'><strong>hos</strong></span> <span class='ocrx_word' id='word_1_94' title='bbox 1037 1680 1356 1763; x_wconf 84' lang='lat' dir='ltr'><strong>insignem</strong></span> <span class='ocrx_word' id='word_1_95' title='bbox 1386 1679 1600 1763; x_wconf 90' lang='lat' dir='ltr'><strong>palma</strong></span> <span class='ocrx_word' id='word_1_96' title='bbox 1631 1700 1751 1762; x_wconf 90' lang='lat' dir='ltr'><strong>per</strong></span> <span class='ocrx_word' id='word_1_97' title='bbox 1779 1680 2070 1761; x_wconf 86' lang='lat' dir='ltr'><strong>gramina</strong></span> <span class='ocrx_word' id='word_1_98' title='bbox 2100 1703 2382 1758; x_wconf 89' lang='lat' dir='ltr'><strong>currum,</strong></span> 
     </span>
    </p>
   </div>
   <div class='ocr_carea' id='block_1_7' title="bbox 428 1780 2605 2268">
    <p class='ocr_par' dir='ltr' id='par_1_7' title="bbox 602 1780 2605 2167">
     <span class='ocr_line' id='line_1_19' title="bbox 603 1780 2465 1867; baseline 0.001 -22"><span class='ocrx_word' id='word_1_99' title='bbox 603 1781 1040 1864; x_wconf 74' lang='lat' dir='ltr'><strong>Victoresque</strong></span> <span class='ocrx_word' id='word_1_100' title='bbox 1073 1791 1359 1844; x_wconf 84' lang='lat' dir='ltr'><strong>ostentat</strong></span> <span class='ocrx_word' id='word_1_101' title='bbox 1389 1802 1619 1864; x_wconf 89' lang='lat' dir='ltr'><strong>equos,</strong></span> <span class='ocrx_word' id='word_1_102' title='bbox 1654 1790 1834 1843; x_wconf 91' lang='lat' dir='ltr'><strong>satus</strong></span> <span class='ocrx_word' id='word_1_103' title='bbox 1868 1780 2159 1846; x_wconf 88' lang='lat' dir='ltr'><strong>Hercule</strong></span> <span class='ocrx_word' id='word_1_104' title='bbox 2190 1783 2465 1867; x_wconf 88' lang='lat' dir='ltr'><strong>pulchro</strong></span> 
     </span>
     <span class='ocr_line' id='line_1_20' title="bbox 605 1879 2375 1966; baseline 0.001 -20"><span class='ocrx_word' id='word_1_105' title='bbox 605 1881 892 1946; x_wconf 89' lang='lat' dir='ltr'><strong>Pulcher</strong></span> <span class='ocrx_word' id='word_1_106' title='bbox 923 1879 1327 1959; x_wconf 83' lang='lat' dir='ltr'><strong>Aventinus;</strong></span> <span class='ocrx_word' id='word_1_107' title='bbox 1375 1881 1716 1965; x_wconf 92' lang='lat' dir='ltr'><strong>clipeoque</strong></span> <span class='ocrx_word' id='word_1_108' title='bbox 1746 1881 1998 1964; x_wconf 88' lang='lat' dir='ltr'><strong>insigne</strong></span> <span class='ocrx_word' id='word_1_109' title='bbox 2030 1894 2375 1966; x_wconf 89' lang='lat' dir='ltr'><strong>paternum</strong></span> 
     </span>
     <span class='ocr_line' id='line_1_21' title="bbox 603 1967 2605 2070; baseline 0.001 -23"><span class='ocrx_word' id='word_1_110' title='bbox 603 1983 884 2048; x_wconf 86' lang='lat' dir='ltr'><strong>Centum</strong></span> <span class='ocrx_word' id='word_1_111' title='bbox 909 1967 1158 2066; x_wconf 77' lang='lat' dir='ltr'><strong>angues</strong></span> <span class='ocrx_word' id='word_1_112' title='bbox 1190 1983 1595 2066; x_wconf 86' lang='lat' dir='ltr'><strong>cinctamque</strong></span> <span class='ocrx_word' id='word_1_113' title='bbox 1624 1983 1794 2066; x_wconf 89' lang='lat' dir='ltr'><strong>gerit</strong></span> <span class='ocrx_word' id='word_1_114' title='bbox 1826 1985 2239 2066; x_wconf 88' lang='lat' dir='ltr'><strong>serpentibus</strong></span> <span class='ocrx_word' id='word_1_115' title='bbox 2272 1985 2605 2070; x_wconf 83' lang='lat' dir='ltr'><strong>Hydram:</strong></span> 
     </span>
     <span class='ocr_line' id='line_1_22' title="bbox 602 2081 2118 2167; baseline 0.001 -19"><span class='ocrx_word' id='word_1_116' title='bbox 602 2084 802 2149; x_wconf 92' lang='lat' dir='ltr'><strong>Collis</strong></span> <span class='ocrx_word' id='word_1_117' title='bbox 833 2081 1142 2148; x_wconf 87' lang='lat' dir='ltr'><strong>Aventini</strong></span> <span class='ocrx_word' id='word_1_118' title='bbox 1174 2083 1332 2148; x_wconf 87' lang='lat' dir='ltr'><strong>silva</strong></span> <span class='ocrx_word' id='word_1_119' title='bbox 1361 2105 1553 2167; x_wconf 91' lang='lat' dir='ltr'><strong>quem</strong></span> <span class='ocrx_word' id='word_1_120' title='bbox 1584 2082 1783 2147; x_wconf 88' lang='lat' dir='ltr'><strong>Rhea</strong></span> <span class='ocrx_word' id='word_1_121' title='bbox 1810 2086 2118 2149; x_wconf 87' lang='lat' dir='ltr'><strong>sacerdos</strong></span> 
     </span>
    </p>

    <p class='ocr_par' dir='ltr' id='par_1_8' title="bbox 428 2183 2058 2268">
     <span class='ocr_line' id='line_1_23' title="bbox 428 2183 2058 2268; baseline -0.001 -18"><span class='ocrx_word' id='word_1_122' title='bbox 428 2187 559 2250; x_wconf 91' lang='lat'><strong>660</strong></span> <span class='ocrx_word' id='word_1_123' title='bbox 601 2185 940 2249; x_wconf 86' lang='lat' dir='ltr'><strong>Furtivum</strong></span> <span class='ocrx_word' id='word_1_124' title='bbox 972 2196 1165 2268; x_wconf 90' lang='lat' dir='ltr'><strong>partu</strong></span> <span class='ocrx_word' id='word_1_125' title='bbox 1196 2185 1320 2248; x_wconf 91' lang='lat' dir='ltr'><strong>sub</strong></span> <span class='ocrx_word' id='word_1_126' title='bbox 1350 2183 1606 2248; x_wconf 89' lang='lat' dir='ltr'><strong>luminis</strong></span> <span class='ocrx_word' id='word_1_127' title='bbox 1648 2186 1857 2249; x_wconf 90' lang='lat' dir='ltr'><strong>edidit</strong></span> <span class='ocrx_word' id='word_1_128' title='bbox 1886 2207 2058 2263; x_wconf 75' lang='lat' dir='ltr'><strong>oraS‚</strong></span> 
     </span>
    </p>
   </div>
   <div class='ocr_carea' id='block_1_8' title="bbox 427 2403 1564 4202">
    <p class='ocr_par' dir='ltr' id='par_1_9' title="bbox 427 2403 1564 3224">
     <span class='ocr_line' id='line_1_24' title="bbox 427 2403 1555 2454; baseline -0.004 0"><span class='ocrx_word' id='word_1_129' title='bbox 427 2405 714 2454; x_wconf 83' lang='lat' dir='ltr'><strong>buebantur.</strong></span> <span class='ocrx_word' id='word_1_130' title='bbox 774 2405 929 2452; x_wconf 87' lang='lat' dir='ltr'><strong>Vetus</strong></span> <span class='ocrx_word' id='word_1_131' title='bbox 965 2403 1248 2452; x_wconf 77' lang='lat' dir='ltr'><strong>Graecorum</strong></span> <span class='ocrx_word' id='word_1_132' title='bbox 1281 2403 1446 2452; x_wconf 87' lang='lat' dir='ltr'><strong>odium</strong></span> <span class='ocrx_word' id='word_1_133' title='bbox 1469 2403 1555 2451; x_wconf 86' lang='lat' dir='ltr'><strong>ad-</strong></span> 
     </span>
     <span class='ocr_line' id='line_1_25' title="bbox 430 2467 1554 2531; baseline -0.003 -13"><span class='ocrx_word' id='word_1_134' title='bbox 430 2485 602 2518; x_wconf 84' lang='lat' dir='ltr'><strong>versus</strong></span> <span class='ocrx_word' id='word_1_135' title='bbox 618 2469 870 2530; x_wconf 84' lang='lat' dir='ltr'><strong>Trojanos,</strong></span> <span class='ocrx_word' id='word_1_136' title='bbox 889 2483 1076 2531; x_wconf 87' lang='lat' dir='ltr'><strong>nupera</strong></span> <span class='ocrx_word' id='word_1_137' title='bbox 1099 2468 1259 2530; x_wconf 84' lang='lat' dir='ltr'><strong>Trojae</strong></span> <span class='ocrx_word' id='word_1_138' title='bbox 1275 2467 1412 2516; x_wconf 85' lang='lat' dir='ltr'><strong>clade</strong></span> <span class='ocrx_word' id='word_1_139' title='bbox 1431 2483 1554 2515; x_wconf 91' lang='lat' dir='ltr'><strong>non-</strong></span> 
     </span>
     <span class='ocr_line' id='line_1_26' title="bbox 427 2532 1557 2608; baseline -0.003 -25"><span class='ocrx_word' id='word_1_140' title='bbox 427 2534 544 2583; x_wconf 89' lang='lat' dir='ltr'><strong>dum</strong></span> <span class='ocrx_word' id='word_1_141' title='bbox 567 2533 826 2608; x_wconf 81' lang='lat' dir='ltr'><strong>expletam,</strong></span> <span class='ocrx_word' id='word_1_142' title='bbox 847 2532 936 2580; x_wconf 86' lang='lat' dir='ltr'><strong>sed</strong></span> <span class='ocrx_word' id='word_1_143' title='bbox 973 2547 1032 2580; x_wconf 91' lang='lat' dir='ltr'><strong>eo</strong></span> <span class='ocrx_word' id='word_1_144' title='bbox 1067 2532 1224 2596; x_wconf 76' lang='lat' dir='ltr'><strong>magis</strong></span> <span class='ocrx_word' id='word_1_145' title='bbox 1261 2532 1314 2580; x_wconf 94' lang='lat' dir='ltr'><strong>in</strong></span> <span class='ocrx_word' id='word_1_146' title='bbox 1351 2548 1434 2580; x_wconf 84' lang='lat' dir='ltr'><strong>eos</strong></span> <span class='ocrx_word' id='word_1_147' title='bbox 1473 2532 1557 2594; x_wconf 88' lang='lat' dir='ltr'><strong>qui</strong></span> 
     </span>
     <span class='ocr_line' id='line_1_27' title="bbox 427 2596 1557 2662; baseline -0.003 -16"><span class='ocrx_word' id='word_1_148' title='bbox 427 2607 715 2662; x_wconf 76' lang='lat' dir='ltr'><strong>superstites</strong></span> <span class='ocrx_word' id='word_1_149' title='bbox 807 2613 898 2660; x_wconf 86' lang='lat' dir='ltr'><strong>pro</strong></span> <span class='ocrx_word' id='word_1_150' title='bbox 983 2607 1124 2645; x_wconf 87' lang='lat' dir='ltr'><strong>erant</strong></span> <span class='ocrx_word' id='word_1_151' title='bbox 1189 2596 1557 2654; x_wconf 83' lang='lat' dir='ltr'><strong>inflammatum,</strong></span> 
     </span>
     <span class='ocr_line' id='line_1_28' title="bbox 429 2661 1564 2724; baseline -0.004 -13"><span class='ocrx_word' id='word_1_152' title='bbox 429 2677 600 2711; x_wconf 78' lang='lat' dir='ltr'><strong>causas</strong></span> <span class='ocrx_word' id='word_1_153' title='bbox 621 2661 792 2710; x_wconf 81' lang='lat' dir='ltr'><strong>auxilii</strong></span> <span class='ocrx_word' id='word_1_154' title='bbox 813 2661 950 2710; x_wconf 82' lang='lat' dir='ltr'><strong>feren</strong></span> <span class='ocrx_word' id='word_1_155' title='bbox 985 2661 1001 2708; x_wconf 86' lang='lat' dir='ltr'><strong>i</strong></span> <span class='ocrx_word' id='word_1_156' title='bbox 1023 2662 1208 2724; x_wconf 77' lang='lat' dir='ltr'><strong>praebet</strong></span> <span class='ocrx_word' id='word_1_157' title='bbox 1223 2661 1436 2709; x_wconf 84' lang='lat' dir='ltr'><strong>idoneas.</strong></span> <span class='ocrx_word' id='word_1_158' title='bbox 1494 2661 1564 2707; x_wconf 84' lang='lat' dir='ltr'><strong>Et</strong></span> 
     </span>
     <span class='ocr_line' id='line_1_29' title="bbox 431 2723 1561 2789; baseline -0.004 -13"><span class='ocrx_word' id='word_1_159' title='bbox 431 2728 606 2776; x_wconf 80' lang='lat' dir='ltr'><strong>Graeca</strong></span> <span class='ocrx_word' id='word_1_160' title='bbox 635 2726 773 2789; x_wconf 79' lang='lat' dir='ltr'><strong>origo</strong></span> <span class='ocrx_word' id='word_1_161' title='bbox 809 2725 1013 2774; x_wconf 85' lang='lat' dir='ltr'><strong>Latinos</strong></span> <span class='ocrx_word' id='word_1_162' title='bbox 1049 2735 1230 2784; x_wconf 78' lang='lat' dir='ltr'><strong>movet,</strong></span> <span class='ocrx_word' id='word_1_163' title='bbox 1255 2725 1340 2772; x_wconf 80' lang='lat' dir='ltr'><strong>inf.</strong></span> <span class='ocrx_word' id='word_1_164' title='bbox 1365 2724 1448 2772; x_wconf 90' lang='lat' dir='ltr'><strong>lib.</strong></span> <span class='ocrx_word' id='word_1_165' title='bbox 1475 2723 1561 2772; x_wconf 84' lang='lat' dir='ltr'><strong>viii</strong></span> 
     </span>
     <span class='ocr_line' id='line_1_30' title="bbox 430 2788 1561 2904; baseline -0.003 -1"><span class='ocrx_word' id='word_1_166' title='bbox 430 2788 1288 2904; x_wconf 39' lang='lat' dir='ltr'><strong>Prffltlt—Gssniomefflgnzffsselicomemt:</strong></span> <span class='ocrx_word' id='word_1_167' title='bbox 1318 2852 1485 2901; x_wconf 85' lang='lat' dir='ltr'><strong>adeste</strong></span> <span class='ocrx_word' id='word_1_168' title='bbox 1509 2861 1561 2900; x_wconf 87' lang='lat' dir='ltr'><strong>et</strong></span> 
     </span>
     <span class='ocr_line' id='line_1_31' title="bbox 429 2918 1560 2978; baseline -0.002 -11"><span class='ocrx_word' id='word_1_169' title='bbox 429 2919 604 2967; x_wconf 85' lang='lat' dir='ltr'><strong>dicite:</strong></span> <span class='ocrx_word' id='word_1_170' title='bbox 645 2918 820 2967; x_wconf 62' lang='grc' dir='ltr'><strong>ἔσπετε</strong></span> <span class='ocrx_word' id='word_1_171' title='bbox 856 2920 938 2966; x_wconf 78' lang='grc' dir='ltr'><strong>νῦν</strong></span> <span class='ocrx_word' id='word_1_172' title='bbox 975 2937 1068 2978; x_wconf 83' lang='grc' dir='ltr'><strong>μοι,</strong></span> <span class='ocrx_word' id='word_1_173' title='bbox 1119 2919 1318 2966; x_wconf 73' lang='grc' dir='ltr'><strong>Μοῦσαι.</strong></span> <span class='ocrx_word' id='word_1_174' title='bbox 1381 2920 1560 2969; x_wconf 72' lang='lat' dir='ltr'><strong>Quibus</strong></span> 
     </span>
     <span class='ocr_line' id='line_1_32' title="bbox 432 2980 1561 3044; baseline -0.002 -13"><span class='ocrx_word' id='word_1_175' title='bbox 432 2985 591 3032; x_wconf 75' lang='lat' dir='ltr'><strong>Itala.-</strong></span> <span class='ocrx_word' id='word_1_176' title='bbox 625 2992 741 3030; x_wconf 89' lang='lat' dir='ltr'><strong>sunt</strong></span> <span class='ocrx_word' id='word_1_177' title='bbox 773 2983 876 3031; x_wconf 85' lang='lat' dir='ltr'><strong>haec</strong></span> <span class='ocrx_word' id='word_1_178' title='bbox 909 2982 962 3030; x_wconf 92' lang='lat' dir='ltr'><strong>in</strong></span> <span class='ocrx_word' id='word_1_179' title='bbox 995 2982 1219 3030; x_wconf 85' lang='lat' dir='ltr'><strong>laudibus</strong></span> <span class='ocrx_word' id='word_1_180' title='bbox 1247 2980 1428 3030; x_wconf 70' lang='lat' dir='ltr'><strong>ltaliae:</strong></span> <span class='ocrx_word' id='word_1_181' title='bbox 1452 2983 1561 3044; x_wconf 80' lang='lat' dir='ltr'><strong>jam</strong></span> 
     </span>
     <span class='ocr_line' id='line_1_33' title="bbox 433 3045 1555 3111; baseline -0.004 -15"><span class='ocrx_word' id='word_1_182' title='bbox 433 3057 541 3105; x_wconf 76' lang='lat' dir='ltr'><strong>tum,</strong></span> <span class='ocrx_word' id='word_1_183' title='bbox 561 3046 792 3111; x_wconf 85' lang='lat' dir='ltr'><strong>praeclare</strong></span> <span class='ocrx_word' id='word_1_184' title='bbox 825 3045 966 3103; x_wconf 81' lang='lat' dir='ltr'><strong>dixit,</strong></span> <span class='ocrx_word' id='word_1_185' title='bbox 1003 3046 1064 3092; x_wconf 88' lang='lat' dir='ltr'><strong>ad</strong></span> <span class='ocrx_word' id='word_1_186' title='bbox 1103 3045 1296 3093; x_wconf 86' lang='lat' dir='ltr'><strong>laudem</strong></span> <span class='ocrx_word' id='word_1_187' title='bbox 1334 3045 1410 3093; x_wconf 87' lang='lat' dir='ltr'><strong>sui</strong></span> <span class='ocrx_word' id='word_1_188' title='bbox 1448 3045 1555 3103; x_wconf 84' lang='lat' dir='ltr'><strong>aevi,</strong></span> 
     </span>
     <span class='ocr_line' id='line_1_34' title="bbox 433 3109 1556 3174; baseline -0.001 -15"><span class='ocrx_word' id='word_1_189' title='bbox 433 3111 580 3160; x_wconf 83' lang='lat' dir='ltr'><strong>tacita</strong></span> <span class='ocrx_word' id='word_1_190' title='bbox 600 3110 798 3172; x_wconf 86' lang='lat' dir='ltr'><strong>quidem</strong></span> <span class='ocrx_word' id='word_1_191' title='bbox 819 3109 1206 3173; x_wconf 85' lang='lat' dir='ltr'><strong>comparatione:</strong></span> <span class='ocrx_word' id='word_1_192' title='bbox 1243 3125 1366 3172; x_wconf 85' lang='lat' dir='ltr'><strong>quos</strong></span> <span class='ocrx_word' id='word_1_193' title='bbox 1399 3125 1556 3174; x_wconf 85' lang='lat' dir='ltr'><strong>popu-</strong></span> 
     </span>
     <span class='ocr_line' id='line_1_35' title="bbox 433 3172 1023 3224; baseline -0.007 0"><span class='ocrx_word' id='word_1_194' title='bbox 433 3176 507 3224; x_wconf 86' lang='lat' dir='ltr'><strong>los</strong></span> <span class='ocrx_word' id='word_1_195' title='bbox 527 3173 764 3223; x_wconf 84' lang='lat' dir='ltr'><strong>bellantes</strong></span> <span class='ocrx_word' id='word_1_196' title='bbox 785 3172 1023 3222; x_wconf 85' lang='lat' dir='ltr'><strong>habuerit.</strong></span> 
     </span>
    </p>

    <p class='ocr_par' dir='ltr' id='par_1_10' title="bbox 429 3237 1557 3418">
     <span class='ocr_line' id='line_1_36' title="bbox 493 3237 1547 3296; baseline -0.002 -9"><span class='ocrx_word' id='word_1_197' title='bbox 493 3241 604 3296; x_wconf 82' lang='lat'><strong>645,</strong></span> <span class='ocrx_word' id='word_1_198' title='bbox 628 3239 736 3285; x_wconf 81' lang='lat'><strong>646.</strong></span> <span class='ocrx_word' id='word_1_199' title='bbox 775 3238 856 3286; x_wconf 83' lang='lat' dir='ltr'><strong>Ex</strong></span> <span class='ocrx_word' id='word_1_200' title='bbox 893 3237 1114 3285; x_wconf 85' lang='lat' dir='ltr'><strong>Homero</strong></span> <span class='ocrx_word' id='word_1_201' title='bbox 1136 3238 1374 3296; x_wconf 81' lang='lat' dir='ltr'><strong>conversi,</strong></span> <span class='ocrx_word' id='word_1_202' title='bbox 1405 3237 1547 3288; x_wconf 83' lang='lat' dir='ltr'><strong>Iliad.</strong></span> 
     </span>
     <span class='ocr_line' id='line_1_37' title="bbox 431 3299 1557 3366; baseline -0.002 -13"><span class='ocrx_word' id='word_1_203' title='bbox 431 3309 480 3362; x_wconf 80' lang='grc' dir='ltr'><strong>β,</strong></span> <span class='ocrx_word' id='word_1_204' title='bbox 505 3304 601 3352; x_wconf 77' lang='lat'><strong>485</strong></span> <span class='ocrx_word' id='word_1_205' title='bbox 624 3317 694 3366; x_wconf 84' lang='lat' dir='ltr'><strong>sq.</strong></span> <span class='ocrx_word' id='word_1_206' title='bbox 759 3299 926 3360; x_wconf 70' lang='grc' dir='ltr'><strong>Κλέος,</strong></span> <span class='ocrx_word' id='word_1_207' title='bbox 951 3299 1102 3362; x_wconf 84' lang='lat' dir='ltr'><strong>sama,</strong></span> <span class='ocrx_word' id='word_1_208' title='bbox 1127 3311 1178 3351; x_wconf 85' lang='lat' dir='ltr'><strong>et</strong></span> <span class='ocrx_word' id='word_1_209' title='bbox 1197 3302 1388 3352; x_wconf 84' lang='lat' dir='ltr'><strong>doctius</strong></span> <span class='ocrx_word' id='word_1_210' title='bbox 1409 3302 1557 3366; x_wconf 73' lang='lat' dir='ltr'><strong>fama</strong></span> 
     </span>
     <span class='ocr_line' id='line_1_38' title="bbox 429 3385 562 3418; baseline -0.015 0"><span class='ocrx_word' id='word_1_211' title='bbox 429 3385 562 3418; x_wconf 80' lang='lat' dir='ltr'><strong>aura.</strong></span> 
     </span>
    </p>

    <p class='ocr_par' dir='ltr' id='par_1_11' title="bbox 427 3429 1557 3997">
     <span class='ocr_line' id='line_1_39' title="bbox 493 3429 1557 3494; baseline -0.002 -14"><span class='ocrx_word' id='word_1_212' title='bbox 493 3431 782 3483; x_wconf 78' lang='lat'><strong>647—650.</strong></span> <span class='ocrx_word' id='word_1_213' title='bbox 835 3429 980 3485; x_wconf 87' lang='lat' dir='ltr'><strong>Quod</strong></span> <span class='ocrx_word' id='word_1_214' title='bbox 1021 3429 1324 3480; x_wconf 79' lang='lat' dir='ltr'><strong>Mezentium</strong></span> <span class='ocrx_word' id='word_1_215' title='bbox 1367 3431 1557 3494; x_wconf 78' lang='lat' dir='ltr'><strong>Agyllae</strong></span> 
     </span>
     <span class='ocr_line' id='line_1_40' title="bbox 432 3495 1554 3546; baseline -0.002 0"><span class='ocrx_word' id='word_1_216' title='bbox 432 3499 764 3546; x_wconf 86' lang='lat' dir='ltr'><strong>Lucumonem</strong></span> <span class='ocrx_word' id='word_1_217' title='bbox 797 3495 928 3544; x_wconf 80' lang='lat' dir='ltr'><strong>inter</strong></span> <span class='ocrx_word' id='word_1_218' title='bbox 959 3495 1116 3544; x_wconf 86' lang='lat' dir='ltr'><strong>socios</strong></span> <span class='ocrx_word' id='word_1_219' title='bbox 1139 3497 1427 3544; x_wconf 87' lang='lat' dir='ltr'><strong>Latinorum</strong></span> <span class='ocrx_word' id='word_1_220' title='bbox 1450 3511 1554 3544; x_wconf 88' lang='lat' dir='ltr'><strong>me-</strong></span> 
     </span>
     <span class='ocr_line' id='line_1_41' title="bbox 429 3559 1553 3623; baseline -0.002 -13"><span class='ocrx_word' id='word_1_221' title='bbox 429 3571 600 3619; x_wconf 88' lang='lat' dir='ltr'><strong>morat,</strong></span> <span class='ocrx_word' id='word_1_222' title='bbox 645 3561 706 3609; x_wconf 87' lang='lat' dir='ltr'><strong>ab</strong></span> <span class='ocrx_word' id='word_1_223' title='bbox 750 3560 950 3623; x_wconf 83' lang='lat' dir='ltr'><strong>antiqua</strong></span> <span class='ocrx_word' id='word_1_224' title='bbox 997 3559 1125 3608; x_wconf 81' lang='lat' dir='ltr'><strong>fama</strong></span> <span class='ocrx_word' id='word_1_225' title='bbox 1175 3569 1424 3609; x_wconf 87' lang='lat' dir='ltr'><strong>mutuatus</strong></span> <span class='ocrx_word' id='word_1_226' title='bbox 1463 3570 1553 3608; x_wconf 85' lang='lat' dir='ltr'><strong>est.</strong></span> 
     </span>
     <span class='ocr_line' id='line_1_42' title="bbox 434 3625 1555 3689; baseline -0.002 -15"><span class='ocrx_word' id='word_1_227' title='bbox 434 3629 686 3689; x_wconf 72' lang='lat' dir='ltr'><strong>Tyrrhenis</strong></span> <span class='ocrx_word' id='word_1_228' title='bbox 721 3629 782 3672; x_wconf 78' lang='lat' dir='ltr'><strong>ab</strong></span> <span class='ocrx_word' id='word_1_229' title='bbox 816 3629 912 3673; x_wconf 71' lang='lat' dir='ltr'><strong>oris</strong></span> <span class='ocrx_word' id='word_1_230' title='bbox 935 3627 1208 3683; x_wconf 71' lang='lat' dir='ltr'><strong>Mezentius,</strong></span> <span class='ocrx_word' id='word_1_231' title='bbox 1233 3625 1468 3673; x_wconf 86' lang='lat' dir='ltr'><strong>oriundus</strong></span> <span class='ocrx_word' id='word_1_232' title='bbox 1491 3639 1555 3672; x_wconf 80' lang='lat' dir='ltr'><strong>eit</strong></span> 
     </span>
     <span class='ocr_line' id='line_1_43' title="bbox 429 3687 1555 3754; baseline -0.002 -16"><span class='ocrx_word' id='word_1_233' title='bbox 429 3690 642 3738; x_wconf 83' lang='lat' dir='ltr'><strong>Etruria.</strong></span> <span class='ocrx_word' id='word_1_234' title='bbox 693 3689 871 3736; x_wconf 85' lang='lat' dir='ltr'><strong>Pulsus</strong></span> <span class='ocrx_word' id='word_1_235' title='bbox 888 3689 1020 3736; x_wconf 88' lang='lat' dir='ltr'><strong>enim</strong></span> <span class='ocrx_word' id='word_1_236' title='bbox 1043 3691 1180 3738; x_wconf 84' lang='lat' dir='ltr'><strong>Caere</strong></span> <span class='ocrx_word' id='word_1_237' title='bbox 1201 3689 1331 3754; x_wconf 88' lang='lat' dir='ltr'><strong>apud</strong></span> <span class='ocrx_word' id='word_1_238' title='bbox 1345 3687 1555 3737; x_wconf 85' lang='lat' dir='ltr'><strong>Rutulos</strong></span> 
     </span>
     <span class='ocr_line' id='line_1_44' title="bbox 427 3754 1552 3817; baseline -0.004 -13"><span class='ocrx_word' id='word_1_239' title='bbox 427 3765 544 3804; x_wconf 88' lang='lat' dir='ltr'><strong>tunc</strong></span> <span class='ocrx_word' id='word_1_240' title='bbox 577 3754 764 3817; x_wconf 75' lang='lat' dir='ltr'><strong>agebat.</strong></span> <span class='ocrx_word' id='word_1_241' title='bbox 819 3755 1014 3812; x_wconf 69' lang='lat' dir='ltr'><strong>Lausus,</strong></span> <span class='ocrx_word' id='word_1_242' title='bbox 1039 3771 1124 3816; x_wconf 85' lang='lat' dir='ltr'><strong>quo</strong></span> <span class='ocrx_word' id='word_1_243' title='bbox 1153 3757 1388 3816; x_wconf 76' lang='lat' dir='ltr'><strong>pulchrior</strong></span> <span class='ocrx_word' id='word_1_244' title='bbox 1418 3756 1552 3801; x_wconf 78' lang='lat' dir='ltr'><strong>alter.</strong></span> 
     </span>
     <span class='ocr_line' id='line_1_45' title="bbox 431 3817 1555 3876; baseline -0.003 -9"><span class='ocrx_word' id='word_1_245' title='bbox 431 3817 650 3868; x_wconf 83' lang='lat' dir='ltr'><strong>Imitatio</strong></span> <span class='ocrx_word' id='word_1_246' title='bbox 690 3817 947 3866; x_wconf 86' lang='lat' dir='ltr'><strong>Homerici</strong></span> <span class='ocrx_word' id='word_1_247' title='bbox 984 3817 1150 3876; x_wconf 86' lang='lat' dir='ltr'><strong>Nerei,</strong></span> <span class='ocrx_word' id='word_1_248' title='bbox 1191 3817 1330 3866; x_wconf 88' lang='lat' dir='ltr'><strong>Iliad.</strong></span> <span class='ocrx_word' id='word_1_249' title='bbox 1368 3821 1418 3876; x_wconf 87' lang='grc' dir='ltr'><strong>β,</strong></span> <span class='ocrx_word' id='word_1_250' title='bbox 1443 3817 1555 3875; x_wconf 82' lang='grc'><strong>673,</strong></span> 
     </span>
     <span class='ocr_line' id='line_1_46' title="bbox 429 3883 1557 3945; baseline -0.001 -14"><span class='ocrx_word' id='word_1_251' title='bbox 429 3884 539 3935; x_wconf 75' lang='lat'><strong>674.</strong></span> <span class='ocrx_word' id='word_1_252' title='bbox 600 3885 794 3943; x_wconf 78' lang='lat' dir='ltr'><strong>Corpore</strong></span> <span class='ocrx_word' id='word_1_253' title='bbox 836 3883 981 3930; x_wconf 66' lang='lat' dir='ltr'><strong>Turni</strong></span> <span class='ocrx_word' id='word_1_254' title='bbox 1015 3897 1106 3945; x_wconf 81' lang='lat' dir='ltr'><strong>pro</strong></span> <span class='ocrx_word' id='word_1_255' title='bbox 1153 3883 1318 3940; x_wconf 79' lang='lat' dir='ltr'><strong>Turno,</strong></span> <span class='ocrx_word' id='word_1_256' title='bbox 1341 3891 1458 3928; x_wconf 83' lang='lat' dir='ltr'><strong>nota</strong></span> <span class='ocrx_word' id='word_1_257' title='bbox 1493 3897 1557 3930; x_wconf 88' lang='lat' dir='ltr'><strong>ex</strong></span> 
     </span>
     <span class='ocr_line' id='line_1_47' title="bbox 431 3946 812 3997; baseline -0.008 0"><span class='ocrx_word' id='word_1_258' title='bbox 431 3947 620 3997; x_wconf 79' lang='lat' dir='ltr'><strong>Graecis</strong></span> <span class='ocrx_word' id='word_1_259' title='bbox 642 3946 812 3994; x_wconf 82' lang='lat' dir='ltr'><strong>forma.</strong></span> 
     </span>
    </p>

    <p class='ocr_par' dir='ltr' id='par_1_12' title="bbox 428 4009 1557 4202">
     <span class='ocr_line' id='line_1_48' title="bbox 491 4009 1555 4071; baseline -0.003 -11"><span class='ocrx_word' id='word_1_260' title='bbox 491 4011 765 4060; x_wconf 77' lang='lat'><strong>651—654.</strong></span> <span class='ocrx_word' id='word_1_261' title='bbox 794 4009 934 4059; x_wconf 87' lang='lat' dir='ltr'><strong>Idem</strong></span> <span class='ocrx_word' id='word_1_262' title='bbox 945 4011 1135 4058; x_wconf 85' lang='lat' dir='ltr'><strong>Lausus</strong></span> <span class='ocrx_word' id='word_1_263' title='bbox 1155 4014 1329 4071; x_wconf 68' lang='lat' dir='ltr'><strong>equum,</strong></span> <span class='ocrx_word' id='word_1_264' title='bbox 1347 4013 1555 4066; x_wconf 74' lang='lat' dir='ltr'><strong>domitor,</strong></span> 
     </span>
     <span class='ocr_line' id='line_1_49' title="bbox 428 4072 1557 4136; baseline -0.004 -11"><span class='ocrx_word' id='word_1_265' title='bbox 428 4075 702 4136; x_wconf 63' lang='grc' dir='ltr'><strong>ἱππόδαμος,</strong></span> <span class='ocrx_word' id='word_1_266' title='bbox 757 4077 1093 4136; x_wconf 74' lang='lat' dir='ltr'><strong>debellatorque</strong></span> <span class='ocrx_word' id='word_1_267' title='bbox 1133 4072 1384 4136; x_wconf 80' lang='lat' dir='ltr'><strong>ferarum,-</strong></span> <span class='ocrx_word' id='word_1_268' title='bbox 1427 4074 1557 4136; x_wconf 92' lang='lat' dir='ltr'><strong>quod</strong></span> 
     </span>
     <span class='ocr_line' id='line_1_50' title="bbox 431 4137 1557 4202; baseline -0.001 -14"><span class='ocrx_word' id='word_1_269' title='bbox 431 4139 700 4188; x_wconf 88' lang='lat' dir='ltr'><strong>Homerico</strong></span> <span class='ocrx_word' id='word_1_270' title='bbox 743 4138 970 4202; x_wconf 85' lang='lat' dir='ltr'><strong>exemplo</strong></span> <span class='ocrx_word' id='word_1_271' title='bbox 1009 4137 1060 4186; x_wconf 91' lang='lat' dir='ltr'><strong>in</strong></span> <span class='ocrx_word' id='word_1_272' title='bbox 1103 4138 1248 4186; x_wconf 86' lang='lat' dir='ltr'><strong>laude</strong></span> <span class='ocrx_word' id='word_1_273' title='bbox 1287 4138 1380 4186; x_wconf 86' lang='lat' dir='ltr'><strong>viri</strong></span> <span class='ocrx_word' id='word_1_274' title='bbox 1416 4137 1557 4187; x_wconf 79' lang='lat' dir='ltr'><strong>fortis</strong></span> 
     </span>
    </p>
   </div>
   <div class='ocr_carea' id='block_1_9' title="bbox 333 4203 1552 4267">
    <p class='ocr_par' dir='ltr' id='par_1_13' title="bbox 333 4203 1552 4267">
     <span class='ocr_line' id='line_1_51' title="bbox 333 4203 1552 4267; baseline -0.002 -15"><span class='ocrx_word' id='word_1_275' title='bbox 333 4207 348 4216; x_wconf 83' lang='lat'><strong><em>&#39;</em></strong></span> <span class='ocrx_word' id='word_1_276' title='bbox 428 4203 605 4267; x_wconf 80' lang='lat' dir='ltr'><strong>posuit.</strong></span> <span class='ocrx_word' id='word_1_277' title='bbox 665 4203 856 4267; x_wconf 80' lang='lat' dir='ltr'><strong>Agyllae</strong></span> <span class='ocrx_word' id='word_1_278' title='bbox 877 4218 964 4251; x_wconf 87' lang='lat' dir='ltr'><strong>seu</strong></span> <span class='ocrx_word' id='word_1_279' title='bbox 989 4203 1126 4251; x_wconf 83' lang='lat' dir='ltr'><strong>Caere</strong></span> <span class='ocrx_word' id='word_1_280' title='bbox 1152 4203 1456 4266; x_wconf 79' lang='lat' dir='ltr'><strong>tyrannidem</strong></span> <span class='ocrx_word' id='word_1_281' title='bbox 1481 4212 1552 4250; x_wconf 88' lang='lat' dir='ltr'><strong>te-</strong></span> 
     </span>
    </p>
   </div>
   <div class='ocr_carea' id='block_1_10' title="bbox 426 4269 1552 4456">
    <p class='ocr_par' dir='ltr' id='par_1_14' title="bbox 426 4269 1552 4456">
     <span class='ocr_line' id='line_1_52' title="bbox 429 4269 1552 4330; baseline -0.002 -14"><span class='ocrx_word' id='word_1_282' title='bbox 429 4279 614 4316; x_wconf 84' lang='lat' dir='ltr'><strong>nuerat.</strong></span> <span class='ocrx_word' id='word_1_283' title='bbox 658 4269 980 4329; x_wconf 72' lang='lat' dir='ltr'><strong>Nequidquam</strong></span> <span class='ocrx_word' id='word_1_284' title='bbox 995 4270 1199 4330; x_wconf 85' lang='lat' dir='ltr'><strong>jungam</strong></span> <span class='ocrx_word' id='word_1_285' title='bbox 1231 4283 1342 4316; x_wconf 89' lang='lat' dir='ltr'><strong>cum</strong></span> <span class='ocrx_word' id='word_1_286' title='bbox 1363 4275 1552 4326; x_wconf 71' lang='lat' dir='ltr'><strong>secutos,</strong></span> 
     </span>
     <span class='ocr_line' id='line_1_53' title="bbox 426 4330 1552 4396; baseline 0 -16"><span class='ocrx_word' id='word_1_287' title='bbox 426 4331 510 4396; x_wconf 88' lang='lat' dir='ltr'><strong>qui</strong></span> <span class='ocrx_word' id='word_1_288' title='bbox 535 4331 578 4378; x_wconf 89' lang='lat' dir='ltr'><strong>ei</strong></span> <span class='ocrx_word' id='word_1_289' title='bbox 603 4330 654 4378; x_wconf 92' lang='lat' dir='ltr'><strong>in</strong></span> <span class='ocrx_word' id='word_1_290' title='bbox 677 4346 842 4393; x_wconf 80' lang='lat' dir='ltr'><strong>pugna</strong></span> <span class='ocrx_word' id='word_1_291' title='bbox 877 4331 1066 4379; x_wconf 85' lang='lat' dir='ltr'><strong>cadenti</strong></span> <span class='ocrx_word' id='word_1_292' title='bbox 1107 4333 1286 4380; x_wconf 84' lang='lat' dir='ltr'><strong>frustra</strong></span> <span class='ocrx_word' id='word_1_293' title='bbox 1309 4342 1449 4380; x_wconf 86' lang='lat' dir='ltr'><strong>erant</strong></span> <span class='ocrx_word' id='word_1_294' title='bbox 1466 4331 1552 4380; x_wconf 86' lang='lat' dir='ltr'><strong>ad-</strong></span> 
     </span>
     <span class='ocr_line' id='line_1_54' title="bbox 427 4395 1550 4456; baseline -0.001 -11"><span class='ocrx_word' id='word_1_295' title='bbox 427 4395 594 4446; x_wconf 78' lang='lat' dir='ltr'><strong>futuri.</strong></span> <span class='ocrx_word' id='word_1_296' title='bbox 653 4397 835 4455; x_wconf 72' lang='lat' dir='ltr'><strong>Dignus</strong></span> <span class='ocrx_word' id='word_1_297' title='bbox 855 4399 1024 4454; x_wconf 73' lang='lat' dir='ltr'><strong>patriis</strong></span> <span class='ocrx_word' id='word_1_298' title='bbox 1047 4400 1128 4456; x_wconf 75' lang='lat' dir='ltr'><strong>qui</strong></span> <span class='ocrx_word' id='word_1_299' title='bbox 1151 4400 1298 4444; x_wconf 61' lang='grc' dir='ltr'><strong>ἄειδον·</strong></span> <span class='ocrx_word' id='word_1_300' title='bbox 1322 4405 1436 4444; x_wconf 74' lang='lat' dir='ltr'><strong>esset</strong></span> <span class='ocrx_word' id='word_1_301' title='bbox 1457 4399 1550 4444; x_wconf 79' lang='lat' dir='ltr'><strong>Im-</strong></span> 
     </span>
    </p>
   </div>
   <div class='ocr_carea' id='block_1_11' title="bbox 1619 2405 2748 4461">
    <p class='ocr_par' dir='ltr' id='par_1_15' title="bbox 1620 2405 2747 2659">
     <span class='ocr_line' id='line_1_55' title="bbox 1620 2405 2747 2472; baseline 0.004 -20"><span class='ocrx_word' id='word_1_302' title='bbox 1620 2409 1779 2466; x_wconf 72' lang='lat' dir='ltr'><strong>periis,</strong></span> <span class='ocrx_word' id='word_1_303' title='bbox 1805 2414 1999 2462; x_wconf 75' lang='lat' dir='ltr'><strong>ornate3</strong></span> <span class='ocrx_word' id='word_1_304' title='bbox 2034 2405 2226 2469; x_wconf 86' lang='lat' dir='ltr'><strong>dignus,</strong></span> <span class='ocrx_word' id='word_1_305' title='bbox 2248 2407 2335 2470; x_wconf 88' lang='lat' dir='ltr'><strong>qui</strong></span> <span class='ocrx_word' id='word_1_306' title='bbox 2374 2407 2575 2456; x_wconf 89' lang='lat' dir='ltr'><strong>meliore</strong></span> <span class='ocrx_word' id='word_1_307' title='bbox 2610 2419 2747 2472; x_wconf 82' lang='lat' dir='ltr'><strong>patre</strong></span> 
     </span>
     <span class='ocr_line' id='line_1_56' title="bbox 1623 2469 2745 2535; baseline 0.004 -19"><span class='ocrx_word' id='word_1_308' title='bbox 1623 2469 1885 2531; x_wconf 83' lang='lat' dir='ltr'><strong>gauderet:</strong></span> <span class='ocrx_word' id='word_1_309' title='bbox 1922 2471 1983 2518; x_wconf 84' lang='lat' dir='ltr'><strong>ad</strong></span> <span class='ocrx_word' id='word_1_310' title='bbox 2006 2480 2196 2535; x_wconf 87' lang='lat' dir='ltr'><strong>patrem</strong></span> <span class='ocrx_word' id='word_1_311' title='bbox 2219 2481 2381 2520; x_wconf 78' lang='lat' dir='ltr'><strong>autem</strong></span> <span class='ocrx_word' id='word_1_312' title='bbox 2406 2473 2745 2521; x_wconf 87' lang='lat' dir='ltr'><strong>declarandum</strong></span> 
     </span>
     <span class='ocr_line' id='line_1_57' title="bbox 1623 2535 2747 2600; baseline 0.004 -20"><span class='ocrx_word' id='word_1_313' title='bbox 1623 2537 1817 2594; x_wconf 75' lang='lat' dir='ltr'><strong>imperia</strong></span> <span class='ocrx_word' id='word_1_314' title='bbox 1854 2549 1950 2582; x_wconf 88' lang='lat' dir='ltr'><strong>non</strong></span> <span class='ocrx_word' id='word_1_315' title='bbox 1982 2535 2146 2584; x_wconf 86' lang='lat' dir='ltr'><strong>minua</strong></span> <span class='ocrx_word' id='word_1_316' title='bbox 2180 2535 2358 2594; x_wconf 82' lang='lat' dir='ltr'><strong>valent,</strong></span> <span class='ocrx_word' id='word_1_317' title='bbox 2381 2552 2525 2600; x_wconf 88' lang='lat' dir='ltr'><strong>quam</strong></span> <span class='ocrx_word' id='word_1_318' title='bbox 2562 2537 2613 2584; x_wconf 89' lang='lat' dir='ltr'><strong>in</strong></span> <span class='ocrx_word' id='word_1_319' title='bbox 2650 2537 2747 2586; x_wconf 85' lang='lat' dir='ltr'><strong>filio</strong></span> 
     </span>
     <span class='ocr_line' id='line_1_58' title="bbox 1624 2601 1893 2659; baseline 0.007 -15"><span class='ocrx_word' id='word_1_320' title='bbox 1624 2601 1893 2659; x_wconf 72' lang='lat' dir='ltr'><strong>obsequium.</strong></span> 
     </span>
    </p>

    <p class='ocr_par' dir='ltr' id='par_1_16' title="bbox 1619 2661 2748 4461">
     <span class='ocr_line' id='line_1_59' title="bbox 1692 2661 2745 2739; baseline 0.005 -31"><span class='ocrx_word' id='word_1_321' title='bbox 1692 2661 1785 2708; x_wconf 82' lang='lat'><strong>655</strong></span> <span class='ocrx_word' id='word_1_322' title='bbox 1806 2678 1907 2725; x_wconf 87' lang='lat' dir='ltr'><strong>sqq.</strong></span> <span class='ocrx_word' id='word_1_323' title='bbox 1945 2663 2497 2739; x_wconf 78' lang='lat' dir='ltr'><strong>Aventinumtanquam</strong></span> <span class='ocrx_word' id='word_1_324' title='bbox 2512 2679 2665 2712; x_wconf 86' lang='lat' dir='ltr'><strong>unum</strong></span> <span class='ocrx_word' id='word_1_325' title='bbox 2686 2681 2745 2713; x_wconf 90' lang='lat' dir='ltr'><strong>ex</strong></span> 
     </span>
     <span class='ocr_line' id='line_1_60' title="bbox 1624 2725 2742 2787; baseline 0.005 -15"><span class='ocrx_word' id='word_1_326' title='bbox 1624 2725 1855 2775; x_wconf 84' lang='lat' dir='ltr'><strong>heroibus</strong></span> <span class='ocrx_word' id='word_1_327' title='bbox 1900 2725 2182 2776; x_wconf 88' lang='lat' dir='ltr'><strong>Homericis</strong></span> <span class='ocrx_word' id='word_1_328' title='bbox 2222 2727 2411 2777; x_wconf 77' lang='lat' dir='ltr'><strong>inducit</strong></span> <span class='ocrx_word' id='word_1_329' title='bbox 2444 2745 2555 2777; x_wconf 88' lang='lat' dir='ltr'><strong>cum</strong></span> <span class='ocrx_word' id='word_1_330' title='bbox 2584 2745 2742 2787; x_wconf 78' lang='lat' dir='ltr'><strong>curru,</strong></span> 
     </span>
     <span class='ocr_line' id='line_1_61' title="bbox 1627 2789 2740 2852; baseline 0.004 -15"><span class='ocrx_word' id='word_1_331' title='bbox 1627 2805 1723 2852; x_wconf 91' lang='lat' dir='ltr'><strong>quo</strong></span> <span class='ocrx_word' id='word_1_332' title='bbox 1748 2789 1999 2839; x_wconf 86' lang='lat' dir='ltr'><strong>victoriam</strong></span> <span class='ocrx_word' id='word_1_333' title='bbox 2020 2791 2149 2840; x_wconf 82' lang='lat' dir='ltr'><strong>ludis</strong></span> <span class='ocrx_word' id='word_1_334' title='bbox 2182 2793 2341 2840; x_wconf 88' lang='lat' dir='ltr'><strong>curuli</strong></span> <span class='ocrx_word' id='word_1_335' title='bbox 2372 2793 2638 2841; x_wconf 86' lang='lat' dir='ltr'><strong>certamine</strong></span> <span class='ocrx_word' id='word_1_336' title='bbox 2659 2795 2740 2842; x_wconf 91' lang='lat' dir='ltr'><strong>ob-</strong></span> 
     </span>
     <span class='ocr_line' id='line_1_62' title="bbox 1624 2853 2741 2920; baseline 0.005 -20"><span class='ocrx_word' id='word_1_337' title='bbox 1624 2853 1851 2902; x_wconf 87' lang='lat' dir='ltr'><strong>tinuerat.</strong></span> <span class='ocrx_word' id='word_1_338' title='bbox 1912 2855 2139 2904; x_wconf 82' lang='lat' dir='ltr'><strong>Eundem</strong></span> <span class='ocrx_word' id='word_1_339' title='bbox 2174 2857 2373 2905; x_wconf 88' lang='lat' dir='ltr'><strong>exhibet</strong></span> <span class='ocrx_word' id='word_1_340' title='bbox 2406 2857 2667 2920; x_wconf 85' lang='lat' dir='ltr'><strong>clipeatum</strong></span> <span class='ocrx_word' id='word_1_341' title='bbox 2695 2872 2741 2905; x_wconf 80' lang='lat' dir='ltr'><strong>v.</strong></span> 
     </span>
     <span class='ocr_line' id='line_1_63' title="bbox 1626 2917 2744 2986; baseline 0.004 -22"><span class='ocrx_word' id='word_1_342' title='bbox 1626 2917 1737 2976; x_wconf 84' lang='grc'><strong>657,</strong></span> <span class='ocrx_word' id='word_1_343' title='bbox 1758 2919 1889 2981; x_wconf 89' lang='lat' dir='ltr'><strong>quod</strong></span> <span class='ocrx_word' id='word_1_344' title='bbox 1929 2919 2044 2968; x_wconf 85' lang='lat' dir='ltr'><strong>ferri</strong></span> <span class='ocrx_word' id='word_1_345' title='bbox 2118 2929 2271 2977; x_wconf 76' lang='lat' dir='ltr'><strong>otest3</strong></span> <span class='ocrx_word' id='word_1_346' title='bbox 2308 2921 2395 2969; x_wconf 82' lang='lat' dir='ltr'><strong>sed</strong></span> <span class='ocrx_word' id='word_1_347' title='bbox 2432 2937 2545 2970; x_wconf 89' lang='lat' dir='ltr'><strong>cum</strong></span> <span class='ocrx_word' id='word_1_348' title='bbox 2582 2921 2744 2986; x_wconf 87' lang='lat' dir='ltr'><strong>paullo</strong></span> 
     </span>
     <span class='ocr_line' id='line_1_64' title="bbox 1624 2983 2741 3046; baseline 0.005 -17"><span class='ocrx_word' id='word_1_349' title='bbox 1624 2992 1737 3046; x_wconf 86' lang='lat' dir='ltr'><strong>post</strong></span> <span class='ocrx_word' id='word_1_350' title='bbox 1762 2999 1803 3030; x_wconf 85' lang='lat' dir='ltr'><strong>v.</strong></span> <span class='ocrx_word' id='word_1_351' title='bbox 1830 2983 1939 3040; x_wconf 85' lang='lat'><strong>666,</strong></span> <span class='ocrx_word' id='word_1_352' title='bbox 1964 2999 2061 3032; x_wconf 89' lang='lat' dir='ltr'><strong>eun</strong></span> <span class='ocrx_word' id='word_1_353' title='bbox 2096 2999 2175 3032; x_wconf 89' lang='lat' dir='ltr'><strong>em</strong></span> <span class='ocrx_word' id='word_1_354' title='bbox 2196 2984 2353 3034; x_wconf 89' lang='lat' dir='ltr'><strong>leonis</strong></span> <span class='ocrx_word' id='word_1_355' title='bbox 2374 2987 2567 3034; x_wconf 81' lang='lat' dir='ltr'><strong>exuviis</strong></span> <span class='ocrx_word' id='word_1_356' title='bbox 2602 2986 2741 3034; x_wconf 87' lang='lat' dir='ltr'><strong>indu-</strong></span> 
     </span>
     <span class='ocr_line' id='line_1_65' title="bbox 1626 3046 2741 3114; baseline 0.004 -20"><span class='ocrx_word' id='word_1_357' title='bbox 1626 3056 1730 3094; x_wconf 91' lang='lat' dir='ltr'><strong>tum</strong></span> <span class='ocrx_word' id='word_1_358' title='bbox 1752 3046 1979 3095; x_wconf 89' lang='lat' dir='ltr'><strong>incedere</strong></span> <span class='ocrx_word' id='word_1_359' title='bbox 2004 3057 2182 3106; x_wconf 87' lang='lat' dir='ltr'><strong>narrat,</strong></span> <span class='ocrx_word' id='word_1_360' title='bbox 2208 3049 2259 3096; x_wconf 89' lang='lat' dir='ltr'><strong>in</strong></span> <span class='ocrx_word' id='word_1_361' title='bbox 2300 3066 2358 3097; x_wconf 90' lang='lat' dir='ltr'><strong>eo</strong></span> <span class='ocrx_word' id='word_1_362' title='bbox 2379 3050 2535 3098; x_wconf 78' lang='lat' dir='ltr'><strong>fateor</strong></span> <span class='ocrx_word' id='word_1_363' title='bbox 2556 3066 2635 3098; x_wconf 87' lang='lat' dir='ltr'><strong>me</strong></span> <span class='ocrx_word' id='word_1_364' title='bbox 2656 3066 2741 3114; x_wconf 86' lang='lat' dir='ltr'><strong>po·</strong></span> 
     </span>
     <span class='ocr_line' id='line_1_66' title="bbox 1626 3111 2741 3175; baseline 0.004 -17"><span class='ocrx_word' id='word_1_365' title='bbox 1626 3120 1718 3158; x_wconf 78' lang='lat' dir='ltr'><strong>etae</strong></span> <span class='ocrx_word' id='word_1_366' title='bbox 1750 3111 2053 3175; x_wconf 77' lang='lat' dir='ltr'><strong>diligentiam</strong></span> <span class='ocrx_word' id='word_1_367' title='bbox 2090 3123 2142 3160; x_wconf 87' lang='lat' dir='ltr'><strong>et</strong></span> <span class='ocrx_word' id='word_1_368' title='bbox 2168 3113 2409 3174; x_wconf 86' lang='lat' dir='ltr'><strong>judicium</strong></span> <span class='ocrx_word' id='word_1_369' title='bbox 2440 3115 2741 3169; x_wconf 73' lang='lat' dir='ltr'><strong>desiderare3</strong></span> 
     </span>
     <span class='ocr_line' id='line_1_67' title="bbox 1627 3176 2745 3242; baseline 0.005 -20"><span class='ocrx_word' id='word_1_370' title='bbox 1627 3191 1741 3222; x_wconf 89' lang='lat' dir='ltr'><strong>nam</strong></span> <span class='ocrx_word' id='word_1_371' title='bbox 1772 3176 2075 3224; x_wconf 85' lang='lat' dir='ltr'><strong>diversorum</strong></span> <span class='ocrx_word' id='word_1_372' title='bbox 2107 3177 2221 3225; x_wconf 82' lang='lat' dir='ltr'><strong>vitae</strong></span> <span class='ocrx_word' id='word_1_373' title='bbox 2263 3177 2438 3240; x_wconf 84' lang='lat' dir='ltr'><strong>priscae</strong></span> <span class='ocrx_word' id='word_1_374' title='bbox 2472 3188 2745 3242; x_wconf 83' lang='lat' dir='ltr'><strong>temporum</strong></span> 
     </span>
     <span class='ocr_line' id='line_1_68' title="bbox 1620 3239 2744 3304; baseline 0.004 -17"><span class='ocrx_word' id='word_1_375' title='bbox 1620 3239 1728 3297; x_wconf 80' lang='lat' dir='ltr'><strong>fuit,</strong></span> <span class='ocrx_word' id='word_1_376' title='bbox 1768 3240 1937 3304; x_wconf 86' lang='lat' dir='ltr'><strong>spoliis</strong></span> <span class='ocrx_word' id='word_1_377' title='bbox 1976 3240 2189 3289; x_wconf 82' lang='lat' dir='ltr'><strong>ferarum</strong></span> <span class='ocrx_word' id='word_1_378' title='bbox 2224 3251 2407 3291; x_wconf 87' lang='lat' dir='ltr'><strong>tectum</strong></span> <span class='ocrx_word' id='word_1_379' title='bbox 2440 3259 2561 3302; x_wconf 86' lang='lat' dir='ltr'><strong>esse,</strong></span> <span class='ocrx_word' id='word_1_380' title='bbox 2597 3254 2649 3291; x_wconf 90' lang='lat' dir='ltr'><strong>et</strong></span> <span class='ocrx_word' id='word_1_381' title='bbox 2684 3243 2744 3290; x_wconf 85' lang='lat' dir='ltr'><strong>de</strong></span> 
     </span>
     <span class='ocr_line' id='line_1_69' title="bbox 1621 3315 2745 3433; baseline 0.004 -18"><span class='ocrx_word' id='word_1_382' title='bbox 1621 3319 1782 3416; x_wconf 50' lang='lat'><strong>‘¹¹²3’</strong></span> <span class='ocrx_word' id='word_1_383' title='bbox 1790 3315 2029 3416; x_wconf 48' lang='lat' dir='ltr'><strong>{aar</strong></span> <span class='ocrx_word' id='word_1_384' title='bbox 2043 3321 2284 3433; x_wconf 53' lang='lat' dir='ltr'><strong>iffi}</strong></span> <span class='ocrx_word' id='word_1_385' title='bbox 2336 3373 2495 3433; x_wconf 54' lang='lat' dir='ltr'><strong>p...</strong></span> <span class='ocrx_word' id='word_1_386' title='bbox 2561 3387 2745 3419; x_wconf 60' lang='lat' dir='ltr'><strong>m.</strong></span> 
     </span>
     <span class='ocr_line' id='line_1_70' title="bbox 1622 3432 2741 3498; baseline 0.004 -19"><span class='ocrx_word' id='word_1_387' title='bbox 1622 3432 1713 3480; x_wconf 88' lang='lat' dir='ltr'><strong>sim</strong></span> <span class='ocrx_word' id='word_1_388' title='bbox 1749 3433 1781 3480; x_wconf 76' lang='lat'><strong>1.</strong></span> <span class='ocrx_word' id='word_1_389' title='bbox 1853 3432 2075 3496; x_wconf 81' lang='lat' dir='ltr'><strong>intelligo</strong></span> <span class='ocrx_word' id='word_1_390' title='bbox 2138 3433 2407 3498; x_wconf 80' lang='grc' dir='ltr'><strong><em>νικηφόρον,</em></strong></span> <span class='ocrx_word' id='word_1_391' title='bbox 2462 3433 2741 3498; x_wconf 72' lang='grc' dir='ltr'><strong>ὀθλοφόρον,</strong></span> 
     </span>
     <span class='ocr_line' id='line_1_71' title="bbox 1620 3496 2741 3560; baseline 0.001 -14"><span class='ocrx_word' id='word_1_392' title='bbox 1620 3513 1652 3559; x_wconf 85' lang='lat' dir='ltr'><strong>q</strong></span> <span class='ocrx_word' id='word_1_393' title='bbox 1776 3496 1788 3508; x_wconf 83' lang='lat'><strong><em>&#39;</em></strong></span> <span class='ocrx_word' id='word_1_394' title='bbox 1880 3533 1893 3554; x_wconf 92' lang='lat'><strong>,</strong></span> <span class='ocrx_word' id='word_1_395' title='bbox 1918 3513 2026 3560; x_wconf 83' lang='lat' dir='ltr'><strong>quae</strong></span> <span class='ocrx_word' id='word_1_396' title='bbox 2090 3499 2312 3547; x_wconf 79' lang='lat' dir='ltr'><strong>raemium</strong></span> <span class='ocrx_word' id='word_1_397' title='bbox 2327 3515 2500 3548; x_wconf 69' lang='lat' dir='ltr'><strong>cursus</strong></span> <span class='ocrx_word' id='word_1_398' title='bbox 2520 3499 2741 3548; x_wconf 88' lang='lat' dir='ltr'><strong>obtinue-</strong></span> 
     </span>
     <span class='ocr_line' id='line_1_72' title="bbox 1620 3561 2741 3637; baseline 0.004 -29"><span class='ocrx_word' id='word_1_399' title='bbox 1620 3571 1744 3609; x_wconf 84' lang='lat' dir='ltr'><strong>rant.</strong></span> <span class='ocrx_word' id='word_1_400' title='bbox 1803 3561 1951 3610; x_wconf 84' lang='lat' dir='ltr'><strong>Lauri</strong></span> <span class='ocrx_word' id='word_1_401' title='bbox 1990 3577 2048 3609; x_wconf 82' lang='lat' dir='ltr'><strong>ve</strong></span> <span class='ocrx_word' id='word_1_402' title='bbox 2108 3563 2282 3637; x_wconf 66' lang='lat' dir='ltr'><strong>palma!</strong></span> <span class='ocrx_word' id='word_1_403' title='bbox 2330 3563 2523 3626; x_wconf 81' lang='lat' dir='ltr'><strong>insigne</strong></span> <span class='ocrx_word' id='word_1_404' title='bbox 2582 3563 2741 3612; x_wconf 87' lang='lat' dir='ltr'><strong>currui</strong></span> 
     </span>
     <span class='ocr_line' id='line_1_73' title="bbox 1619 3625 2741 3676; baseline 0.002 -4"><span class='ocrx_word' id='word_1_405' title='bbox 1619 3625 1825 3672; x_wconf 79' lang='lat' dir='ltr'><strong>infixum</strong></span> <span class='ocrx_word' id='word_1_406' title='bbox 1866 3625 2153 3675; x_wconf 77' lang='lat' dir='ltr'><strong>recentioris</strong></span> <span class='ocrx_word' id='word_1_407' title='bbox 2184 3627 2336 3675; x_wconf 87' lang='lat' dir='ltr'><strong>moris</strong></span> <span class='ocrx_word' id='word_1_408' title='bbox 2374 3643 2439 3676; x_wconf 89' lang='lat' dir='ltr'><strong>ne</strong></span> <span class='ocrx_word' id='word_1_409' title='bbox 2470 3628 2539 3676; x_wconf 85' lang='lat' dir='ltr'><strong>sit</strong></span> <span class='ocrx_word' id='word_1_410' title='bbox 2558 3643 2741 3676; x_wconf 83' lang='lat' dir='ltr'><strong>vereor.</strong></span> 
     </span>
     <span class='ocr_line' id='line_1_74' title="bbox 1620 3692 2739 3754; baseline 0.003 -17"><span class='ocrx_word' id='word_1_411' title='bbox 1620 3693 1822 3738; x_wconf 78' lang='lat' dir='ltr'><strong>Hercule</strong></span> <span class='ocrx_word' id='word_1_412' title='bbox 1852 3693 2042 3750; x_wconf 72' lang='lat' dir='ltr'><strong>pulchro</strong></span> <span class='ocrx_word' id='word_1_413' title='bbox 2065 3693 2264 3740; x_wconf 70' lang='lat' dir='ltr'><strong>Pulcher</strong></span> <span class='ocrx_word' id='word_1_414' title='bbox 2293 3695 2578 3740; x_wconf 64' lang='lat' dir='ltr'><strong>Avenum:</strong></span> <span class='ocrx_word' id='word_1_415' title='bbox 2610 3692 2739 3754; x_wconf 77' lang='lat' dir='ltr'><strong>cogi·</strong></span> 
     </span>
     <span class='ocr_line' id='line_1_75' title="bbox 1622 3753 2740 3819; baseline 0.003 -18"><span class='ocrx_word' id='word_1_416' title='bbox 1622 3753 1823 3801; x_wconf 81' lang='lat' dir='ltr'><strong>tandum</strong></span> <span class='ocrx_word' id='word_1_417' title='bbox 1848 3763 1924 3802; x_wconf 90' lang='lat' dir='ltr'><strong>est</strong></span> <span class='ocrx_word' id='word_1_418' title='bbox 1958 3755 2021 3802; x_wconf 88' lang='lat' dir='ltr'><strong>de</strong></span> <span class='ocrx_word' id='word_1_419' title='bbox 2052 3755 2417 3819; x_wconf 85' lang='lat' dir='ltr'><strong>pulchritudine</strong></span> <span class='ocrx_word' id='word_1_420' title='bbox 2448 3756 2627 3814; x_wconf 86' lang='lat' dir='ltr'><strong>herois,</strong></span> <span class='ocrx_word' id='word_1_421' title='bbox 2661 3755 2740 3818; x_wconf 89' lang='lat' dir='ltr'><strong>qui</strong></span> 
     </span>
     <span class='ocr_line' id='line_1_76' title="bbox 1620 3818 2740 3884; baseline 0.002 -18"><span class='ocrx_word' id='word_1_422' title='bbox 1620 3819 1795 3866; x_wconf 88' lang='lat' dir='ltr'><strong>robore</strong></span> <span class='ocrx_word' id='word_1_423' title='bbox 1810 3818 2030 3882; x_wconf 88' lang='lat' dir='ltr'><strong>corporis</strong></span> <span class='ocrx_word' id='word_1_424' title='bbox 2043 3835 2211 3868; x_wconf 87' lang='lat' dir='ltr'><strong>omnes</strong></span> <span class='ocrx_word' id='word_1_425' title='bbox 2233 3820 2461 3868; x_wconf 85' lang='lat' dir='ltr'><strong>mortales</strong></span> <span class='ocrx_word' id='word_1_426' title='bbox 2479 3820 2740 3884; x_wconf 85' lang='lat' dir='ltr'><strong>superavit.</strong></span> 
     </span>
     <span class='ocr_line' id='line_1_77' title="bbox 1622 3881 2745 3947; baseline 0.002 -17"><span class='ocrx_word' id='word_1_427' title='bbox 1622 3881 1940 3945; x_wconf 82' lang='lat' dir='ltr'><strong>Tragicorum</strong></span> <span class='ocrx_word' id='word_1_428' title='bbox 1978 3899 2115 3932; x_wconf 90' lang='lat' dir='ltr'><strong>more</strong></span> <span class='ocrx_word' id='word_1_429' title='bbox 2146 3883 2359 3947; x_wconf 87' lang='lat' dir='ltr'><strong>clipeum</strong></span> <span class='ocrx_word' id='word_1_430' title='bbox 2394 3884 2480 3932; x_wconf 86' lang='lat' dir='ltr'><strong>dat</strong></span> <span class='ocrx_word' id='word_1_431' title='bbox 2496 3885 2745 3934; x_wconf 84' lang='lat' dir='ltr'><strong>Aventino</strong></span> 
     </span>
     <span class='ocr_line' id='line_1_78' title="bbox 1620 3943 2739 4011; baseline 0.003 -17"><span class='ocrx_word' id='word_1_432' title='bbox 1620 3943 1911 4010; x_wconf 76' lang='lat' dir='ltr'><strong>insignitum</strong></span> <span class='ocrx_word' id='word_1_433' title='bbox 1946 3947 2112 4010; x_wconf 82' lang='lat' dir='ltr'><strong>hydra.</strong></span> <span class='ocrx_word' id='word_1_434' title='bbox 2174 3951 2364 3997; x_wconf 76' lang='lat' dir='ltr'><strong>Centum</strong></span> <span class='ocrx_word' id='word_1_435' title='bbox 2406 3966 2580 4011; x_wconf 74' lang='lat' dir='ltr'><strong>angues</strong></span> <span class='ocrx_word' id='word_1_436' title='bbox 2616 3953 2739 3997; x_wconf 74' lang='lat' dir='ltr'><strong>eine·</strong></span> 
     </span>
     <span class='ocr_line' id='line_1_79' title="bbox 1624 4013 2741 4076; baseline 0.004 -18"><span class='ocrx_word' id='word_1_437' title='bbox 1624 4019 1803 4074; x_wconf 62' lang='lat' dir='ltr'><strong>tortique</strong></span> <span class='ocrx_word' id='word_1_438' title='bbox 1821 4015 2107 4072; x_wconf 67' lang='lat' dir='ltr'><strong>serpentibus</strong></span> <span class='ocrx_word' id='word_1_439' title='bbox 2128 4016 2322 4076; x_wconf 72' lang='lat' dir='ltr'><strong>hydrum</strong></span> <span class='ocrx_word' id='word_1_440' title='bbox 2336 4031 2355 4068; x_wconf 83' lang='lat'><strong>,-</strong></span> <span class='ocrx_word' id='word_1_441' title='bbox 2386 4013 2639 4076; x_wconf 78' lang='lat' dir='ltr'><strong>eleganter</strong></span> <span class='ocrx_word' id='word_1_442' title='bbox 2659 4029 2741 4061; x_wconf 71' lang='lat' dir='ltr'><strong>ra·</strong></span> 
     </span>
     <span class='ocr_line' id='line_1_80' title="bbox 1622 4075 2745 4140; baseline 0.003 -18"><span class='ocrx_word' id='word_1_443' title='bbox 1622 4075 1746 4123; x_wconf 83' lang='lat' dir='ltr'><strong>riata</strong></span> <span class='ocrx_word' id='word_1_444' title='bbox 1782 4075 1935 4123; x_wconf 89' lang='lat' dir='ltr'><strong>oratio</strong></span> <span class='ocrx_word' id='word_1_445' title='bbox 1972 4091 2062 4139; x_wconf 87' lang='lat' dir='ltr'><strong>pro</strong></span> <span class='ocrx_word' id='word_1_446' title='bbox 2094 4077 2297 4140; x_wconf 84' lang='lat' dir='ltr'><strong>vulgari,</strong></span> <span class='ocrx_word' id='word_1_447' title='bbox 2337 4081 2532 4139; x_wconf 72' lang='lat' dir='ltr'><strong>hydram</strong></span> <span class='ocrx_word' id='word_1_448' title='bbox 2568 4085 2745 4126; x_wconf 61' lang='lat' dir='ltr'><strong>ceam</strong></span> 
     </span>
     <span class='ocr_line' id='line_1_81' title="bbox 1621 4141 2745 4206; baseline 0.003 -19"><span class='ocrx_word' id='word_1_449' title='bbox 1621 4143 1817 4188; x_wconf 72' lang='lat' dir='ltr'><strong>cinctam</strong></span> <span class='ocrx_word' id='word_1_450' title='bbox 1850 4143 2150 4202; x_wconf 67' lang='lat' dir='ltr'><strong>serpentibus.</strong></span> <span class='ocrx_word' id='word_1_451' title='bbox 2214 4143 2459 4190; x_wconf 77' lang='lat' dir='ltr'><strong>Coeterum</strong></span> <span class='ocrx_word' id='word_1_452' title='bbox 2492 4151 2653 4206; x_wconf 80' lang='lat' dir='ltr'><strong>poetae</strong></span> <span class='ocrx_word' id='word_1_453' title='bbox 2683 4141 2745 4190; x_wconf 82' lang='lat' dir='ltr'><strong>de</strong></span> 
     </span>
     <span class='ocr_line' id='line_1_82' title="bbox 1619 4204 2742 4270; baseline 0.002 -18"><span class='ocrx_word' id='word_1_454' title='bbox 1619 4204 1785 4268; x_wconf 86' lang='lat' dir='ltr'><strong>parvis</strong></span> <span class='ocrx_word' id='word_1_455' title='bbox 1808 4213 1859 4252; x_wconf 89' lang='lat' dir='ltr'><strong>et</strong></span> <span class='ocrx_word' id='word_1_456' title='bbox 1893 4204 2123 4254; x_wconf 82' lang='lat' dir='ltr'><strong>tenuibus</strong></span> <span class='ocrx_word' id='word_1_457' title='bbox 2156 4221 2330 4270; x_wconf 85' lang='lat' dir='ltr'><strong>parum</strong></span> <span class='ocrx_word' id='word_1_458' title='bbox 2362 4205 2628 4254; x_wconf 83' lang='lat' dir='ltr'><strong>laborantis</strong></span> <span class='ocrx_word' id='word_1_459' title='bbox 2658 4221 2742 4268; x_wconf 76' lang='lat' dir='ltr'><strong>ge·</strong></span> 
     </span>
     <span class='ocr_line' id='line_1_83' title="bbox 1621 4268 2748 4332; baseline 0.002 -16"><span class='ocrx_word' id='word_1_460' title='bbox 1621 4283 1845 4316; x_wconf 86' lang='lat' dir='ltr'><strong>nerosam</strong></span> <span class='ocrx_word' id='word_1_461' title='bbox 1878 4268 2114 4318; x_wconf 82' lang='lat' dir='ltr'><strong>incuriam</strong></span> <span class='ocrx_word' id='word_1_462' title='bbox 2148 4271 2376 4318; x_wconf 85' lang='lat' dir='ltr'><strong>observes</strong></span> <span class='ocrx_word' id='word_1_463' title='bbox 2398 4269 2449 4317; x_wconf 86' lang='lat' dir='ltr'><strong>in</strong></span> <span class='ocrx_word' id='word_1_464' title='bbox 2482 4271 2591 4327; x_wconf 86' lang='lat' dir='ltr'><strong>hoc,</strong></span> <span class='ocrx_word' id='word_1_465' title='bbox 2617 4269 2748 4332; x_wconf 90' lang='lat' dir='ltr'><strong>quod</strong></span> 
     </span>
     <span class='ocr_line' id='line_1_84' title="bbox 1620 4333 2743 4398; baseline 0.002 -18"><span class='ocrx_word' id='word_1_466' title='bbox 1620 4333 1823 4398; x_wconf 89' lang='lat' dir='ltr'><strong>hydram</strong></span> <span class='ocrx_word' id='word_1_467' title='bbox 1846 4348 1976 4381; x_wconf 90' lang='lat' dir='ltr'><strong>nunc</strong></span> <span class='ocrx_word' id='word_1_468' title='bbox 1998 4342 2189 4392; x_wconf 78' lang='lat' dir='ltr'><strong>eentum,</strong></span> <span class='ocrx_word' id='word_1_469' title='bbox 2214 4345 2265 4382; x_wconf 86' lang='lat' dir='ltr'><strong>at</strong></span> <span class='ocrx_word' id='word_1_470' title='bbox 2284 4333 2365 4381; x_wconf 89' lang='lat' dir='ltr'><strong>lib.</strong></span> <span class='ocrx_word' id='word_1_471' title='bbox 2386 4333 2449 4391; x_wconf 82' lang='lat' dir='ltr'><strong>vi,</strong></span> <span class='ocrx_word' id='word_1_472' title='bbox 2476 4334 2587 4392; x_wconf 81' lang='lat'><strong>576,</strong></span> <span class='ocrx_word' id='word_1_473' title='bbox 2610 4338 2743 4396; x_wconf 67' lang='lat' dir='ltr'><strong>quiu-</strong></span> 
     </span>
     <span class='ocr_line' id='line_1_85' title="bbox 1620 4397 2675 4461; baseline 0.002 -17"><span class='ocrx_word' id='word_1_474' title='bbox 1620 4399 1841 4458; x_wconf 74' lang='lat' dir='ltr'><strong>quaginta</strong></span> <span class='ocrx_word' id='word_1_475' title='bbox 1863 4397 2103 4461; x_wconf 84' lang='lat' dir='ltr'><strong>capitibus</strong></span> <span class='ocrx_word' id='word_1_476' title='bbox 2124 4398 2417 4447; x_wconf 82' lang='lat' dir='ltr'><strong>horrendam</strong></span> <span class='ocrx_word' id='word_1_477' title='bbox 2438 4399 2675 4446; x_wconf 86' lang='lat' dir='ltr'><strong>exhibuit.</strong></span> 
     </span>
    </p>
   </div>
  </div>
 </body>
</html>
