3050 4934
1199 197 1538 264 LIBER
1586 200 1763 266 VII.

2516 201 2638 262 461

321 343 456 407 620
499 343 673 407 Tum
704 336 931 430 regina
961 345 1156 410 defim
1185 347 1350 412 coelo
1381 349 1654 434 delapsa
1683 361 2009 414 morantes

499 446 764 532 Impulit
792 450 936 532 ipsa
965 472 1160 513 manu
1189 463 1440 534 portas,
1471 463 1539 515 et
1568 454 1832 516 cardine
1864 475 2057 516 verso

500 547 668 612 Belli
699 549 976 638 ferratos
1007 551 1184 635 rupit
1215 551 1520 636 Saturnia
1548 565 1794 638 postes²
1884 629 1904 634 „
1926 623 1971 634 „.

497 638 1024 716 Arde't''inexcita
1051 650 1348 716 Ausonia
1376 665 1575 738 atque
1604 654 1941 719 immobilis
1974 665 2156 719 ante:

502 751 666 815 Pars
697 753 902 837 pedes
933 754 1026 817 ire
1058 765 1248 837 parat
1276 756 1558 839 campis3
1606 777 1757 839 pars
1792 756 2037 819 arduus
2070 755 2214 819 altis

326 851 460 914 625
505 851 1008 917 Pulverulentus
1039 855 1224 938 equis
1253 853 1444 918 furit:
1494 877 1717 920 omnes
1747 879 1925 920 arma
1954 857 2313 940 requirunt.

505 952 669 1017 Pars
700 951 875 1018 leves
907 953 1148 1039 clipeos
1180 965 1246 1018 et
1279 955 1537 1050 spicula·
1557 955 1773 1048 lucida
1804 967 2070 1040 tergunt

2138 1033 2169 1044 a·

503 1051 751 1117 Arvina
780 1057 1028 1139 pingui,
1061 1057 1502 1140 subiguntque
1534 1060 1600 1120 in
1631 1070 1775 1122 cote
1810 1080 2110 1135 secures;

506 1155 837 1239 Signaque
869 1155 1040 1219 ferre
1063 1157 1274 1240 juvat,
1309 1158 1689 1242 sonitusque
1721 1160 1947 1224 audire
1977 1161 2301 1223 tubarum.

503 1255 814 1340 Quinque
844 1257 1013 1320 adeo
1043 1279 1296 1341 magnae
1324 1260 1553 1342 positis
1585 1261 1927 1325 incudibus
1958 1261 2155 1324 urbes

327 1358 460 1421 630
503 1356 671 1422 Tela
696 1369 959 1434 novant,
990 1356 1192 1422 Atina
1219 1371 1476 1441 potens,
1511 1359 1853 1444 Tiburque
1888 1362 2265 1444 superbum,

506 1457 756 1536 Ardea,
790 1459 1350 1542 Crustumerique,
1383 1471 1452 1523 et
1482 1441 1822 1544 turrigerae
1853 1460 2219 1524 Antemnae.

505 1559 825 1644 Tegmina
856 1571 998 1624 tuta
1028 1570 1260 1624 cavant
1287 1562 1595 1644 capitum,
1627 1561 2025 1646 flectuntque
2060 1561 2339 1645 salignas

508 1661 882 1726 Umbonum
911 1673 1160 1739 crates;
1207 1660 1313 1724 alii
1346 1661 1646 1726 thoracas
1677 1662 1946 1739 ahenos,

512 1761 648 1827 Aut
677 1763 851 1826 leves
882 1784 1106 1826 ocreas
1137 1761 1314 1826 lento
1346 1763 1596 1826 ducunt
1626 1776 1934 1846 argento:

331 1865 463 1928 635
509 1864 808 1928 Vomeris
838 1863 991 1941 huc,
1022 1874 1088 1927 et
1117 1862 1297 1927 falcis
1328 1864 1563 1942 honOS,
1593 1865 1723 1928 huc
1754 1866 1957 1928 omnis
1988 1865 2188 1928 aratri

506 1966 723 2031 Cessit
752 1989 968 2044 amor3
1014 1977 1378 2050 recoquunt
1407 1967 1653 2050 patrios
1686 1965 2055 2029 fornacibus
2086 1987 2297 2028 enseS.

509 2067 796 2131 Classica
817 2068 1082 2152 jamque
1114 2078 1383 2144 sonant3
1433 2069 1484 2130 it
1513 2066 1684 2131 bello
1715 2078 1966 2131 tessera
1996 2067 2267 2149 signum.

509 2168 640 2232 Hic
669 2167 920 2252 galeam
949 2169 1138 2232 tectis
1171 2167 1468 2250 trepidus
1499 2170 1713 2253 rapit3
1760 2167 1865 2232 ille
1897 2168 2245 2232 frementes

511 2267 624 2332 Ad
644 2270 810 2354 juga
837 2270 1011 2352 cogit
1040 2291 1280 2352 equos;
1329 2267 1736 2352 clipeumque
1767 2292 2058 2353 auroque
2086 2269 2357 2334 trilicem

333 2371 467 2434 640
511 2370 811 2434 Loricam
838 2370 1151 2445 induitur,
1185 2368 1449 2454 fidoque
1481 2372 1839 2452 accingitur
1867 2393 2044 2433 ense.

600 2470 877 2535 Pandite
909 2493 1078 2535 nunc
1112 2468 1454 2547 Helicona,
1487 2471 1653 2547 deae,
1684 2481 2043 2554 cantusque
2074 2481 2349 2546 movete,

403 2643 675 2692 623—625.
701 2644 912 2690 Ineaecita
923 2650 1060 2704 atque
1071 2643 1311 2690 immobilis
1323 2649 1430 2689 ante
1442 2660 1458 2687 :

341 2723 456 2756 nam
499 2723 543 2755 v.
590 2709 669 2765 45,
713 2709 814 2754 Rex
849 2723 964 2754 awa
1005 2707 1204 2753 Latinus
1243 2714 1288 2754 et
1326 2709 1460 2752 urbes

337 2775 446 2820 Jam
475 2777 624 2819 senior
648 2775 781 2834 longa
809 2773 1020 2832 placidas
1049 2774 1096 2818 in
1119 2787 1234 2830 pace
1256 2774 1458 2832 regebat.

339 2838 688 2884 Faber-alentes
702 2855 719 2889 ,-
743 2835 812 2882 nil
830 2833 1133 2896 frequentius
1145 2834 1236 2881 hac
1249 2833 1462 2896 imagine

341 2909 487 2948 motae
505 2915 684 2963 pugnae
706 2899 782 2947 vel
806 2914 977 2946 cursus
1011 2897 1356 2955 concitatioris,
1383 2898 1460 2945 vel

339 2963 592 3012 industriae
636 2973 686 3012 et
729 2962 906 3012 studii:
957 2960 1096 3020 κόνις,
1147 2964 1460 3022 ἐγκονεῖσθαι,

340 3028 642 3078 sericeam&

407 3093 679 3140 629—631.
715 3090 894 3139 Verbis
927 3099 1114 3156 tantqm
1139 3091 1300 3138 inesse
1323 3090 1467 3138 video

339 3157 460 3204 hoc:
499 3171 596 3204 non
629 3156 774 3204 modo
802 3165 1018 3218 agrestes
1047 3154 1354 3210 confluxisse,
1379 3169 1462 3202 ve-

340 3236 452 3269 rum
474 3220 622 3268 etiam
655 3235 856 3292 magnas
887 3220 1033 3266 urbes
1066 3217 1276 3267 bellandi
1304 3217 1467 3264 studio

339 3284 595 3333 exarsisse.
665 3285 894 3346 Quinque
938 3293 1102 3330 autem
1143 3291 1370 3330 numerat
1411 3291 1469 3328 ut

343 3343 508 3412 poeta:
521 3349 602 3396 cui
637 3347 802 3396 omnia
833 3347 1034 3395 definite
1066 3345 1312 3394 efferenda
1337 3356 1465 3392 sunt.

345 3413 532 3460 Debuit
548 3423 710 3460 tamen
731 3413 906 3460 harum
930 3410 1058 3458 Latii
1079 3409 1270 3458 urbium
1289 3407 1460 3474 praeci-

379 3493 494 3524 uum
516 3492 696 3525 nomen
717 3491 826 3524 esse
847 3475 1198 3538 antiquissimis
1231 3472 1461 3537 tempori-

341 3494 460 3589 bus:
497 3541 550 3588 in
583 3541 762 3588 finibus
788 3539 999 3602 quidem,
1028 3539 1330 3587 occidentem
1355 3552 1462 3585 ver-

341 3621 441 3662 sus,
465 3603 787 3653 Crustumerii
815 3613 866 3650 et
891 3605 1258 3659 Antemnarum,
1284 3602 1345 3649 ad
1369 3601 1464 3649 ori-

341 3679 508 3718 entem
551 3679 715 3716 autem
765 3667 910 3724 Latii,
957 3666 1122 3715 Atinae
1165 3667 1216 3714 in
1262 3665 1466 3714 Volscis.

348 3735 492 3780 Tibur
535 3737 778 3794 superbum
815 3747 844 3779 a
883 3730 1258 3794 magnificentia,
1292 3729 1468 3795 partim

344 3813 410 3844 ex
431 3797 605 3861 opibus
627 3807 676 3844 et
697 3797 847 3854 cultu,
862 3795 1040 3858 partim
1065 3809 1126 3842 ex
1149 3794 1248 3842 situ
1263 3794 1316 3842 in
1340 3793 1472 3842 edito

343 3861 466 3909 loco.
521 3862 600 3910 Ne
633 3869 844 3910 metrum
877 3868 1188 3922 repugnaret,
1211 3875 1301 3922 pro
1328 3861 1466 3906 Crus-

341 3930 536 3974 tumerio
551 3925 684 3974 cives
701 3927 1012 3972 Crustumeroe
1031 3922 1178 3971 dixit:
1205 3923 1301 3970 nisi
1325 3925 1464 3971 Cra-5-

343 3989 514 4038 tumeri
546 3988 639 4038 fuit
669 4005 758 4053 pro
779 3991 1082 4036 Crustumeria·
1095 4007 1113 4042 ‚·
1148 3987 1277 4051 quod
1298 4002 1468 4036 verum

343 4069 453 4102 esse
475 4053 708 4117 suspicor.

413 4119 684 4166 aaz—639.
721 4119 823 4165 Alia·
857 4116 1020 4180 galeas
1053 4116 1250 4171 cudunt,
1275 4125 1362 4164 aut
1388 4135 1465 4164 sa-

343 4185 498 4244 lignos
543 4185 790 4230 Umbennum
824 4189 988 4238 crates,
1025 4191 1162 4228 scuta
1195 4179 1256 4226 de
1288 4179 1470 4227 vimine

345 4247 487 4304 facta,
520 4245 666 4294 coriis
699 4245 924 4293 inductis.
977 4246 1254 4305 Recoqmcm,
1288 4243 1470 4291 instru-

347 4321 514 4358 menta
533 4309 618 4358 illa
639 4310 818 4358 rustica
839 4307 1096 4371 liquefacta
1118 4307 1372 4356 recedunt.
1427 4311 1472 4354 It

343 4383 534 4429 emera,
557 4374 752 4436 signum
779 4373 918 4428 bello,
944 4373 990 4420 h.
1017 4389 1058 4420 e.
1083 4371 1280 4428 diditur,
1306 4371 1468 4419 distri-

1526 2641 1703 2689 buitur.
1768 2643 1980 2688 Trilt'cem
2019 2645 2173 2690 aureis
2207 2641 2430 2700 lamellis,
2468 2643 2649 2708 triplici

1526 2705 1697 2753 ordine
1719 2704 1810 2754 sibi
1836 2705 2043 2754 innexis.

1593 2771 1684 2817 641
1711 2785 1811 2832 sqq.
1850 2769 2283 2818 Enumerationem
2296 2787 2403 2832 quoe
2416 2772 2649 2834 sequitur,

1529 2833 1785 2882 Homerici
1820 2833 2017 2882 navium
2052 2833 2255 2896 catalogi
2286 2836 2511 2898 exemplo
2544 2851 2650 2885 esse

1527 2899 1877 2955 adumbratam,
1919 2898 2129 2946 obvium.
2197 2900 2279 2946 Ab
2322 2899 2493 2947 eodem
2542 2901 2651 2948 Ho-

1531 2979 1679 3020 mero,
1706 2962 1844 3010 Iliad.
1870 2966 1919 3020 β,
1945 2966 2056 3021 484,
2090 2962 2246 3026 petita
2282 2972 2358 3012 est
2398 2963 2654 3014 Musarum

1529 3026 1799 3081 invocatio;
1836 3037 1886 3074 et
1916 3036 2063 3084 recte,
2100 3037 2328 3090 tanquam
2361 3027 2413 3075 in
2446 3030 2593 3078 rebus
2625 3045 2655 3076 a

1532 3091 1692 3154 prisca
1708 3090 1942 3138 memoria
1954 3083 2190 3156 repetitis.
2226 3093 2352 3140 Cum
2372 3093 2654 3142 Graecarum

1531 3155 1726 3202 urbium
1765 3165 1815 3202 et
1850 3157 2142 3220 populorum
2181 3157 2497 3215 enumeratio,
2545 3167 2651 3206 tan-

1533 3234 1677 3281 quam
1711 3217 1763 3266 in
1803 3235 1856 3266 re
1898 3220 2146 3269 communi
2178 3221 2382 3269 Graeciae
2416 3237 2655 3270 consensu

1532 3298 1673 3330 susce
1710 3291 1759 3330 ta
1777 3293 2023 3346 gestaque,
2039 3285 2101 3332 ad
2123 3284 2425 3347 singulorum
2449 3286 2653 3360 oppido-

1532 3362 1642 3394 rum
1662 3299 1856 3394 llziudem
1889 3356 1940 3395 et
1969 3347 2173 3411 gloriam
2208 3349 2388 3396 avitam
2409 3360 2657 3422 pertinere

1529 3410 1793 3467 videretur,
1817 3411 1969 3459 multa
1992 3412 2243 3460 Homerus
2260 3411 2548 3475 simphciter
2566 3429 2653 3460 no-

1529 3475 1664 3522 mine
1703 3474 1959 3536 designare
1998 3475 2170 3539 potuit.
2230 3477 2299 3523 At
2338 3476 2469 3523 Latii
2511 3479 2653 3526 urbes

1529 3539 1775 3602 pleraeque
1792 3548 1877 3586 aut
1897 3539 2001 3586 solo
2024 3547 2163 3586 erant
2180 3549 2395 3600 aequatae,
2420 3550 2506 3586 aut
2528 3542 2654 3588 anti-

1533 3618 1629 3664 quo
1650 3601 1909 3665 splendore
1929 3603 2223 3650 exciderant.
2273 3603 2487 3650 Necesse
2509 3603 2659 3666 igitur

1533 3666 1627 3714 fuit
1647 3675 1804 3728 poetae
1826 3681 2203 3714 commemorare
2234 3683 2428 3730 paucas,
2454 3677 2505 3715 et
2524 3685 2655 3717 com-

1536 3729 1765 3778 mendare
1790 3746 1871 3778 eas
1894 3747 1923 3778 a
1944 3740 2107 3778 vetere
2131 3730 2257 3778 fama
2279 3741 2329 3778 et
2350 3731 2563 3794 antiquis
2586 3733 2655 3782 fa-

1536 3794 1677 3852 bulis,
1700 3794 1924 3858 inprimis
1946 3794 2007 3842 de
2030 3795 2092 3843 iis
2114 3794 2197 3858 qui
2220 3811 2302 3844 eas
2324 3796 2655 3846 condiderant.

1537 3859 1681 3914 Quod
1716 3859 1777 3906 ad
1801 3857 2023 3907 ordinem
2044 3875 2141 3922 quo
2162 3861 2306 3908 urbes
2324 3872 2545 3908 recenset
2567 3879 2654 3926 po-

1534 3933 1614 3971 eta
1648 3924 1836 3980 attinet,
1876 3923 1965 3972 etsi
1989 3939 2113 3971 vana
2152 3939 2210 3971 ea
2248 3924 2309 3972 de
2350 3940 2404 3972 re
2445 3924 2657 3974 virorum

1536 3988 1787 4036 doctorum
1810 3997 1885 4036 est
1906 3986 2161 4044 subtilitas,
2181 4003 2279 4035 non
2303 3999 2467 4036 tamen
2488 3989 2655 4038 viden-

1528 4061 1617 4108 ιω·
1636 4053 1932 4109 observasse,
1956 4054 2017 4099 ab
2039 4051 2289 4100 occidente
2326 4053 2451 4100 Latii
2477 4053 2539 4102 ad
2558 4055 2654 4103 ori-

1536 4117 1721 4164 entales
1760 4132 1911 4178 usque
1946 4115 2069 4163 fines
2102 4131 2213 4162 eum
2246 4117 2487 4190 progredi.
2548 4119 2653 4166 Pri-

1536 4197 1669 4228 mum
1692 4180 1813 4227 illud
1845 4179 2181 4228 observatione
2214 4180 2430 4242 dignum,
2456 4183 2581 4244 quod
2606 4185 2657 4232 in

1539 4244 1693 4292 Turni
1718 4255 1895 4307 partes,
1920 4259 2064 4305 quem
2103 4261 2131 4292 a
2167 4245 2339 4294 Graeca
2362 4245 2548 4309 origine
2569 4265 2652 4310 ge-

1540 4324 1631 4356 nus
1654 4308 1831 4356 (lucere
1854 4317 2219 4366 memoraverat,
2238 4310 2443 4358 adduxit
2463 4327 2545 4360 eos
2566 4329 2653 4376 po-

1540 4372 1679 4436 pulos
1715 4372 1889 4434 quibus
1924 4375 2109 4421 Graeeoe
2147 4373 2359 4435 origines
2384 4376 2527 4437 vulgo
2568 4377 2653 4424 tri-
