3050 4934
1077 273 1525 339 ECLOGA
1574 275 1706 338 VI.

2464 277 2547 338 33

484 427 781 510 Pergite‚
815 425 1132 490 Pierides,
1211 425 1510 490 Chromis
1542 436 1608 511 et
1637 423 1977 508 Mnasylos
2011 426 2074 488 in
2106 435 2291 488 antro

397 526 692 592 Silenum
721 527 908 611 pueri
941 549 1165 591 somno
1194 527 1416 590 videre
1437 527 1787 610 jacentem,

272 631 356 692 15
399 627 710 692 Inflatum
737 627 1049 693 hesterno
1077 651 1298 704 venae,
1333 639 1404 692 ut
1437 649 1716 712 semper,
1752 627 2023 692 Iaccho:

401 730 600 794 Serta
627 729 855 813 procul
886 740 1137 793 tantum
1165 730 1362 812 capiti
1393 726 1663 812 delapsa
1683 730 2029 812 jacebant3

402 831 502 894 Et
525 833 741 915 gravis
771 832 994 894 attrita
1022 831 1354 914 pendebat
1383 828 1733 894 cantharus
1762 852 1940 893 ansa.

401 931 750 1016 Aggressi‚
783 955 929 996 nam
963 953 1138 1014 saepe
1173 952 1372 994 senex
1405 952 1522 1014 spe
1554 930 1849 994 carminis
1884 933 2073 994 ambo

407 1033 716 1110 Luserat,
748 1033 1040 1116 injiciunt
1068 1033 1226 1116 ipsis
1255 1054 1338 1095 ex
1371 1030 1625 1095 vincula
1655 1031 1867 1094 sertiS.

265 1134 360 1195 20
403 1131 622 1198 Addit
649 1155 722 1197 se
753 1133 1014 1209 sociam,
1047 1133 1414 1216 timidisque
1447 1133 1845 1215 supervenit,
1878 1130 2116 1215 AEgle3

405 1233 630 1318 AEgle,
661 1233 992 1297 Naiadum
1023 1231 1491 1316 pulcherrima3
1529 1234 1795 1316 jamque
1828 1233 2070 1297 videnti

405 1335 796 1418 Sanguineis
828 1333 1106 1397 frontem
1133 1335 1330 1397 moris
1362 1345 1429 1397 et
1461 1345 1755 1417 tempora
1783 1335 2013 1418 pingit.

405 1435 527 1500 Ille
559 1434 778 1500 dolum
805 1437 1047 1513 ridens,
1083 1436 1236 1508 Quo
1266 1435 1519 1500 vincula
1550 1437 1849 1500 nectitis?
1896 1437 2123 1520 inquit.

407 1535 654 1600 Solvite
683 1559 807 1613 me,
841 1537 1062 1619 pueri3
1113 1537 1268 1600 satis
1301 1547 1404 1600 est
1431 1537 1722 1621 potuisse
1754 1538 1978 1602 videri.

301 1755 376 1801 13.
411 1755 620 1801 Chromis
634 1761 682 1800 et
699 1755 948 1814 Mnasylus.
987 1753 1264 1800 Faunorum
1285 1752 1359 1800 vel

231 1818 519 1880 Satyrorum
540 1816 738 1864 nomina
757 1831 863 1864 esse
883 1831 1081 1864 necesse
1099 1826 1185 1864 est.
1234 1816 1361 1864 Rem

231 1891 376 1944 poeta
397 1881 480 1928 bic
501 1880 758 1929 adornavit
784 1880 837 1927 in
860 1880 980 1928 artis
1010 1895 1199 1942 quoque
1232 1878 1357 1928 anti-

231 1961 340 2007 quoe
361 1945 596 2008 operibus
617 1944 821 1993 obviam.

303 2012 378 2057 14.
415 2012 618 2056 Silenum
647 2007 718 2056 ita
740 2007 900 2056 ἔνθεον
921 2023 949 2055 a
974 2007 1165 2056 Baccho
1199 2007 1358 2056 reddi-

235 2083 338 2122 tum
381 2088 493 2120 eme
533 2082 794 2120 narrarunt
829 2081 1002 2135 poetae,
1036 2081 1092 2120 ut
1127 2071 1358 2120 vaticina-

231 2147 382 2192 retur,
423 2135 567 2186 utilia
603 2145 836 2193 moneret,
873 2136 1069 2185 tandem
1112 2145 1164 2184 et
1196 2147 1362 2184 vatum

233 2217 368 2249 more
389 2211 604 2249 caneret.
663 2200 830 2248 Sileno
852 2216 882 2246 a
899 2199 1108 2274 Virgilio
1132 2199 1362 2248 tribuitur

231 2265 321 2314 boc
342 2281 556 2328 quoque,
579 2264 708 2327 quod
729 2263 1098 2312 vaticinantium
1106 2262 1228 2312 ¹'erat
1243 2279 1356 2328 pro-

231 2329 412 2392 prium,
445 2338 502 2377 ut
535 2344 634 2377 non
667 2327 762 2376 nisi
801 2327 944 2376 inviti
984 2337 1034 2376 et
1065 2327 1360 2376 reluctantes

233 2393 382 2442 deum
399 2392 703 2456 reciperent:
724 2408 838 2440 nam
853 2391 1051 2440 Silenus
1069 2392 1131 2440 ad
1148 2391 1364 2440 carmina

233 2473 322 2506 m
361 2457 615 2506 recitanda
653 2472 753 2504 non
789 2456 884 2505 nisi
925 2456 1110 2504 invitus
1147 2455 1360 2513 accedit3

233 2521 402 2584 itaque
422 2519 474 2569 vi
667 2531 688 2569 t
719 2536 832 2568 eum
865 2521 1040 2584 Satyri.
1099 2524 1258 2569 Somno
1276 2522 1360 2584 ja-

233 2595 408 2633 centem
423 2605 440 2632 .·
489 2603 522 2632 κ
627 2585 772 2632 ὕπνον
809 2582 1171 2641 κατακλιθέντα,
1213 2585 1359 2648 Soph.

235 2649 444 2697 Pln'loct.
470 2651 550 2696 ³0.

303 2715 378 2761 1⁵.
413 2715 665 2774 Inflatum.-
699 2727 850 2761 venas
879 2713 1140 2761 habentem
1171 2712 1362 2761 inflatas

233 2787 286 2825 et
307 2777 530 2840 turgidas
557 2791 620 2824 ex
641 2776 876 2825 ebrietate
893 2776 1131 2840 pridiana.
1185 2779 1362 2834 Iaccho,

233 2857 390 2890 numu
412 2857 478 2890 ex
503 2838 684 2888 Bacchi
707 2840 1000 2897 nominibus,
1022 2856 1114 2904 pro
1136 2839 1264 2888 vino.

305 2907 380 2953 16.
415 2909 554 2954 Serta
577 2907 741 2966 procul
769 2913 947 2952 tantum
972 2908 1130 2966 capiti.
1168 2905 1280 2952 Hoc
1311 2905 1364 2952 in

233 2969 344 3017 Ιοοο
373 2985 454 3018 me
485 2969 645 3017 adhuc
674 2968 860 3016 haerere
887 2969 1054 3026 fateor,
1079 2984 1183 3026 nec,
1203 2971 1367 3030 procul

236 3041 416 3082 tutu·
436 3032 680 3097 quomodo
705 3035 832 3080 bene
848 3033 990 3096 jungi
1011 3032 1180 3097 possit,
1205 3033 1360 3080 video.

243 3099 436 3146 Tmu-
475 3100 666 3158 ἄεισμα
701 3099 932 3159 iungunt,
971 3106 1022 3145 et
1061 3099 1364 3145 tantummodo

399 3172 493 3210 unt
525 3162 785 3210 Turnebus
825 3170 876 3209 et
912 3161 1098 3210 cerda:
1145 3161 1214 3210 ita
1247 3176 1364 3210 vero

235 3227 478 3288 quomodo
503 3228 666 3287 procul
688 3227 835 3288 jacet,
867 3225 909 3274 si
942 3228 1244 3273 tantummodo
1276 3226 1358 3273 de-

237 3289 374 3354 lapsa
391 3293 538 3338 nint?
577 3289 728 3338 Dicas
741 3292 904 3350 procul
921 3289 1123 3338 relative
1141 3289 1250 3347 dici,
1271 3305 1362 3338 nec

236 3369 430 3418 semper
457 3364 702 3402 remotum
734 3369 792 3400 ac
821 3352 1140 3417 longinquum
1171 3353 1358 3416 signifi-

233 3433 368 3474 carm
405 3417 604 3466 definiri
626 3433 816 3481 quoque
837 3433 894 3466 ac
923 3417 1254 3467 circumscribi
1275 3433 1366 3482 per

233 3483 292 3530 τὸ
321 3491 532 3536 tntum,-
565 3491 622 3530 ut
649 3481 730 3540 sit,
750 3484 924 3542 procul,
949 3497 1060 3530 nem
1097 3498 1125 3530 e
1155 3498 1184 3530 a
1215 3485 1365 3544 capite

233 3555 412 3594 snm
433 3549 642 3607 delapsa,
665 3561 818 3610 prope
839 3555 999 3610 caput.
1093 3556 1144 3594 ta
1167 3546 1364 3594 Servius

233 3611 508 3674 accipiebat
543 3611 660 3658 AEn.
701 3625 748 3666 x,
788 3612 898 3668 835,
937 3614 1130 3658 Arboris
1175 3613 1364 3658 acclinis

233 3683 422 3722 muco.-
453 3677 622 3735 procul
647 3690 770 3722 aerea
792 3679 934 3722 ramis
955 3677 1193 3736 Dependet
1209 3679 1360 3737 galea.

236 3739 316 3786 Ita
333 3748 464 3786 nerea
473 3738 866 3800 procul-iacebant
880 3758 898 3791 ‚-
928 3754 1040 3786 cum
1058 3737 1366 3787 restrictione

235 3813 416 3858 tamen,
440 3817 588 3864 quam
610 3811 800 3858 vocant,
823 3811 880 3850 ut
900 3811 1065 3850 essent
1085 3807 1231 3863 capita·
1259 3810 1363 3850 tan-

236 3876 330 3914 tu-
371 3869 580 3926 Μαρια.
651 3865 838 3914 Vertun
876 3865 1023 3914 etiam
1059 3867 1162 3914 haec
1197 3868 1367 3928 jejuna

233 3940 364 3988 sunt,
391 3939 442 3978 et
463 3929 638 3992 quovis
658 3930 788 3977 bono
807 3939 952 3994 poeta
973 3929 1200 3992 indigum
1237 3930 1364 4005 quod

231 4010 410 4042 mnis
425 4008 672 4056 quemque
689 4009 807 4042 suus
823 3993 1028 4043 docebit.
1079 3995 1186 4042 Nec
1203 4009 1365 4042 minus

230 4067 402 4107 coacta
431 4069 564 4115 aunt,
593 4057 634 4106 si
667 4057 998 4133 inter-pungas,
1023 4063 1160 4108 Serta
1185 4063 1360 4120 procul.

238 4125 436 4171 Tantus·
459 4125 635 4183 capiti.-
663 4131 749 4170 aut
767 4139 810 4170 st
835 4121 904 4171 ita
916 4125 1184 4186 jungantur
1205 4123 1364 4180 verba,

231 4190 388 4234 cidere
414 4186 666 4248 jacentem,
709 4189 930 4246 ἔιυίαειιω.
1007 4189 1202 4234 Tantum
1241 4195 1367 4235 serta

229 4255 380 4313 capiti
397 4253 594 4312 delapsa
605 4251 994 4313 procuijacaebanae
1005 4270 1022 4304 ,⁶
1047 4261 1102 4299 ut
1123 4251 1227 4298 Ecl.
1249 4250 1300 4308 ii,
1317 4253 1361 4309 3,

237 4317 440 4364 Tanta-t
483 4318 606 4362 ister
649 4317 829 4372 densas,
869 4319 1078 4364 umbrosa
1115 4318 1364 4370 cacumina,

217 4379 361 4492 {3¹05
400 4381 587 4426 assidue
626 4381 834 4426 veniebat
843 4399 860 4432 ‚-
906 4389 962 4427 ut
1001 4378 1366 4443 supprimantur

305 4443 436 4505 'qum
462 4442 648 4491 scilicet
672 4459 756 4491 eos
789 4442 860 4491 illi
883 4443 988 4501 soli,
1015 4443 1260 4492 neminem
1283 4459 1363 4490 co·

1427 1751 1611 1808 mitem,
1637 1751 1824 1799 nullum
1848 1751 2071 1800 Faunum
2096 1754 2175 1802 vel
2197 1753 2438 1818 Satyrum,
2464 1758 2549 1805 ha-

1427 1814 1577 1872 benti,
1600 1815 1955 1878 supervenisse,
1980 1825 2034 1865 ut
2055 1816 2176 1864 adeo
2198 1817 2383 1866 vincire
2410 1822 2554 1868 sertis

1425 1879 1689 1942 potuerint.
1734 1879 1946 1927 Tantum
1961 1890 2091 1928 serta
2108 1895 2137 1928 a
2156 1881 2315 1944 capite
2331 1884 2550 1946 penden-

1426 1943 1496 1990 tia
1529 1952 1582 1991 et
1616 1944 1875 1992 cantharus
1910 1959 2021 1992 cum
2057 1960 2115 1992 eo
2150 1957 2303 1993 erant.
2372 1947 2553 1996 Melior

1427 2006 1553 2054 ratio
1576 2007 1767 2054 videtur
1797 2008 1857 2054 ad
1890 2009 2110 2056 Graecam
2142 2009 2379 2058 rationem
2404 2009 2551 2058 refin-

1426 2085 1570 2134 gere3
1606 2070 1689 2128 ita,
1714 2080 1798 2119 aut
1826 2081 1957 2120 esset
1981 2070 2215 2134 πόῤῥωθεν
2244 2073 2373 2132 ὅσον,
2400 2084 2454 2122 ut
2476 2091 2553 2140 ap.

1427 2135 1631 2183 Tbeocr.
1658 2135 1689 2194 i,
1710 2139 1801 2192 453
1834 2147 1921 2184 aut
1940 2139 2062 2194 τῆλε
2084 2135 2243 2194 τόσον,
2264 2140 2387 2195 τῆλε
2408 2140 2552 2197 τοῖον,

1426 2207 1480 2247 ut
1497 2198 1563 2246 sit
1581 2201 1819 2248 δεικτικῶς
1834 2200 2031 2257 dictum,
2047 2216 2157 2248 cum
2174 2211 2327 2264 gestu,
2350 2211 2406 2250 ut
2426 2219 2556 2268 saepe

1428 2263 1748 2312 Homericum
1770 2265 1902 2312 τοῖον
1920 2264 1996 2312 vel
2015 2263 2175 2322 τόσον,
2192 2281 2234 2313 ν.
2251 2282 2291 2314 e.
2318 2267 2490 2330 Odyss.
2511 2287 2552 2326 ο,

1426 2329 1537 2383 404,
1562 2329 1672 2385 450,
1696 2329 1743 2375 h.
1769 2343 1810 2376 e.
1835 2329 2093 2386 tantillum,
2120 2345 2215 2377 non
2240 2330 2360 2378 adeo
2389 2331 2549 2395 longe,

1462 2391 1711 2439 aullulum.
1784 2395 1941 2454 capiti
1982 2409 2087 2441 esse
2128 2409 2159 2440 a
2196 2394 2368 2457 capite,
2409 2410 2554 2444 nemo

1461 2455 1631 2514 ubitet‚
1670 2457 1840 2504 Graece
1875 2456 2087 2504 dictum:
2126 2457 2275 2506 Silius
2308 2457 2408 2516 xvi,
2442 2461 2552 2517 468,

1427 2523 1569 2567 veluti
1591 2523 1779 2581 delapsa
1799 2537 1963 2568 corona
1992 2523 2035 2568 V
2032 2524 2190 2570 ictor-is
2210 2525 2355 2582 capiti
2364 2520 2505 2582 soret.
2550 2517 2575 2584 ,⁸

1497 2583 1569 2634 17.
1611 2586 1778 2631 Gravis
1812 2588 2073 2642 cantharus,
2110 2600 2196 2632 vas
2232 2599 2464 2658 magnum
2503 2591 2553 2634 et

1426 2663 1594 2711 capax.
1666 2648 1797 2696 Nam
1824 2651 2069 2710 pendebat,
2104 2665 2170 2696 sc.
2206 2649 2550 2712 semisupinus,

1428 2720 1615 2760 tantum
1654 2727 1751 2759 non
1793 2727 2004 2761 eversus.
2078 2716 2275 2771 Attrita,
2312 2713 2555 2776 frequenti

1429 2790 1535 2823 usu.
1610 2775 1833 2823 Variavit
1860 2791 1965 2824 rem
1996 2785 2165 2824 auctor
2196 2777 2411 2842 Epithal.
2446 2780 2551 2827 Au-

1428 2839 1597 2903 spicii:
1635 2842 1755 2888 Ecce
1780 2848 1918 2901 pater
1942 2843 2097 2901 pando
2127 2845 2347 2890 recubam
2374 2845 2555 2892 Silenus

1428 2906 1568 2951 asello
1582 2922 1599 2958 ,·
1644 2907 1733 2952 Cm’
1764 2906 1887 2951 lacer
1920 2921 1949 2951 a
1980 2921 2148 2952 summo
2178 2909 2404 2966 pendebat
2443 2924 2551 2956 can-

1429 2971 1591 3015 tharus
1612 2983 1749 3016 armo.

1497 3032 1571 3078 18.
1608 3035 1752 3080 Ambo
1774 3041 1825 3079 et
1845 3035 1934 3081 duo
1950 3047 2079 3096 soepe
2102 3033 2233 3096 apud
2254 3041 2443 3082 veteres
2463 3050 2553 3098 pro

1428 3099 1580 3144 ambos
1602 3106 1652 3144 et
1672 3099 1785 3144 duce
1806 3107 2118 3161 usurpantur.
2548 3133 2554 3142 .

1506 3161 1579 3208 19.
1636 3163 1859 3208 Vincula.-
1907 3169 2097 3224 spectat
2127 3162 2188 3210 ad
2226 3171 2389 3210 notam
2425 3162 2552 3210 anti-

1427 3223 1627 3286 quitatis
1657 3224 1952 3287 opinionem,
1981 3235 2131 3283 vates,
2156 3227 2239 3289 qui
2268 3242 2443 3276 canere
2474 3243 2551 3276 re-

1426 3298 1613 3346 cusent,
1635 3304 1724 3351 per
1746 3289 1941 3338 vincula
1962 3290 2023 3337 ad
2046 3290 2097 3339 id
2120 3291 2225 3354 cogi
2250 3307 2408 3355 posse.

1493 3355 1572 3410 21,
1610 3355 1686 3400 22.
1739 3356 1929 3415 Jamque
1968 3357 2155 3412 videnti,
2198 3357 2552 3430 expergefacto.

1430 3418 1640 3466 Causam
1696 3417 1929 3481 pingendi
1984 3419 2193 3468 afferunt
2242 3435 2345 3468 sive
2387 3422 2553 3482 jocum

1429 3497 1484 3529 ac
1545 3481 1893 3545 petulantiam3
1958 3483 2061 3532 sive
2120 3485 2368 3541 honorem,
2426 3484 2556 3546 quod

1429 3545 1767 3608 antiquissimo
1802 3563 1951 3604 more,
1992 3547 2075 3610 qui
2108 3547 2339 3610 deinceps
2374 3547 2427 3594 in
2460 3547 2556 3594 diis

1429 3610 1703 3670 agrestibus
1728 3609 1998 3672 perstitisse
2027 3609 2233 3666 videtur,
2256 3611 2457 3657 deorum
2486 3610 2551 3656 si·-

1429 3672 1679 3719 mulacbra
1704 3672 1858 3719 minio
1883 3672 2228 3735 pingerentur:
2273 3672 2331 3720 cf.
2367 3673 2472 3720 Ecl.
2506 3689 2554 3730 x,

1431 3737 1507 3786 27.
1585 3735 1949 3784 Praeferendum
2016 3735 2169 3800 prius,
2236 3735 2557 3800 petulantiam

1433 3801 1479 3848 N
1483 3801 1677 3864 ymphae
1700 3800 2037 3864 representari.

1496 3867 1572 3912 24.
1610 3868 1737 3914 Satis
1767 3873 1835 3912 est
1866 3869 2069 3926 potuisse
2098 3869 2258 3922 videri,
2296 3875 2353 3912 ut
2390 3865 2552 3914 videa-

1430 3929 1552 3977 mini
1585 3945 1663 3977 me
1696 3929 1880 3977 vincire
1920 3929 2150 3993 potuisse.
2220 3929 2433 3977 Pe'titum
2468 3945 2553 3978 au-

1430 4003 1526 4040 tem
1560 3994 1665 4051 hoc,
1690 4003 1745 4041 ut
1778 3993 1959 4042 vincire
1992 3994 2173 4041 vellent
2196 3993 2429 4050 Silenum,
2460 4009 2556 4057 quo

1429 4057 1490 4114 ad
1516 4057 1789 4106 canendum
1812 4057 1939 4118 quod
1962 4057 2145 4104 vellent
2170 4072 2281 4106 eum
2310 4069 2554 4120 cogerent,

1432 4121 1494 4169 ab
1533 4137 1592 4168 eo
1630 4121 1757 4184 quod
1793 4122 1853 4168 de
1893 4121 2084 4168 vatibus
2118 4122 2375 4170 memorari
2414 4123 2553 4180 solet,

1431 4185 1514 4248 qui
1547 4187 1897 4249 repugnabant,
1936 4182 2166 4232 nolebant
2198 4184 2399 4248 κάτοχοι
2432 4187 2555 4242 fieri,

1429 4250 1522 4297 deo
1554 4249 1621 4296 im
1658 4248 1763 4297 leri.
1834 4249 2019 4295 Notum
2050 4248 2111 4295 de
2140 4249 2329 4312 Pythia.
2399 4250 2557 4298 Furor

1433 4312 1565 4362 enim
1595 4312 1631 4360 il
1650 4329 1693 4368 e,
1727 4311 1809 4373 qui
1841 4321 2055 4360 mentem
2085 4324 2302 4378 occupat,
2337 4329 2361 4360 s
2396 4329 2556 4363 asmos

1431 4377 1563 4424 haud
1583 4376 1851 4425 mediocres
1866 4375 2037 4426 afferre
2054 4378 2337 4441 corporibus
2388 4378 2552 4425 ebuit:

1433 4441 1492 4488 cs.
1533 4441 1646 4488 AEn.
1682 4439 1744 4498 vi,
1774 4441 1835 4492 47
1873 4456 1973 4504 sqq.
2046 4441 2169 4490 Inde
2201 4441 2347 4490 etiam
2376 4441 2429 4488 in
2460 4441 2554 4488 diis
