3050 4934
1086 271 1537 340 ECLOGA
1586 274 1721 339 IX.'
2475 276 2564 340 49

831 820 1282 886 ECLOGA
1329 821 1465 884 IX.
1561 821 1966 886 MOERIS.

1093 1069 1707 1118 ARGUMENTUM.

239 1182 318 1230 Ad
355 1184 529 1231 urbem
567 1183 822 1232 Mantuam
855 1183 1074 1231 haedulos
1107 1183 1384 1248 deportanti
1414 1183 1579 1242 Moeri,
1609 1183 1787 1241 villico,
1817 1183 1925 1245 (qui
1956 1183 2182 1232 homines
2212 1193 2263 1232 et
2297 1185 2391 1250 ipsi
2429 1187 2558 1234 servi

297 1273 458 1320 erant,
476 1263 572 1310 vid.
592 1263 698 1310 Ecl.
715 1263 748 1320 i,
767 1264 830 1310 28
841 1282 854 1318 3
878 1261 982 1311 Cic.
997 1263 1140 1312 Verr.
1157 1263 1226 1322 iii,
1244 1264 1348 1325 5⁰,)
1365 1263 1589 1326 adJungit
1609 1279 1662 1312 se
1686 1263 1737 1311 in
1756 1263 1932 1312 itinere
1954 1263 2176 1327 Lycidas,
2193 1273 2336 1313 aetate
2353 1265 2558 1313 florente

297 1353 484 1405 pastor,
505 1351 560 1390 et
578 1343 850 1391 canninum
875 1342 1040 1391 studio
1064 1343 1302 1406 flagi-ann
1339 1359 1368 1391 a
1387 1359 1484 1406 quo
1501 1344 1596 1392 vioe
1617 1359 1813 1392 causam
1836 1355 2034 1407 rogatus
2056 1345 2231 1394 Moeris
2250 1345 2552 1394 calamitates

302 1437 436 1479 aas,
459 1421 743 1486 dominique
767 1423 1009 1472 Menalca
1030 1422 1234 1486 injurias
1261 1439 1316 1472 ac
1342 1421 1575 1487 pericula,
1602 1424 1733 1472 inter
1755 1423 1986 1481 eundum,
2019 1424 2071 1473 id
2098 1425 2231 1486 quod
2257 1425 2561 1488 aliquantum

295 1502 624 1562 joeunditatis
659 1503 818 1560 habet,
854 1511 1227 1552 commemorat:
1263 1519 1471 1566 cumque
1507 1519 1668 1552 sermo
1702 1504 1763 1552 ad
1798 1503 2039 1552 Menalcae
2074 1503 2291 1552 carmina
2326 1503 2564 1552 deductus

303 1592 452 1639 esset,
474 1581 652 1630 recitat
671 1591 876 1645 uterque
897 1582 1134 1630 nonnulla
1155 1599 1218 1631 ex
1241 1582 1303 1631 iis
1325 1583 1595 1646 fragmenta
1619 1599 1675 1631 ac
1698 1583 1844 1641 locos,
1870 1583 1952 1646 qui
1976 1583 2077 1631 fere
2107 1599 2134 1631 e
2158 1583 2420 1632 Theocrito
2442 1599 2559 1632 con-

302 1661 436 1708 versi
459 1669 590 1718 mut,
610 1661 686 1709 uti
707 1669 808 1709 tota
829 1661 1062 1710 carminis
1083 1662 1236 1710 forma
1259 1677 1320 1710 ex
1343 1665 1449 1724 ejus
1476 1662 1656 1726 ldyuio
1679 1663 1889 1726 septimo
1911 1663 2058 1711 ducta
2080 1673 2167 1712 est.

241 1739 426 1789 Totum
455 1756 658 1790 carmen
686 1741 750 1788 ad
769 1749 960 1789 certum
990 1749 1152 1806 poetae
1175 1742 1435 1790 consilium
1461 1741 1799 1805 compositum,
1835 1745 2049 1805 ejusque,
2074 1745 2165 1792 sub
2194 1743 2436 1791 Menalcae
2465 1759 2556 1793 no·-

305 1821 456 1880 mine,
475 1821 722 1869 fortunm
745 1835 802 1868 ac
826 1830 1102 1884 temporum
1123 1821 1450 1870 calamitatem
1473 1821 1526 1870 in
1551 1837 1610 1870 eo
1634 1821 1971 1870 adumbratam
2002 1838 2122 1881 esse,
2148 1823 2461 1872 manifestum
2487 1824 2559 1871 fit.

305 1901 564 1964 Virgilius,
583 1916 697 1948 cum
714 1915 845 1949 anno
867 1901 930 1948 U.
947 1901 1001 1948 C.
1025 1901 1120 1952 713
1144 1901 1247 1964 agri
1273 1901 1535 1950 Mantuani
1558 1918 1588 1950 a
1603 1901 1861 1960 veteranis,
1882 1903 2058 1965 quibus
2081 1903 2437 1950 Cremonenses
2461 1918 2561 1950 non

301 1981 597 2038 sufficerent,
619 1989 989 2045 occuparentur,
1014 1981 1225 2044 agellum
1247 1997 1390 2030 suum
1413 1981 1655 2030 beneficio
1678 1981 1953 2040 Octaviani,
1978 1997 2070 2046 pro
2092 1997 2189 2045 quo
2212 1982 2381 2045 ecloga
2402 1982 2563 2046 prima

301 2062 516 2124 gratiam
537 2059 722 2120 retulit,
745 2060 906 2124 primo
927 2061 1124 2123 quidem
1145 2061 1436 2118 obtinuerat,
1462 2061 1691 2124 illiusque
1724 2061 2111 2110 incolumitatem
2140 2063 2243 2110 fore
2271 2071 2562 2126 perpetuam

305 2141 456 2190 vicini
489 2140 816 2200 crediderant,
845 2156 890 2188 v.
916 2140 1090 2192 7—10.
1159 2141 1258 2190 Sed
1289 2157 1389 2208 non
1421 2141 1490 2190 ita
1515 2141 1670 2190 multo
1698 2151 1813 2206 post
1836 2157 1867 2190 a
1894 2142 2132 2192 militibus
2158 2142 2270 2199 illis,
2300 2141 2561 2191 Octaviani

303 2221 452 2270 etiam
467 2224 611 2284 juta
631 2221 988 2285 spernentibus,
1012 2221 1170 2270 inscio
1189 2231 1412 2288 patrono,
1435 2221 1825 2286 possessionibus
1848 2222 1964 2280 suis,
1989 2238 2089 2270 non
2111 2222 2219 2270 sine
2242 2237 2421 2286 magno
2444 2223 2559 2271 vitae

304 2301 542 2366 periculo,
565 2303 749 2363 ejectus
771 2309 860 2358 eet,
885 2301 1027 2358 2-4,
1058 2301 1130 2348 16.
1178 2301 1280 2349 Sua
1297 2301 1449 2364 igitur
1471 2311 1526 2349 ut
1547 2311 1875 2366 recuperaret,
1900 2302 2175 2367 composuit
2192 2302 2318 2350 hanc
2342 2302 2561 2365 eclogam

305 2381 466 2430 Maro.
537 2381 663 2429 Haec
681 2379 724 2429 si
745 2395 917 2444 ponas,
941 2389 992 2428 et
1009 2395 1098 2428 cur
1115 2381 1329 2428 maxima
1347 2395 1460 2444 pars
1485 2381 1679 2444 eclogae,
1710 2383 1914 2439 19-50,
1941 2381 1993 2428 in
2016 2381 2241 2430 laudibus
2264 2383 2563 2446 praestantiae

303 2477 514 2526 poeseos
538 2461 780 2510 Menalca
799 2469 1035 2517 versemr,
1061 2469 1112 2508 et
1131 2475 1221 2508 cur
1241 2461 1514 2509 Octaviano
1544 2461 1629 2508 ille
1652 2462 1896 2510 Caeaarem
1917 2461 2048 2510 inter
2070 2461 2188 2510 deos
2208 2461 2457 2510 beneficos
2481 2477 2557 2510 re-

304 2541 511 2590 ferendo
527 2539 766 2599 aduletur,
787 2555 833 2588 v.
857 2538 938 2597 47,
961 2549 1014 2588 et
1035 2540 1156 2588 Vari
1178 2539 1326 2588 etiam
1345 2540 1558 2603 gratiam
1578 2550 1777 2602 quaerat,
1802 2558 1848 2590 v.
1874 2541 1951 2600 27,
1974 2549 2151 2605 sponte
2174 2529 2374 2605 patebit.

161 2629 174 2638 ‘
249 2622 480 2670 Carmina
499 2621 610 2684 ipsa
623 2635 733 2682 que
754 2619 944 2668 intexta
962 2627 1092 2678 sunt,
1116 2635 1321 2669 numero
1343 2629 1565 2683 quatuor,
1590 2630 1707 2669 sunt
1726 2621 1907 2686 partim
1928 2638 1956 2670 e
1979 2621 2243 2670 Theocrito
2262 2637 2419 2678 versa,
2443 2636 2556 2684 par-

305 2702 394 2750 tim
417 2700 484 2749 ad
509 2710 785 2763 temporum
811 2698 1142 2748 conditionem
1165 2700 1542 2760 accommodata,
1567 2715 1611 2749 v.
1637 2701 1701 2748 46
1723 2717 1823 2765 sqq.
1894 2701 2093 2766 Lycidae
2114 2701 2255 2766 pueri
2275 2700 2491 2750 studium
2514 2709 2564 2749 et

305 2781 552 2846 cupiditas
573 2779 802 2828 audiendi
825 2779 1050 2838 delectat,
1075 2780 1138 2828 56
1158 2795 1259 2843 sqq.
1320 2779 1539 2829 Omnino
1559 2797 1756 2829 carmen
1777 2782 2003 2846 spiritum
2032 2782 2255 2831 Maronis
2276 2792 2327 2831 et
2347 2781 2559 2844 dig-nita-

303 2871 402 2909 tem
425 2860 620 2926 epicam
643 2859 832 2923 prodit3
861 2859 952 2909 etsi
976 2859 1028 2908 in
1047 2875 1239 2910 summa
1256 2860 1531 2924 argumenti
1556 2859 1781 2923 equidem
1803 2877 1901 2909 non
1931 2861 2141 2920 multum
2163 2862 2349 2925 ingenii
2372 2877 2547 2925 agnos-

305 2956 427 2990 am.

1037 3173 1405 3222 LYCIDAS.
1477 3173 1771 3222 MOERIS.

1273 3349 1528 3396 chmas.

408 3447 590 3535 Quo
617 3473 707 3537 te,
741 3459 964 3535 Moeri,
995 3458 1244 3544 pedes?
1290 3482 1395 3536 an,
1427 3481 1560 3544 quo
1589 3461 1691 3524 via
1718 3461 1923 3535 ducit,
1956 3462 2021 3522 in
2052 3463 2323 3523 urbem?

413 3561 631 3626 Muza.
683 3560 748 3625 O
781 3559 1054 3646 Lycida,
1086 3561 1209 3624 vivi
1241 3562 1675 3646 pervenimuS,
1707 3561 1957 3624 advena
1986 3560 2216 3632 nostri,

413 3663 621 3736 Quod
650 3683 982 3745 nunquam
1012 3663 1198 3726 veriti
1229 3683 1476 3739 sumuS,
1507 3671 1585 3723 ut
1612 3675 1955 3742 possessor
1984 3655 2177 3737 agelli

417 3762 727 3828 Diceret:
775 3761 944 3826 Haec
975 3784 1118 3826 mea
1148 3774 1334 3826 sunt:
1382 3772 1636 3826 veteres
1665 3757 1937 3839 migrate
1968 3753 2201 3820 coloni.

327 3867 374 3926 5
415 3863 616 3928 Nunc
645 3863 818 3940 victi,
851 3862 1095 3940 tristeS,
1128 3865 1430 3947 quoniam
1461 3862 1625 3924 Fors
1658 3859 1869 3922 omnia
1900 3869 2139 3936 versat,

419 3963 568 4029 Hos
593 3963 686 4028 illi
716 3963 916 4048 (quod
947 3987 1070 4029 nec
1099 3965 1266 4030 bene
1298 3961 1531 4042 vertat)
1560 3960 1871 4024 mittimus
1900 3959 2152 4023 haedos.

303 4187 350 4232 1.
389 4184 570 4232 Forma
597 4184 748 4232 ducta
777 4198 806 4231 e
828 4183 1032 4232 'l'heoen
1061 4183 1146 4240 vii,
1174 4183 1232 4228 21
1262 4193 1362 4242 sqq.
1431 4178 1613 4237 afflicti,
1638 4178 1813 4241 quibus
1837 4176 1905 4234 id,
1937 4175 2065 4238 quod
2090 4175 2233 4224 victis
2259 4176 2455 4224 evenire
2480 4193 2559 4225 so-

235 4245 270 4312 ᾇ
301 4247 450 4297 πόθος
485 4245 620 4307 ὅταν,
657 4247 866 4296 Theocr.
903 4247 1001 4304 xiv,
1039 4249 1116 4294 42.
1202 4247 1364 4301 Pedes,
1431 4243 1513 4301 let,
1546 4242 1801 4304 contingit,
1828 4249 1887 4288 ut
1914 4240 2091 4288 fundos
2120 4240 2360 4288 amittant.
2432 4243 2567 4293 Quod

235 4313 342 4361 teil.
367 4313 572 4360 doeunt.
1432 4323 1514 4355 nee
1549 4311 1657 4355 bene
1688 4313 1870 4353 vertat.-
1916 4304 2045 4366 quod
2078 4305 2205 4354 male
2240 4305 2285 4353 ei
2323 4305 2414 4360 sit;
2449 4319 2563 4352 cum

301 4376 452 4423 ’ἐμ-6.
493 4377 598 4423 Vini
625 4379 924 4437 perveni-se,
947 4374 1050 4424 scil.
1075 4389 1148 4431 eo,
1179 4380 1232 4420 ot
1259 4387 1364 4434 poae-
1433 4371 1784 4434 imprecatione
1808 4368 1921 4415 novi
1954 4369 2075 4424 heri,
2099 4370 2180 4418 cui
2207 4369 2335 4418 hoedi
2362 4385 2424 4417 ex
2445 4384 2563 4431 agro

233 4441 576 4488 mnam
589 4442 731 4500 agelli
744 4441 930 4488 diceret.
973 4441 1110 4496 Victi,
1130 4436 1366 4501 oppressi,
1434 4435 1486 4482 in
1509 4436 1681 4482 urbem
1704 4432 1993 4496 apportandi
2012 4443 2140 4482 sunt.

1391 4512 1426 4546 ιι
