3050 4934
1170 246 1512 313 LIBER
1561 248 1739 314 VII.

551 393 644 458 Et
674 407 738 459 te
770 407 1086 461 montosae
1114 399 1347 462 misere
1372 400 1441 461 in
1476 398 1708 481 proelia
1741 399 1999 476 Nersae,

284 492 325 555 7
329 493 417 556 45
464 493 696 573 Ufens,
728 497 1047 580 insignem
1076 497 1245 561 fama
1274 509 1342 562 et
1371 497 1666 568 felicibus
1697 501 1927 564 armis:

458 598 753 665 Horrida
782 603 1113 685 praa-cipue
1136 603 1241 667 cui
1266 625 1451 686 gens,
1484 617 1877 689 assuetaque
1907 605 2111 668 multo

460 701 727 766 Venatu
757 725 1111 782 nemorum,
1142 704 1325 768 duris
1352 705 1709 789 AEquicula
1736 705 1966 790 glebis.

456 799 711 868 Armati
743 815 985 870 terram
1014 817 1348 882 exercent,
1382 792 1769 890 semperque
1799 819 2097 872 recentes

458 905 859 970 convectare
882 908 1070 990 juvat
1100 908 1384 990 praedas,
1415 917 1483 972 et
1512 909 1728 971 vivere
1758 917 1970 991 rapto·

283 1004 413 1068 750
543 1006 725 1079 Quin
750 1018 820 1071 et
849 1007 1193 1071 Marrubia
1222 1009 1398 1072 venit
1428 1008 1513 1071 de
1542 1018 1738 1092 gente
1771 1010 2100 1085 sacerdos,

454 1106 715 1172 Fronde
748 1131 949 1193 super
977 1107 1228 1192 galeam
1257 1119 1325 1172 et
1352 1107 1523 1173 felici
1554 1119 1803 1172 comtus
1837 1108 2023 1185 oliva,

458 1205 781 1293 Archippi
811 1211 983 1293 regis
1014 1211 1238 1285 missu,
1266 1209 1655 1272 fortissimus
1686 1209 1972 1286 Umbr0;

452 1307 741 1393 Vipereo
769 1312 995 1394 generi
1022 1321 1091 1374 et
1119 1310 1404 1393 graviter
1435 1311 1834 1393 spirantibus
1865 1308 2092 1393 hydris

450 1410 778 1495 Spargere
806 1413 919 1496 qui
952 1407 1210 1476 somnos
1242 1421 1567 1493 cantuque
1598 1431 1921 1493 manuque
1953 1410 2226 1489 solebat,

277 1510 316 1573 7
320 1512 406 1575 55
450 1511 921 1596 Mulcebatque
949 1512 1103 1588 iras,
1137 1521 1205 1576 et
1232 1533 1488 1575 morsus
1518 1523 1660 1575 arte
1691 1510 1968 1574 levabat.

448 1613 584 1676 Sed
613 1635 742 1677 non
774 1613 1135 1677 Dardania}
1156 1613 1463 1676 medicari
1493 1612 1786 1696 cuspidis
1817 1614 2014 1676 ictum

449 1712 750 1791 Evaluit3
796 1735 1007 1797 neque
1036 1735 1185 1777 eum
1207 1714 1439 1797 juvere
1467 1714 1534 1776 in
1564 1711 1828 1776 vulnera
1858 1724 2087 1777 cantus

448 1813 814 1891 Somniferi,
846 1823 914 1878 et
944 1814 1186 1877 Marsis
1218 1815 1511 1898 quaesitae
1541 1815 1866 1877 montibus
1907 1814 2154 1878 herbae.

446 1913 550 1979 Te
582 1937 807 1979 nemus
840 1913 1195 1998 Angustiae,
1229 1916 1433 1981 vitrea
1463 1926 1528 1980 te
1561 1914 1848 1980 Fucinus
1879 1917 2078 1992 unda,

273 2017 403 2082 760
446 2016 550 2082 Te
580 2015 809 2101 liquidi
838 2017 1075 2081 flevere
1104 2015 1307 2081 lacus.

530 2119 681 2184 Ibat
708 2129 778 2182 et
808 2117 1152 2202 Hippolyti
1182 2117 1399 2202 proles
1432 2118 1866 2202 pulcherrima
1895 2119 2068 2183 bello

406 2228 418 2243 “
444 2220 752 2297 Virbius;
798 2221 1116 2303 insignem
1144 2241 1337 2302 quem
1366 2230 1574 2284 mater
1602 2217 1826 2283 Aricia
1855 2222 2049 2297 misit,

445 2320 779 2385 Eduetum
809 2320 1073 2403 Egerioe
1100 2318 1287 2397 lucis,
1317 2320 1654 2385 humentia
1681 2322 1922 2385 circum

448 2421 725 2500 Littora,
756 2422 1016 2506 pinguis
1046 2421 1160 2484 ubi
1190 2431 1259 2484 et
1286 2419 1622 2505 placabilis
1651 2445 1764 2486 ara
1796 2422 2052 2486 Dianae.

270 2525 399 2587 765
441 2522 744 2607 Namque
776 2523 995 2588 ferunt
1022 2518 1193 2586 fama
1223 2520 1679 2606 Hippolytum,
1711 2533 2058 2607 postquam
2089 2537 2228 2588 arte
2257 2548 2554 2591 novercae

334 2743 607 2794 744—749.
644 2743 925 2804 Sequuntur
943 2745 1089 2804 AEqm'
1112 2742 1188 2790 vel
1220 2743 1386 2803 AEqui-

265 2809 373 2862 culi,
399 2806 481 2869 qui
504 2807 565 2854 ad
588 2815 841 2868 utramque
874 2805 1084 2854 Anienis
1112 2805 1271 2870 ripam
1300 2807 1386 2854 ha-

263 2871 496 2920 bitarunt.
533 2871 783 2936 Oppidum
801 2885 967 2918 eorum
988 2872 1246 2918 obscurum
1264 2873 1385 2918 Ner-

262 2953 354 3054 312
388 2935 1253 3063 fflaewwfflffff’.
1282 2950 1386 3061 ,ἐς

264 3063 367 3112 tiva
383 3064 560 3125 forma)
582 3067 714 3112 daris
725 3066 888 3126 glebis,
912 3063 991 3112 cui
1013 3073 1089 3112 est
1110 3079 1225 3127 ager
1246 3079 1391 3128 asper

262 3137 317 3180 et
332 3137 473 3176 aratu
489 3127 713 3186 difficilis,
733 3128 949 3177 declarat
958 3137 1139 3190 gentem
1156 3131 1389 3176 horridam

262 3201 311 3241 et
332 3197 517 3241 venatui
538 3193 766 3242 deditam.
826 3193 961 3240 Hinc
984 3191 1129 3241 etiam
1154 3201 1292 3256 rapto
1314 3191 1385 3238 vi—

262 3259 441 3306 vebant
461 3273 575 3306 cum
593 3257 723 3306 unde
746 3257 969 3306 viverent
988 3265 1183 3320 partum
1198 3268 1248 3304 et
1265 3271 1381 3303 con-

261 3322 421 3370 ditum
442 3337 541 3370 non
564 3323 829 3370 haberent=
855 3321 914 3369 cf.
938 3321 1005 3380 ix,
1031 3323 1126 3369 609
1148 3335 1250 3382 sqq.
1272 3321 1381 3367 613.

327 3387 599 3437 750—755.
622 3389 915 3434 Merv-abiam
931 3395 1127 3449 gentem
1142 3384 1385 3448 exquisite

260 3451 401 3508 dixit,
420 3451 481 3500 ab
504 3451 625 3500 urbe
644 3451 905 3514 precipua,
929 3465 1020 3514 pro
1046 3453 1231 3499 Marsis.
1272 3449 1380 3497 Du·

258 3516 329 3565 cit
360 3517 452 3564 hos
478 3515 705 3564 sacerdos
746 3517 927 3572 Umbro,
956 3518 1096 3576 cujus
1126 3529 1263 3564 soror
1292 3513 1385 3561 fuit

260 3583 489 3644 Augm‘u'a
523 3580 769 3644 Nympha,
816 3581 955 3642 cujus
1002 3595 1174 3626 nemus
1218 3578 1385 3642 paullo

256 3655 369 3708 post
391 3661 434 3692 v.
468 3643 564 3696 7⁶9
593 3643 818 3692 occurrit.
868 3642 1025 3692 Marsi
1057 3641 1245 3691 nobiles
1278 3658 1380 3690 ser·

256 3718 463 3773 pentum
488 3709 913 3758 incantationibus
974 3707 1273 3755 Umbronem
1303 3724 1381 3754 m—

256 3777 493 3832 cerdotem,
528 3789 673 3836 quam
704 3788 888 3836 regem,
921 3771 1162 3820 adducere
1208 3770 1381 3819 maluit

256 3847 419 3912 poeta,
464 3837 693 3914 quoniam
734 3837 1118 3910 incantationem
1142 3834 1209 3910 ‘ei
1252 3834 1381 3882 fama

255 3902 720 4024 Ξωάε-ῗξπαξ,
734 3917 865 4014 nqp:
880 3900 1035 4014 soli-iga
1054 3910 1241 4029 ἓξὲξ-εἱ
1258 3909 1377 4011 caiz-t..

252 4029 415 4078 monis
436 4045 527 4093 pro
547 4029 719 4078 fironde
738 4030 895 4089 olivae‚
950 4045 1015 4078 ua
1042 4029 1267 4078 sacerdos
1297 4042 1375 4076 or-

252 4103 425 4143 natum
445 4102 595 4158 caput
622 4095 793 4143 habuit
821 4110 886 4157 ap
986 4095 1191 4142 Marsos.
1253 4095 1376 4140 Gra-

248 4163 369 4208 viter
396 4162 695 4220 spirantibus,
722 4159 889 4208 afflatu
920 4158 1220 4207 nocentibus.
1266 4160 1375 4206 Ma-

402 4257 417 4280 ,
434 4222 497 4270 de
514 4231 649 4272 tactu
665 4223 944 4288 accipiatur.
1002 4223 1095 4272 Est
1109 4223 1200 4270 hoc
1221 4237 1377 4284 genus

248 4287 481 4336 domandi
503 4297 554 4336 et
574 4287 799 4352 sepiendi
822 4303 1007 4351 angues
1036 4286 1157 4334 satis
1186 4295 1371 4342 notum,

248 4351 381 4414 quod
404 4367 635 4402 manuum
657 4361 885 4401 contactu
906 4352 974 4400 fit.

316 4415 589 4468 756-760.
625 4417 799 4466 Suavis
820 4417 923 4466 haec
944 4416 1017 4466 rei
1040 4415 1197 4464 serius
1224 4423 1374 4478 geste

1454 2741 1752 2806 anticipatio,
1772 2753 1826 2790 ut
1848 2751 1898 2789 et
1919 2758 2034 2790 mox
2057 2743 2292 2791 orationis
2313 2743 2582 2800 conversio,

1454 2823 1499 2854 v.
1525 2806 1635 2864 759,
1661 2806 1785 2858 760:
1811 2805 1869 2854 cf.
1899 2805 2039 2854 Iliad.
2065 2811 2114 2864 β,
2137 2810 2231 2856 858
2255 2825 2312 2870 sq
2343 2843 2355 2854 .
2399 2811 2458 2856 In
2479 2811 2578 2856 val-

1455 2887 1568 2918 nera
1597 2871 1737 2920 docte
1766 2881 1924 2935 poetoe
1955 2871 2139 2928 dicunt,
2163 2887 2268 2936 pro,
2293 2887 2322 2920 a
2379 2873 2580 2921 vulnera

1454 2936 1682 2984 sananda.
1739 2938 1941 2984 Fucinus
1973 2938 2100 2984 laem
2131 2935 2260 2985 inter
2289 2936 2578 3001 Apennino—

1452 3015 1564 3048 rum
1585 3000 1822 3049 montium
1850 3002 1998 3063 juga3
2043 3001 2108 3048 ad
2139 3015 2284 3063 quem
2316 3004 2444 3050 lacus
2476 3005 2578 3050 Aa·

1448 3068 1615 3126 guma,-
1636 3064 1740 3112 fuit.

1518 3128 1805 3180 ⁷61—764.
1866 3130 1928 3178 In
1967 3147 2142 3179 nemore
2176 3133 2370 3179 Aricino
2416 3130 2578 3180 Diana

1453 3193 1711 3256 peregrino
1743 3209 1877 3242 more
1923 3195 2068 3251 culta,
2100 3211 2248 3257 vquem
2297 3195 2578 3258 Scythicum

1449 3256 1710 3306 ediderunt
1726 3269 1930 3307 veteres.
1974 3260 2035 3307 In
2060 3259 2230 3308 eodem
2255 3270 2353 3308 tem
2389 3259 2438 3308 lo
2469 3262 2574 3307 Vir·-

1450 3325 1552 3368 ba‘as
1571 3322 1714 3370 heros
1731 3321 1960 3386 indigena
1979 3323 2148 3372 divino
2165 3325 2348 3372 honore
2399 3323 2573 3372 abitus.

1450 3385 1596 3434 Maro
1627 3386 1888 3451 Hippolyti
1917 3388 2072 3436 filium
2101 3388 2218 3436 facit
2247 3387 2488 3444 virbium,
2513 3403 2576 3436 ex

1449 3449 1618 3498 Aricia
1647 3452 1863 3515 nympha
1891 3463 2186 3516 susceptum,
2211 3461 2262 3500 et
2291 3452 2342 3499 in
2381 3452 2576 3514 Egeriae

1447 3513 1558 3562 luco
1579 3514 1642 3562 ad
1671 3516 1840 3564 urbem
1873 3516 2092 3564 Ariciam
2123 3516 2396 3562 educatum.
2453 3517 2570 3562 Put-

1448 3581 1672 3626 chern‘ma
1697 3581 1809 3626 bello
1824 3581 2040 3641 ⁸iungunt
2059 3579 2270 3642 interpp.
2299 3579 2432 3640 Ergo
2463 3578 2572 3637 erit,

1450 3641 2364 3764 ‘fisnffiffffissffissffz’tfsstaeisana
2380 3724 2392 3737 .
2408 3640 2573 3756 εἵς

1799 3741 1813 3765 5
2380 3742 2392 3761 s

1444 3781 1608 3819 tamen
1640 3771 1796 3834 magis
1827 3770 1992 3819 malim
2017 3773 2226 3834 ¹jungere
2273 3770 2418 3819 tertio
2463 3771 2570 3820 loco

1446 3839 1562 3884 bello
1583 3838 1818 3898 insignem,
1843 3850 1906 3884 ne
1927 3839 1946 3884 ι’
2007 3839 2018 3850 ’
2171 3835 2356 3884 nudum
2376 3835 2566 3900 frigeat.

1444 3903 1630 3974 Egeria
1653 3899 1760 3948 fons
1783 3911 1832 3948 et
1854 3903 1996 3958 lucus,
2021 3915 2072 3947 in
2095 3915 2190 3962 quo
2213 3899 2446 3948 educatus
2475 3899 2570 3948 fuit

1446 3963 1660 4021 Virbius,
1672 3965 1732 4012 ad
1745 3964 1964 4013 Ariciam
1989 3973 2076 4013 est.
2115 3967 2370 4012 Humentia
2391 3967 2566 4022 littora,

1444 4029 1507 4078 ad
1522 4029 1680 4076 lacum
1691 4028 1966 4087 Aricinum,
1985 4033 2064 4076 abi
2079 4045 2166 4076 ara
2183 4031 2372 4090 pinguis
2393 4037 2440 4077 et
2455 4031 2563 4090 pla-

1444 4095 1609 4141 cabilis
1629 4096 1811 4141 Diana.
1866 4095 1898 4141 J
1903 4095 2048 4154 ejuna
2067 4093 2200 4148 haec3
2235 4108 2326 4140 nec
2349 4092 2566 4156 epitheta

1444 4159 1568 4206 bene
1581 4157 1902 4206 conveniunt:
1938 4173 2025 4206 ara
2037 4157 2081 4206 si
2092 4160 2283 4220 pinguis
2297 4157 2422 4206 bene
2437 4157 2570 4206 dicta

1444 4232 1532 4280 est,
1567 4231 1767 4286 propter
1798 4221 2046 4275 victimasa
2103 4237 2204 4268 non
2237 4221 2408 4270 eadem
2439 4223 2566 4270 bene

1438 4295 1514 4334 est
1551 4288 1812 4347 placabilis,
1852 4285 1940 4334 sed
1981 4285 2144 4334 Diana
2187 4296 2263 4334 est
2297 4285 2562 4350 placabilis.

1440 4349 1622 4398 Saltem
1645 4358 1690 4396 et
1713 4349 1926 4398 deletum
1950 4350 2128 4399 malim.
2533 4397 2546 4408 ‚

1506 4414 1777 4465 765—773.
1833 4417 1949 4462 Arte
1991 4431 2203 4472 novet-cce,
2246 4415 2369 4472 dolo,
2410 4413 2563 4478 τέχνῃ
