3050 4934
951 815 1860 897 AENEIDOS

1108 1146 1446 1210 LIBER
1492 1147 1718 1212 VIII.

1068 1539 1749 1589 ARGUMENTUM.

260 1649 391 1698 Belli
427 1649 623 1714 signum
659 1651 858 1700 Turnus
892 1667 956 1700 ex
995 1651 1232 1700 Laurenti
1269 1667 1381 1700 arce
1416 1652 1661 1717 proponit,
1703 1649 1929 1714 Latiique
1967 1650 2118 1700 totius
2155 1651 2568 1717 finitimarumque

322 1729 520 1779 urbium
549 1730 643 1779 sibi
678 1731 861 1780 auxilia
893 1731 1127 1796 adjungit.
1186 1732 1409 1781 Venulus
1442 1748 1634 1795 quoque
1657 1733 1818 1795 Argos
1843 1731 1906 1780 sd
1929 1731 2222 1780 Diomedem
2255 1732 2480 1791 mittitur,
2511 1743 2569 1782 ut

322 1825 437 1859 eum
470 1811 675 1876 periculi
712 1812 1031 1862 similitudine
1066 1812 1129 1861 sd
1161 1811 1275 1861 belli
1308 1813 1590 1861 societatem
1623 1810 1986 1876 impellat—17.
2049 1811 2239 1866 Quibus
2273 1814 2418 1862 rebus
2452 1829 2564 1878 per-

322 1899 485 1939 motus
506 1891 705 1950 AEneas,
736 1892 1081 1956 copiarumque
1114 1907 1311 1940 suarum
1346 1883 1580 1957 paucitati
1613 1891 1850 1950 diffidens,
1876 1891 2095 1940 Tiberini
2129 1891 2332 1951 monitu,
2363 1893 2568 1942 adverso

322 1969 523 2019 flumine
558 1971 613 2020 in
648 1987 705 2020 ea
736 1972 844 2020 loca
876 1973 1162 2022 subvehitur
1195 1973 1248 2021 in
1272 1971 1457 2036 quibus'
1480 1981 1650 2038 postea
1675 1973 1832 2020 Roma
1864 1972 2062 2020 condita
2093 1971 2214 2028 fuit3
2251 1972 2566 2036 Evandrique

322 2050 469 2114 regis,
491 2051 589 2112 qui,
614 2067 679 2100 ex
700 2052 911 2101 Arcadia
944 2053 1192 2116 profugus,
1230 2053 1282 2101 in
1314 2053 1540 2102 Palatino
1573 2061 1738 2102 monte
1773 2052 2008 2117 oppidum
2037 2053 2235 2101 nomine
2259 2053 2568 2103 Pallanteum

320 2129 619 2189 condiderat,
642 2131 879 2180 suxilium
910 2132 1316 2196 implorat—100.
1370 2133 1603 2182 Evander
1632 2133 1857 2191 AEneam,
1881 2133 2120 2182 adventus
2149 2135 2256 2197 ejus
2274 2149 2422 2182 causa
2449 2151 2564 2198 cog-

322 2209 439 2269 nita,
462 2211 675 2274 benigne
696 2211 909 2276 hospitio
932 2212 1141 2276 excipit;
1176 2213 1420 2276 sacrisque
1444 2213 1692 2274 Herculis,
1715 2215 1891 2278 quibus
1913 2222 2018 2262 tum
2044 2214 2262 2263 intentus
2284 2223 2402 2272 erat,
2425 2214 2565 2264 adhi-

320 2290 491 2350 bitum,
516 2307 710 2341 causam
732 2308 761 2341 a
783 2291 899 2340 Caci
934 2307 1052 2341 nece
1074 2293 1333 2356 repetitam
1363 2294 1631 2352 185—267,
1656 2294 1873 2358 ritusque
1896 2294 2121 2343 sacrificii
2149 2295 2332 2352 edocet,
2365 2293 2568 2358 locaque

319 2373 425 2433 ejus
449 2381 629 2420 metus
651 2372 889 2421 nobiliora
910 2373 1066 2420 obiter
1086 2372 1267 2438 hospiti
1290 2387 1513 2421 recenset
1535 2375 1805 2422 alo—369.
1864 2373 2106 2422 Postridie
2124 2373 2323 2432 AEneas,
2348 2375 2568 2437 equitum

318 2451 783 2514 quadringentorum
817 2451 1033 2502 subsidio
1068 2453 1276 2515 adjutus,
1306 2452 1483 2515 quibus
1516 2463 1726 2517 praeerat
1762 2453 1938 2512 Pallas,
1961 2454 2134 2502 unicus
2165 2453 2380 2502 Evandri
2419 2455 2564 2514 filius,

320 2541 510 2594 partem
542 2532 793 2597 copiarum
822 2534 1038 2582 secundo
1071 2532 1273 2582 flumine
1303 2533 1365 2582 nd
1400 2549 1515 2582 suos
1549 2533 1780 2589 remittit;
1815 2532 1923 2597 ipse
1953 2549 2066 2581 cum
2093 2532 2295 2595 reliquis
2322 2533 2562 2597 Agyllam,

318 2610 709 2661 florentissimam
744 2614 1105 2677 Tyrrhenorum
1142 2613 1403 2672 civitatem,
1427 2613 1580 2677 petit;
1615 2611 1695 2660 cui
1730 2628 1842 2660 cum
1867 2611 2129 2670 Mezentio,
2165 2628 2310 2675 quem
2335 2613 2398 2660 ob
2432 2613 2560 2662 into-

316 2691 566 2741 lerandam
588 2693 923 2742 crudelitatem
956 2710 1109 2757 regno
1132 2695 1399 2759 expulerat,
1434 2693 1739 2742 internecina
1761 2693 1871 2741 odia
1903 2691 2270 2741 intercedebant
2289 2694 2562 2742 454—519.

320 2773 527 2822 Interim
552 2774 816 2832 Vulcanus,
840 2775 1008 2823 uxoris
1040 2774 1289 2823 blanditiis
1318 2773 1569 2832 adductus,
1590 2773 1818 2838 privigno
1843 2789 1932 2822 suo
1953 2789 2088 2821 arma
2120 2772 2382 2821 fabricatur
2403 2773 2564 2824 370—-

316 2855 429 2912 453,
449 2853 714 2918 eademque
736 2871 765 2902 a
785 2855 979 2903 Venere
1002 2854 1063 2903 ad
1082 2854 1291 2902 AEneam
1314 2853 1622 2910 deferuntun
1647 2854 1730 2917 qui
1753 2867 2000 2902 armorum
2021 2851 2384 2917 pulchritudine
2400 2852 2560 2902 delec-

317 2942 461 2992 tatus,
484 2951 595 2982 curn
628 2944 803 2983 caetera
824 2935 987 2984 omnia
1022 2945 1124 2982 tum
1146 2934 1359 3000 clipeum
1391 2934 1634 2999 inprimis,
1658 2934 1738 2998 qui
1775 2950 1855 2982 res
1883 2949 1916 2982 a
1943 2933 2226 2998 posteritate
2255 2949 2345 2982 sus
2365 2943 2560 2982 strenue

313 3014 553 3076 gerendas
574 3015 783 3064 habebat
803 3013 1035 3078 depictas,
1056 3013 1270 3063 studiose
1292 3013 1560 3063 admiratur
1583 3016 1678 3062 520
1697 3014 1758 3062 ad
1780 3015 1863 3062 fin.

426 3211 549 3292 UT
577 3225 731 3291 belli
762 3228 1015 3311 signum
1048 3226 1367 3291 Laurenti
1397 3227 1666 3291 Turnus
1699 3229 1784 3291 ab
1815 3251 1964 3293 arce

425 3328 705 3406 Extulit,
736 3339 804 3393 et
830 3351 1029 3392 rauco
1062 3338 1757 3411 strepueruntffcornua
1785 3340 2016 3408 cantu3

316 3526 482 3576 Etiam
499 3525 581 3575 hic
602 3526 727 3576 liber
748 3526 875 3575 bello
892 3523 1109 3591 parando
1126 3524 1371 3574 consumi·
1438 3524 1620 3573 bellum
1653 3523 1894 3573 instruere
1926 3534 1978 3573 et
2013 3523 2178 3587 copias
2211 3539 2398 3587 parare.
2463 3526 2558 3574 Sed

248 3602 344 3649 tur,
368 3590 687 3655 inprimisque
706 3590 901 3639 auxiliis
920 3590 1235 3646 arcessendis,
1256 3589 1373 3638 dum
1438 3598 1585 3653 poeta
1615 3588 1678 3637 ud
1709 3588 1896 3663 priscas
1933 3598 2102 3636 aetates
2135 3587 2329 3650 singula
2361 3604 2559 3653 compo-

246 3655 447 3704 'I'urnus
484 3670 574 3720 per
612 3655 797 3718 legatos
838 3654 1144 3712 Diomedem,
1188 3654 1373 3702 AEnens
1438 3668 1556 3701 nere
1591 3653 1774 3710 debuit,
1812 3667 1911 3700 non
1944 3652 2008 3700 ad
2042 3667 2132 3700 sua
2167 3667 2258 3700 nec
2298 3653 2360 3700 ad
2394 3665 2560 3702 nostra

246 3719 534 3768 Evandrum
556 3719 670 3767 adit.
730 3720 841 3768 Hoc
864 3720 993 3767 viam
1016 3718 1177 3767 munit
1272 3718 1368 3766 iso-
1436 3727 1671 3782 tempora.
1733 3718 1794 3765 Ιιι
1825 3715 1992 3780 regnis
2025 3715 2213 3778 antiqui
2245 3716 2338 3764 aevi
2372 3733 2562 3766 summa

244 3782 329 3832 dio
351 3783 733 3832 elaboratissimo
754 3783 815 3832 de
839 3782 1084 3840 Evandro,
1107 3797 1203 3844 quo
1250 3783 1369 3830 abu·
1436 3797 1600 3830 rerum
1635 3791 1738 3830 erat
1771 3781 1901 3846 apud
1933 3780 2196 3845 populum;
2239 3783 2440 3844 ejusque
2473 3797 2557 3830 vo-

244 3848 321 3896 las
342 3856 534 3896 veteres
559 3847 715 3896 Italiae
736 3857 787 3896 et
812 3847 1025 3910 origines
1046 3845 1251 3895 coloniae
1273 3846 1370 3895 Ar·
1435 3845 1673 3894 luntatem
1697 3861 1786 3894 seu
1817 3845 2056 3910 impetum
2082 3847 2436 3908 exsequebatur
2456 3861 2559 3894 rex.

244 3911 397 3960 cadiae
432 3911 483 3959 in
524 3911 747 3960 Palatino
784 3923 950 3960 monte
988 3912 1215 3975 exponit;
1262 3925 1371 3973 quae
1437 3910 1632 3958 Bellum
1663 3911 1898 3958 adversus
1925 3910 2162 3973 Trojanos
2194 3910 2353 3974 plebis
2387 3909 2562 3960 studiis
2623 3969 2632 3981 x

243 3991 341 4033 res,
376 3975 469 4025 emi
502 3977 563 4024 ad
604 3985 822 4024 nostrum
857 3991 1053 4025 sensum
1084 3991 1259 4039 parum
1285 3977 1367 4038 ju-
1434 3985 1716 4039 susceptum
1737 3984 1855 4032 erat,
1877 3974 2121 4022 renitente
2151 3973 2332 4022 frustra
2353 3975 2558 4030 Latinoz

242 4040 431 4098 cundae,
459 4039 695 4088 Romanis
716 4040 847 4089 haud
868 4041 1015 4089 dubie
1036 4040 1235 4088 fuerunt
1254 4055 1367 4104 cog-
1434 4041 1744 4102 tandemque,
1768 4039 1898 4101 quod
1929 4038 2196 4087 senectutis
2230 4038 2488 4086 infirmitas
2511 4049 2562 4087 et

242 4105 353 4218 :igin
383 4104 797 4216 Ῑυοὲυᾰίειίῐιιε.ῐ
826 4105 1082 4218 Ξῃοοοάῐὲ
1094 4104 1225 4152 aliud
1262 4105 1371 4215 epi(-l
1434 4103 1646 4152 solitudo
1667 4103 1870 4215 {uadit-re
1901 4111 2107 4214 pqterait,
2139 4117 2562 4216 rei-uigozumman:

334 4185 387 4217 m
504 4183 685 4217 earini
747 4185 774 4217 e
874 4185 985 4217 neo
1085 4184 1191 4217 κιαι·
1274 4183 1307 4216 ιι
1526 4183 1610 4216 rsu
1705 4183 1858 4216 erem
1893 4182 1990 4215 ui:
2038 4181 2208 4214 c-vu
2411 4169 2540 4230 Septi

242 4243 295 4282 et
328 4185 490 4297 ipsniim
521 4233 582 4280 ad
606 4185 939 4282 Rorsnanoruiii
976 4233 1137 4280 studia
1171 4183 1365 4296 conlaps-
1433 4183 1652 4288 perqoefi:
1677 4183 1914 4293 rerumqge
1943 4233 2132 4292 reliquie
2163 4201 2376 4279 hiberia:-
2432 4231 2558 4280 Tur-

242 4307 403 4346 ratum
426 4312 534 4346 esse
556 4297 867 4346 manifestum
888 4298 959 4345 fit.
1434 4311 1529 4344 nus
1568 4295 1828 4344 succedere
1866 4294 1918 4342 in
1957 4303 2122 4358 partes
2159 4294 2324 4343 Latini
2362 4295 2558 4352 debuit;

313 4363 354 4419 1,
392 4364 436 4410 2.
494 4365 557 4410 Ue
598 4365 705 4410 bena·
740 4367 933 4425 signum.
1003 4361 1135 4410 Mira
1174 4375 1253 4407 res
1294 4359 1367 4407 vi-
1436 4375 1532 4422 quo
1573 4369 1792 4407 assumto
1831 4358 1884 4406 in
1931 4359 2162 4408 carminis
2203 4369 2560 4422 argumentum,

241 4425 429 4483 dentur,
468 4425 685 4489 potuisse
714 4427 937 4474 'Burnum
974 4426 1025 4473 in
1050 4425 1207 4473 aliena
1236 4423 1370 4484 regia
1437 4433 1610 4472 nactus
1641 4433 1715 4471 est
1748 4423 1947 4471 heroem
1985 4439 2128 4486 quem
2168 4434 2364 4472 ornaret
2401 4435 2560 4489 poeta,
