3050 4934
493 284 571 347 18

1323 276 1971 344 BUCOLICON

657 433 848 496 ΒΑΜ.
899 431 1036 503 Qui
1065 441 1152 508 te,
1187 428 1418 506 Pollio,
1451 439 1647 507 amat,
1678 429 1895 494 veniat
1923 450 2055 513 quo
2085 437 2151 492 te
2180 448 2442 512 quoque
2471 426 2741 512 gaudet.

658 531 862 598 Mella
891 531 1098 596 fluant
1126 529 1238 608 illi,
1272 530 1441 596 ferat
1470 540 1540 595 et
1570 533 1773 595 rubus
1805 553 2000 615 asper
2028 551 2367 594 amomum.

523 635 614 698 90
659 633 854 698 ΜΕΝ.
905 633 1042 705 Qui
1070 633 1345 696 Bavium
1375 653 1505 696 non
1538 633 1698 709 odit,
1732 643 1903 697 amet
1929 642 2045 696 tua
2074 632 2379 709 carmina,
2412 629 2647 707 Maevi3

655 734 881 819 Atque
911 736 1085 799 idem
1104 736 1342 819 jungat
1371 732 1624 818 vulpes,
1656 745 1725 798 et
1750 733 2039 818 mulgeat
2066 732 2303 796 hirc08.

654 836 848 900 ΒΑΜ.
899 835 1035 908 Qui
1061 835 1274 919 legitis
1306 835 1500 899 flores
1533 845 1601 898 ct
1627 834 1807 898 humi
1836 835 2169 899 nascentia
2198 833 2407 918 fraga,

655 935 986 1021 Frigidus,
1018 959 1057 1000 o
1081 937 1292 1020 pueri,
1325 935 1531 1020 fugite
1558 935 1737 1013 hinc,
1763 934 1924 999 latet
1952 936 2183 1020 anguis
2214 937 2279 998 in
2307 934 2536 999 herba.

656 1037 854 1102 ΜΕΝ.
905 1037 1186 1114 Parcite,
1221 1059 1399 1114 oveS‚
1430 1038 1694 1101 nimium
1725 1037 2121 1121 procedere3
2168 1058 2301 1099 non
2328 1037 2495 1100 bene
2526 1033 2687 1118 ripae

523 1139 610 1203 95
658 1139 1001 1204 Crediturz
1049 1139 1192 1223 ipse
1224 1139 1394 1202 aries
1426 1139 1621 1201 etiam
1649 1161 1823 1202 nunc
1854 1137 2093 1201 vellera
2124 1137 2343 1200 siccat.

655 1241 849 1304 ΒΑΜ.
897 1240 1152 1324 Tityre,
1186 1247 1531 1321 pascentes
1564 1260 1603 1301 a
1632 1238 1895 1301 flumine
1926 1238 2096 1302 reice
2129 1236 2447 1321 capellas;

655 1341 832 1425 Ipse,
863 1341 977 1405 ubi
1006 1350 1262 1423 tempus
1292 1339 1438 1414 erit,
1471 1361 1693 1402 omnes
1724 1339 1788 1402 in
1820 1337 1998 1401 fonte
2026 1336 2279 1401 lavabo.

653 1442 853 1506 ΜΕΝ.
905 1441 1136 1525 Cogite
1168 1463 1344 1516 oveS,
1377 1440 1603 1524 pueri3
1653 1438 1834 1504 silae
1864 1440 2256 1523 praeceperit
2285 1448 2510 1515 aestus,

654 1545 759 1626 Ut,
781 1567 1013 1630 nuper,
1047 1544 1290 1609 frustra
1319 1543 1762 1628 pressabimus
1792 1544 1999 1607 ubera
2024 1540 2276 1627 palmis.

485 1647 608 1710 100
651 1646 845 1711 ΒΑΜ.
889 1647 1070 1723 Heu,
1095 1646 1251 1723 heu,
1275 1667 1468 1730 quam
1491 1645 1719 1729 pingui
1741 1667 1956 1709 macer
1973 1654 2078 1709 est
2094 1643 2251 1707 mihi
2270 1653 2497 1708 taurus
2520 1644 2585 1707 in
2608 1647 2801 1708 ervo!

651 1747 838 1813 Idem
867 1770 1046 1812 amor
1071 1747 1338 1812 exitium
1367 1747 1614 1831 pecori,
1646 1746 2036 1830 pecorisque
2066 1745 2396 1828 magistro.

653 1849 852 1913 ΜΕΝ.
900 1848 1030 1913 His
1053 1857 1232 1912 certe
1255 1869 1467 1930 neque
1494 1868 1674 1910 amor
1696 1869 1895 1911 causa
1924 1856 2059 1911 est:
2107 1846 2215 1909 vix
2240 1846 2496 1910 ossibus
2520 1847 2803 1912 haerent.

655 1949 902 2014 Nescio
934 1949 1078 2032 quis
1110 1957 1372 2012 teneros
1405 1947 1630 2022 oculus
1660 1947 1819 2011 mihi
1848 1947 2123 2012 fascinat
2152 1969 2378 2031 agnos·

652 2049 844 2113 ΒΑΜ.
894 2048 1048 2125 Dic,
1081 2048 1318 2132 quibus
1347 2047 1414 2110 in
1444 2049 1657 2124 terriS,
1691 2060 1758 2112 et
1786 2049 1913 2113 eris
1944 2047 2101 2113 mihi
2128 2071 2401 2132 magnus
2433 2048 2700 2134 Apollo,

488 2151 610 2214 105
654 2149 826 2214 Tres
856 2158 1081 2233 pateat
1111 2146 1259 2212 coeli
1291 2149 1573 2232 spatium
1602 2171 1734 2212 non
1764 2147 2039 2234 amplius
2070 2148 2279 2214 ulnas·

653 2251 850 2316 ΜΕΝ.
898 2250 1052 2326 Dic,
1086 2249 1322 2333 quibus
1353 2249 1419 2313 in
1451 2250 1641 2314 terris
1672 2251 1968 2336 inscripti
1996 2252 2255 2316 nomina
2283 2273 2511 2336 regum

545 2465 621 2512 88.
669 2465 832 2510 Veniat
853 2479 939 2524 quo
969 2469 1014 2509 te
1036 2477 1207 2523 quoque
1224 2463 1410 2523 gaudet.
1462 2460 1609 2516 Quod

479 2528 691 2593 primum
714 2525 939 2583 occurrit,
963 2535 1054 2584 est,
1077 2535 1134 2572 ut
1170 2524 1414 2588 suppleas,
1442 2541 1605 2585 perve-

475 2597 596 2640 nim
607 2611 624 2646 ‚-
642 2600 794 2654 utque
813 2590 872 2640 ad
890 2589 1172 2638 felicitatem
1189 2587 1390 2636 omnino
1405 2588 1601 2645 referas,

475 2673 622 2720 quam
657 2665 947 2720 apprecetur
983 2653 1027 2702 ei
1062 2652 1145 2715 qui
1182 2651 1391 2700 Pollioni
1426 2653 1599 2699 faveat.

478 2722 605 2769 Cum
629 2735 724 2782 quo
741 2718 972 2767 convenit
993 2734 1038 2766 v.
1065 2719 1142 2774 89,
1167 2716 1218 2764 in
1240 2731 1336 2778 quo
1355 2716 1479 2763 adeo
1511 2731 1599 2764 au-

477 2785 552 2832 rei
573 2782 737 2832 saeculi
773 2783 979 2831 felicitas
1013 2797 1076 2829 ex
1111 2780 1334 2829 rimitur=
1371 2779 1466 2828 vid.
1494 2781 1602 2829 Ecl.

477 2849 542 2906 iv,
563 2851 641 2904 25,
663 2849 739 2896 30.
792 2847 844 2894 Si
865 2856 1028 2894 tamen
1047 2797 1288 2893 ffenalcae
1304 2846 1454 2893 verba
1467 2860 1601 2893 com-

515 2927 637 2968 ares,
673 2921 738 2968 et,
778 2926 923 2973 quem
963 2909 1210 2973 expressit
1249 2909 1407 2967 Maro,
1442 2909 1605 2957 locum

525 2977 685 3025 heocr.
720 2975 752 3032 i,
789 2977 866 3032 20,
903 2974 980 3023 καὶ
1013 2973 1102 3023 τᾶς
1131 2973 1400 3028 βωκολικᾶς
1436 2973 1512 3021 ἐπὶ
1546 2973 1607 3021 τὸ

475 3039 630 3089 πλέον
648 3040 752 3088 ἵκεο
775 3037 984 3095 Μούσας,
1004 3052 1239 3101 apparere
1255 3036 1477 3095 arbitror,
1496 3038 1606 3095 hoc,

476 3121 564 3166 quo
585 3113 630 3152 te
653 3119 823 3166 quoque
851 3105 1026 3165 gaudet
1091 3101 1354 3160 ervenisse,
1379 3117 1486 3150 esse
1519 3117 1598 3150 re-

477 3167 732 3216 ferendum
767 3167 830 3214 ad
850 3175 1024 3214 cantus
1063 3165 1352 3214 scultatemz
1387 3165 1474 3223 illi,
1503 3175 1603 3213 tam

475 3233 660 3281 bonum
681 3240 878 3295 poetam
901 3229 1154 3292 contingat
1173 3244 1295 3286 esse,
1320 3245 1464 3291 quam
1488 3229 1601 3277 1³01-

477 3295 546 3344 lio
567 3305 670 3352 θοις
707 3304 968 3352 utcontra,
993 3294 1076 3356 qui
1110 3293 1316 3342 Bavium
1350 3309 1450 3341 non
1481 3293 1601 3353 odit,

479 3370 579 3409 tam
602 3360 760 3408 malus
783 3359 938 3422 judex
959 3357 1229 3408 carminum
1251 3369 1371 3416 esto,
1397 3369 1454 3406 ut
1475 3358 1603 3406 Μιε-

479 3425 614 3473 vium
637 3426 826 3489 probet.

547 3490 622 3537 89.
658 3487 994 3537 Adumbratur
1015 3487 1078 3534 ad
1104 3486 1303 3534 ductum
1327 3487 1532 3534 Theocr.
1558 3503 1604 3542 v,

485 3555 578 3602 124
607 3567 678 3616 sq.
746 3555 981 3600 Amometus
1013 3549 1202 3598 fruticis
1236 3565 1392 3613 genus
1429 3549 1603 3608 Indici,

481 3617 612 3682 quod
645 3627 810 3666 tamen
842 3615 984 3679 quale
1017 3614 1166 3664 fuerit
1195 3630 1369 3679 parum
1403 3624 1609 3663 constat.

481 3683 684 3732 Salmas.
721 3681 782 3730 ad
818 3681 969 3729 Solin.
1005 3697 1053 3746 p.
1081 3681 1190 3738 284,
1227 3695 1473 3728 amomum
1507 3680 1609 3728 fere

479 3747 542 3796 de
565 3747 698 3796 omni
721 3754 935 3794 aromate
957 3744 1148 3793 sincero
1171 3744 1355 3793 dictum
1376 3745 1533 3794 docet.

544 3813 622 3859 90.
665 3814 755 3864 Qm'
787 3811 995 3856 Bavium·
1055 3807 1194 3856 Nihil
1229 3807 1308 3857 his
1338 3824 1446 3870 quae
1479 3809 1603 3857 alter

478 3875 675 3938 suincit
695 3889 806 3922 cum
832 3872 1053 3920 Pollione
1084 3886 1342 3919 commune
1371 3887 1491 3930 esse,
1517 3881 1605 3921 aut

478 3939 592 3986 huic
613 3939 818 3987 Bavium
835 3935 1032 4002 opponi,
1052 3935 1350 3984 censendum
1369 3945 1472 3992 est;
1498 3937 1599 3993 sed,

479 4017 592 4050 cum
627 4001 720 4050 iste
754 4004 936 4051 bonum
973 4010 1168 4066 poetam
1203 4000 1464 4058 laudasset,
1497 4001 1604 4064 ipse

479 4065 662 4114 malum
695 4075 946 4124 memorat,
981 4068 1180 4129 eJ'usque
1215 4063 1446 4112 studiosis
1479 4065 1609 4113 mala

481 4129 695 4178 maxima
710 4140 952 4202 precatur,
977 4147 1024 4178 n.
1048 4143 1212 4178 amare
1237 4128 1486 4186 Maevium,
1517 4145 1605 4194 pe-

475 4197 632 4258 jorem
657 4203 804 4241 etnam
827 4203 1034 4256 poetam.
1091 4193 1322 4242 Creditur
1343 4193 1472 4241 idem
1497 4209 1605 4242 esse

479 4273 626 4321 quem
650 4256 864 4318 exagitat
889 4259 1010 4305 Hor.
1038 4259 1194 4324 Epod.
1221 4260 1293 4305 10.

547 4324 624 4370 91.
659 4322 836 4382 lungae
857 4324 1024 4381 vulpes.
1079 4323 1178 4376 Qui
1211 4322 1352 4370 malis
1383 4330 1434 4369 et
1463 4321 1601 4370 trivi-

479 4386 638 4435 alibus
660 4385 928 4432 delectatur
949 4385 1122 4448 poetis,
1149 4386 1302 4434 Bavio
1331 4396 1382 4435 et
1405 4386 1601 4446 Maevio,

481 4451 749 4498 delectetur
783 4465 917 4510 aeque
956 4450 1102 4496 rebus
1138 4451 1386 4506 absurdis;
1439 4452 1510 4498 ita
1548 4462 1603 4500 ut

1666 2462 1843 2524 jungat
1864 2470 2025 2510 aratro
2044 2477 2134 2510 seu
2156 2461 2321 2510 currui
2344 2461 2531 2526 vulpes,
2554 2462 2803 2525 mulgeat-

1673 2541 1768 2586 que
1790 2525 1965 2572 hircos.

1735 2591 1811 2637 93.
1858 2591 2084 2650 Frigidus
2120 2594 2287 2653 anguis
2323 2589 2484 2640 dictus
2522 2605 2584 2639 ex
2619 2600 2803 2640 neutra

1668 2653 1843 2700 horum
1866 2653 2141 2716 reptilium:
2178 2653 2249 2702 sic
2272 2664 2323 2702 et
2346 2654 2449 2703 Ecl-
2473 2655 2575 2713 viii,
2598 2655 2675 2706 71.

1734 2718 1811 2774 94,
1838 2718 1914 2764 95.
1950 2719 2152 2775 Parcite,
2180 2728 2363 2776 cavete,
2386 2719 2551 2777 nolite,
2576 2737 2688 2777 oves,
2716 2724 2799 2769 ni-

1668 2783 1805 2828 mium
1824 2784 2094 2842 proceda-e,-
2128 2798 2159 2829 o
2178 2797 2309 2840 oves,
2334 2798 2398 2830 ne
2418 2784 2695 2847 procedite:
2733 2799 2803 2834 ex

1669 2847 1755 2892 Gr.
1780 2843 1947 2907 φείδου
1966 2848 2227 2908 προελθεῖν.
2294 2849 2401 2894 Nou
2426 2851 2533 2896 bem
2553 2853 2765 2896 ereditur
2782 2867 2801 2897 .·

1673 2910 1797 2957 Hor.
1830 2909 1866 2956 ii
1898 2910 2053 2957 Serm.
2079 2914 2123 2967 4,
2150 2911 2405 2968 2l,—aliis
2426 2915 2543 2960 male
2572 2916 2801 2961 ereditur.

1671 2973 1995 3086 *ildumbrata-
2030 2983 2193 3022 autem
2248 2975 2351 3023 hec
2402 2989 2433 3023 e
2486 2975 2690 3025 Theocr.
2748 2992 2799 3036 v,

1706 3040 1783 3094 00,
1809 3047 1899 3086 etc.

1731 3103 1810 3150 96.
1846 3105 1985 3150 Reice
2001 3102 2198 3166 mitique
2216 3119 2309 3168 pro
2326 3103 2479 3165 rejice,
2500 3104 2547 3152 h.
2570 3120 2611 3152 e.
2634 3104 2799 3167 abige.

1732 3168 1812 3216 98.
1852 3170 2009 3230 Cogite
2031 3167 2093 3215 ad
2110 3168 2332 3216 umbram
2352 3176 2403 3216 et
2418 3168 2573 3230 frigus
2589 3177 2798 3233 captan-

1668 3231 1797 3278 dum.
1855 3233 2083 3294 Praecipit
2104 3234 2177 3280 Iac
2198 3239 2337 3279 θείω
2358 3231 2539 3281 siccato
2560 3235 2725 3281 ubere.

1738 3298 1842 3344 100.
1892 3299 2063 3344 Ervum
2112 3295 2373 3359 leguminis
2486 3311 2593 3355 nus,
2636 3298 2801 3348 bubus

1664 3362 1769 3424 jam
1818 3359 1937 3408 olim
1986 3369 2179 3424 pastum
2230 3359 2335 3408 dari
2376 3376 2431 3409 so
2450 3361 2588 3419 itum,
2632 3369 2689 3410 ut
2732 3377 2803 3412 ex

1672 3423 1943 3472 Columella
1960 3424 2137 3472 docent
2152 3425 2317 3488 Intpp.
2334 3425 2521 3474 Versus
2535 3441 2801 3490 expressus

1672 3503 1699 3536 e
1723 3487 1929 3536 Theocr.
1952 3488 2017 3546 iv,
2042 3491 2133 3544 203
2169 3497 2227 3536 ut
2252 3491 2343 3536 102
2366 3504 2395 3537 e
2415 3489 2480 3547 iv,
2510 3492 2582 3538 15.

1744 3553 1850 3600 101.
1899 3554 2028 3600 Idem
2068 3569 2205 3600 amur.
2257 3555 2415 3602 Amor
2452 3563 2503 3602 et
2544 3553 2680 3613 mihi,
2712 3565 2807 3606 aut

1674 3617 1825 3666 etiam
1852 3617 2035 3679 AEgoni
2064 3616 2262 3665 domino
2290 3617 2482 3682 pecoris
2510 3618 2667 3678 istius.
2690 3635 2799 3669 ma-

1674 3681 1801 3730 ciem
1822 3680 1965 3746 parit.

1746 3747 1851 3794 102.
1888 3746 2103 3810 Elegans
2126 3745 2326 3794 Heinsii
2348 3756 2398 3795 et
2418 3749 2521 3810 jam
2558 3748 2801 3812 Stephani

1668 3813 1949 3873 conjectura
1970 3821 2059 3868 est,
2085 3814 2155 3859 Hi
2176 3819 2299 3859 certe
2320 3812 2491 3873 (neque
2512 3829 2636 3860 amor
2654 3829 2801 3863 causa

1668 3875 1937 3986 {23531323
1936 3878 2064 3986 ἵζ’*
2085 3875 2523 3986 '3⁶2‘”{iit.v⁰⁸⁸³¹¹³
2546 3875 2797 3940 ’ΨΜ

2012 3953 2074 3985 ne
2130 3953 2158 3984 e
2178 3953 2240 3985 en

1740 4003 1845 4050 105.
1895 4000 2195 4066 Simpliciter
2228 4002 2502 4068 intellig-am
2536 4005 2803 4066 cujuslibet

1672 4065 1767 4113 loci
1791 4075 2009 4130 puteum,
2040 4066 2091 4114 in
2124 4081 2270 4131 quem
2300 4083 2413 4116 cum
2444 4068 2553 4130 quis
2586 4069 2798 4119 descen-

1672 4129 1812 4188 derit,
1866 4139 2056 4179 tantum
2110 4130 2221 4179 coeli
2274 4132 2513 4197 prospicit
2564 4149 2589 4181 s
2676 4133 2800 4195 'uun

1670 4203 1905 4256 quantum
1928 4205 2105 4259 puteus
2126 4205 2275 4260 patet,
2297 4198 2345 4244 h.
2367 4213 2407 4245 e.
2434 4197 2569 4260 putei
2639 4199 2803 4250 titudo

1670 4259 1961 4323 permiserit.
2004 4261 2063 4308 In
2086 4261 2262 4310 talibus
2277 4261 2579 4324 grammatici
2600 4278 2804 4316 crucem

1670 4323 1763 4371 sibi
1786 4325 1935 4372 fixam
1958 4339 2065 4372 esse
2085 4333 2259 4388 putare
2282 4341 2381 4374 non
2404 4327 2659 4376 debebant.

1740 4389 1845 4446 106,
1876 4388 1981 4438 107.
2032 4389 2163 4436 Nota
2202 4405 2281 4438 res
2320 4389 2381 4438 de
2419 4391 2695 4454 hyacintho,
2735 4394 2803 4444 de

1670 4467 1765 4514 quo
1804 4467 1909 4515 sup.
1947 4452 2007 4498 ad
2042 4451 2147 4499 Ecl.
2184 4453 2235 4511 ii,
2274 4456 2360 4511 183
2408 4455 2460 4502 in
2493 4457 2631 4517 qu‘us
2665 4457 2803 4508 foliis
