3050 4934
517 273 646 336 582
1405 275 1931 340 AENEIDOS

685 419 984 486 Arcades
1013 422 1098 485 ad
1127 433 1350 506 portas
1382 445 1597 499 ruere,
1630 433 1697 487 et
1727 425 1811 487 de
1840 444 2018 486 more
2050 432 2309 486 vetusto

682 521 1014 586 Funereas
1047 544 1324 607 rapuere
1355 523 1567 588 faces:
1614 523 1789 588 lucet
1818 525 1921 586 via
1948 521 2145 606 longo

684 621 938 686 Ordine
970 622 1390 700 flammarum,
1423 634 1491 687 et
1515 621 1649 687 late
1680 623 2079 688 discriminat
2110 645 2328 706 agros.

521 721 643 784 145
688 721 935 785 Contra
966 724 1160 786 turba
1190 722 1528 807 Phrygum
1557 725 1819 789 veniens
1850 723 2226 807 plangentia
2244 723 2533 807 jungunt

682 820 988 905 Agmina.
1067 822 1238 894 Quae
1267 835 1614 908 postquam
1642 836 1883 889 matres
1914 825 2265 888 succedere
2296 824 2486 886 tectis

686 921 1037 999 Viderunt,
1067 935 1365 988 moestam
1389 926 1747 989 incendunt
1774 924 2160 990 clamoribus
2192 925 2441 988 urbem.

687 1021 784 1086 At
813 1045 944 1087 non
974 1025 1356 1088 Evandrum
1379 1027 1552 1108 potis
1584 1037 1687 1090 est
1716 1027 1810 1090 vis
1838 1024 1969 1090 ulla
1998 1035 2261 1102 tenere;

690 1123 826 1188 Sed
854 1126 1030 1188 venit
1058 1125 1126 1188 in
1153 1125 1424 1189 medios.
1501 1125 1775 1190 Feretro
1808 1124 2103 1189 Pallanta
2132 1125 2400 1209 repsssto

519 1225 641 1288 150
685 1224 1046 1288 Procubuit
1076 1247 1296 1310 super,
1329 1236 1526 1308 atque
1556 1225 1764 1289 haeret
1788 1223 2260 1308 lacrimansque
2290 1245 2711 1308 gemensque,

686 1324 781 1388 Et
808 1325 910 1388 via
939 1326 1046 1388 vix
1075 1325 1338 1396 tandem
1369 1327 1512 1389 voci
1538 1325 1757 1389 laxata
1787 1324 2011 1389 dolore
2042 1336 2179 1390 est:

686 1423 842 1488 Non
873 1423 1036 1502 haec,
1071 1447 1110 1489 o
1143 1424 1348 1501 Palla,
1381 1425 1661 1490 dederas
1692 1427 2011 1510 promissa
2040 1427 2315 1511 parenti.

685 1524 958 1588 Cautius
991 1536 1065 1589 ut
1095 1547 1267 1589 saevo
1296 1525 1494 1590 velles
1525 1537 1592 1589 te
1624 1528 1895 1591 credere
1926 1526 2167 1591 Marti!

686 1625 890 1690 Haud
919 1627 1183 1710 ignarus
1213 1649 1411 1703 eram,
1441 1642 1755 1712 quantum
1784 1651 1953 1692 nova
1982 1628 2185 1713 gloria
2216 1631 2281 1692 in
2303 1631 2520 1707 armis,

497 1729 643 1796 .l55
689 1727 782 1791 Et
810 1727 1140 1810 praedulce
1171 1727 1374 1792 decus
1405 1730 1615 1812 primo
1644 1731 1993 1794 certamine
2024 1741 2271 1814 posset.

691 1826 1001 1890 Primitiae
1021 1828 1280 1911 juvenis
1307 1830 1596 1895 miserae!
1645 1829 1925 1914 bellique
1954 1831 2303 1915 propinqui

691 1927 883 1993 Dura
913 1929 1309 1994 rudimenta!
1355 1941 1424 1995 et
1451 1929 1611 1994 nulli
1641 1931 1949 1996 exaudita
1976 1931 2247 1996 deorum

694 2028 873 2093 Vota
902 2051 1262 2115 precesque
1290 2034 1487 2096 mese!
1536 2043 1761 2116 tuque,
1794 2055 1833 2094 o
1864 2033 2267 2096 sanctissima
2292 2035 2555 2118 conjux,

683 2128 869 2193 Felix
900 2141 1106 2194 morte
1138 2140 1272 2207 tua,
1305 2153 1516 2215 neque
1547 2133 1615 2195 in
1644 2131 1820 2196 hunc
1851 2142 2107 2197 servata
2137 2133 2463 2198 dolorem!

519 2230 644 2293 160
687 2229 934 2293 Contra
961 2251 1088 2313 ego
1118 2231 1394 2296 vivendo
1423 2234 1545 2296 vici
1573 2254 1719 2297 mea
1748 2232 1903 2310 fata,
1938 2244 2273 2317 superstes

688 2330 1037 2394 Restarem
1065 2340 1139 2394 ut
1167 2334 1444 2415 genitor.
1523 2332 1778 2398 Troum
1802 2336 1977 2399 socia
2006 2357 2182 2398 arma
2213 2344 2507 2399 secutum

689 2432 1072 2497 Obruerent
1100 2431 1333 2497 Rutuli
1363 2433 1543 2498 telis!
1592 2436 1866 2498 animam
1893 2435 2036 2519 ipse
2065 2435 2414 2513 dedissem,

687 2531 911 2617 Atque
939 2532 1080 2598 haec
1109 2555 1350 2618 pompa
1379 2535 1641 2598 domum
1670 2558 1795 2613 me,
1827 2558 1959 2600 non
1986 2535 2305 2613 Pallanta,
2336 2534 2651 2602 referret!

681 2633 831 2699 Nec
861 2657 976 2698 vos
1008 2635 1356 2717 arguerim,
1388 2634 1655 2711 Teucri,
1688 2657 1809 2700 nec
1839 2635 2115 2714 foedera‚
2147 2659 2267 2702 nec
2298 2660 2460 2720 quas

519 2737 642 2800 165
686 2734 1034 2799 Junximus
1064 2733 1350 2818 hospitio
1380 2735 1685 2799 dextras:
1734 2759 1876 2800 sors
1906 2737 2034 2800 ista
2064 2748 2343 2802 senectae

685 2837 931 2901 Debita
958 2846 1100 2899 erat
1127 2846 1391 2900 nostrae.
1472 2834 1672 2908 Quod
1706 2837 1760 2900 si
1788 2837 2127 2902 immatura
2154 2839 2458 2902 manebat

685 2937 872 3000 Mors
902 2947 1160 3014 natum;
1207 2938 1391 3000 caesis
1424 2935 1813 3001 Volscorum
1841 2937 2117 3003 millibus
2148 2948 2323 3014 ante,

687 3037 1056 3101 Ducentem
1084 3038 1150 3100 in
1183 3037 1444 3101 Latium
1470 3037 1769 3102 Teucros
1801 3040 2112 3104 cecidisse
2131 3039 2411 3122 juvabit.

585 3259 690 3315 142,
719 3258 825 3304 14³.
863 3255 1036 3304 Refert
1067 3255 1115 3304 h.
1139 3256 1171 3304 1.
1206 3266 1352 3321 poeta
1383 3258 1637 3321 ingeniose
1700 3259 1935 3324 periculo,
1956 3262 2173 3308 cautim!
2226 3257 2393 3306 Etiam
2420 3258 2473 3306 in
2494 3275 2598 3322 sqq.
2622 3269 2833 3310 senten-

514 3323 577 3371 ad
616 3329 832 3370 veterem
867 3320 1115 3368 Arcadum
1136 3337 1336 3380 morem,
1361 3322 1490 3384 quod
1534 3323 1635 3371 Ro·
1702 3323 1783 3372 tiae
1802 3325 2020 3388 abruptae
2036 3323 2252 3371 dolorem
2274 3332 2467 3374 acuunt.

515 3386 672 3436 manis
695 3386 913 3438 sollenne
937 3393 1053 3442 erat,
1080 3395 1135 3433 ut
1169 3385 1354 3433 facibus
1395 3395 1446 3434 et
1483 3387 1639 3436 cereis
1772 3387 2040 3435 156—160.
2088 3389 2319 3435 Pn‘mt'tiae
2350 3387 2552 3450 juvenis,
2588 3388 2837 3450 iuvenilis

514 3450 730 3564 2323?
753 3463 982 3562 ffinffi
997 3448 1254 3561 &aim
1275 3449 1528 3577 ssssffiff
1519 3451 1635 3562 01¹3·
1703 3451 1911 3563 ἶέῗῗῗ
1928 3450 2533 3577 ξῖῒηῗηᾞὲὴῑξὶωςξέφὲ»
2612 3455 2645 3510 ”’
2668 3452 2833 3565 Ἒὲῗᾱ

517 3579 655 3643 quia:
673 3578 950 3628 faceremus
967 3587 1097 3632 erat3
1133 3577 1262 3640 quod
1287 3577 1524 3626 tamenin
1549 3595 1637 3626 no·
1702 3550 1881 3642 posnet.
1950 3580 2249 3626 Summam
2382 3580 2471 3636 'ux,
2514 3589 2661 3628 casm.
2741 3583 2829 3628 V·-

514 3643 688 3692 bilium
705 3641 960 3691 funeribus
971 3657 1070 3690 non
1085 3656 1223 3716 aeque
1241 3642 1510 3691 obtinuisse
1523 3643 1639 3690 inde
1702 3644 1841 3690 vendo
1856 3645 1945 3690 vici
1958 3659 2055 3688 mea
2064 3641 2192 3704 sata.
2230 3643 2369 3706 Simp
2420 3641 2635 3707 accipio:
2670 3643 2833 3694 vitam

513 3707 730 3770 colligas,
753 3706 882 3769 quod
898 3721 988 3770 pro
1010 3717 1180 3754 rostris
1215 3705 1516 3754 laudationes
1550 3707 1637 3754 ha-
1703 3706 1923 3771 protraxi
1944 3705 2137 3768 longius
2158 3722 2304 3768 quam
2340 3717 2515 3754 natura
2534 3707 2661 3756 ferre
2682 3708 2827 3757 vide-

513 3772 767 3820 bebantur.
823 3771 947 3818 Cum
983 3769 1167 3819 fiscibus
1205 3769 1328 3817 forte
1352 3769 1501 3818 etiam
1532 3786 1638 3819 mos
1700 3771 1855 3828 batur,
1899 3770 2114 3833 mihique
2158 3771 2279 3817 adeo
2316 3769 2424 3834 ipse
2463 3771 2729 3835 supervixi,
2770 3781 2831 3820 ut

513 3835 622 3892 fuit,
665 3845 722 3884 ut
755 3833 951 3882 obviam
988 3833 1398 3897 progrederentur
1431 3835 1637 3884 mortuis
1700 3844 1839 3900 pater
1879 3845 2127 3899 superstes
2170 3849 2329 3882 essem
2372 3845 2502 3882 nato.
2564 3839 2687 3884 Fata
2732 3851 2828 3901 pro

516 3899 599 3962 qui
623 3915 686 3947 ex
704 3897 891 3963 proeliis
912 3899 1295 3961 reportabuntur.
1699 3909 1869 3957 morte,
1889 3915 2033 3961 quam
2072 3914 2137 3948 ex
2168 3908 2356 3947 naturae
2388 3899 2498 3962 lege
2514 3901 2615 3962 jam
2636 3899 2829 3950 dudum

586 3965 692 4020 146,
722 3961 826 4013 147.
862 3963 1110 4010 Suco-edere
1144 3966 1279 4010 tectis
1312 3963 1360 4010 h.
1379 3963 1411 4010 1.
1444 3963 1635 4026 ingredi
1700 3961 1863 4012 subire
1884 3963 2147 4021 debuisset,
2170 3972 2312 4012 aetate
2330 3963 2457 4011 adeo
2474 3975 2715 4028 provecta.

515 4029 700 4077 urbem.
759 4028 1014 4074 lucendum
1051 4029 1322 4074 clamoribus
1342 4030 1514 4085 arbem,
1534 4027 1633 4075 cla-
1770 4028 1875 4074 162.
1916 4030 2171 4076 Obruerent
2188 4047 2203 4074 .·
2238 4027 2426 4076 utinam
2452 4041 2529 4075 me
2552 4028 2710 4092 ipsum
2735 4029 2825 4078 ob—

513 4107 676 4140 mores
695 4105 786 4154 per
803 4091 999 4138 urbem:
1036 4089 1133 4138 vid.
1159 4089 1220 4137 ad
1242 4105 1290 4147 x,
1313 4091 1423 4138 895.
1698 4089 1939 4139 ruissent!

585 4158 692 4212 152,
715 4157 820 4204 153.
845 4154 1062 4202 Turbata
1077 4152 1232 4202 oratio
1247 4153 1413 4202 dolore
1429 4155 1631 4216 loquen-
1768 4155 2035 4204 166—168.
2075 4159 2207 4208 Quod
2225 4159 2281 4203 η’.
2339 4155 2393 4202 Si
2430 4165 2606 4204 tamen.
2664 4154 2825 4204 Solari

514 4219 592 4266 tis.
655 4219 710 4266 Si
733 4233 848 4266 vera
864 4228 940 4266 est
955 4218 1114 4292 lectio,
1137 4217 1221 4275 ita,
1241 4227 1296 4266 ut
1315 4217 1534 4276 fecimus,
1556 4219 1631 4267 in-
1698 4234 1753 4268 se
1800 4219 1963 4294 ipsum
2006 4219 2196 4294 incipi-t²
2258 4223 2529 4294 Volscprsm,
2564 4229 2617 4267 ut
2659 4229 2821 4294 poeta,

513 4281 1046 4418 ffossppwmmfflssussffi
1063 4282 1345 4396 ³333&ssss
1360 4285 1633 4406 ,Ε’ὖῐὲῖιὲἓ
1697 4299 1777 4396 1:2¹·
1780 4283 2427 4406 '3123350335213‘205'35
2440 4283 2825 4397 ‘afflcffi‘i'ff

512 4409 702 4457 utinam
721 4408 972 4466 voluisses,
986 4412 1168 4458 credere
1192 4419 1236 4458 te
1254 4414 1419 4469 Marti,
1437 4427 1630 4482 pugne,
1696 4415 1901 4472 Iuvabit,
1931 4415 2115 4474 juvato,
2152 4410 2325 4460 solatio
2368 4421 2487 4469 esto,
2524 4411 2675 4460 fllium
2718 4427 2823 4460 non
