3050 4934
1204 282 1545 351 LIBER
1592 284 1725 351 lv.

2498 289 2621 353 321

475 434 786 500 Incubet:
831 434 1010 499 illum
1040 436 1277 499 absens
1308 437 1646 501 absentem
1676 436 1987 521 auditque
2018 438 2345 521 videtque.

474 535 618 601 Aut
641 536 887 621 gremio
917 527 1297 613 Ascanium,
1325 538 1637 619 genitoris
1667 534 1943 621 imugine
1975 548 2190 622 capta,
2239 557 2245 563 ·
2356 528 2365 537 ’

341 637 434 700 85
479 637 779 714 Detinet,
807 634 1146 701 infandum
1175 638 1231 701 si
1257 634 1482 701 fallere
1513 638 1726 723 possit
1755 660 2060 703 amorem.

475 738 634 803 Non
661 750 897 823 coeptae
925 749 1277 823 assurgunt
1306 749 1558 817 turres;
1603 762 1733 803 non
1762 762 1941 803 arma
1960 740 2272 824 juventus

475 840 801 917 Exercet3
847 850 1158 924 portusve
1188 850 1302 905 aut
1331 841 1821 925 propugnacula
1849 840 2022 905 bello

473 940 656 1005 Tuta
679 952 949 1026 parant:
997 942 1287 1025 pendent
1314 963 1518 1026 opera
1546 943 1933 1026 interrupta,
1964 944 2279 1027 minaeque

475 1041 822 1108 Murorum
846 1044 1170 1127 ingentes,
1201 1052 1587 1127 aequataque
1618 1042 1915 1108 machina
1942 1042 2131 1108 coelo.

340 1143 432 1207 90
562 1144 780 1217 Quam
808 1142 996 1208 simul
1025 1164 1102 1207 ae
1130 1142 1243 1207 tali
1269 1144 1597 1226 persensit
1624 1154 1813 1228 peste
1843 1146 2051 1208 teneri

474 1244 646 1309 Cara
672 1244 858 1311 «Iovis
885 1246 1149 1329 conjux,
1178 1265 1301 1308 nec
1329 1243 1563 1307 famam
1591 1244 1854 1309 obstare
1886 1244 2124 1324 furori3

475 1344 752 1411 Talibus
781 1346 1164 1431 aggreditur
1191 1344 1519 1410 Venerem
1552 1346 1857 1410 Saturnia
1884 1347 2113 1411 dictis:

475 1446 830 1531 Egregium
857 1468 1014 1511 vero
1040 1445 1300 1511 laudem
1327 1454 1395 1510 et
1425 1444 1635 1530 spolia
1663 1445 1877 1531 ampla
1905 1447 2161 1513 refertis

295 1637 435 1687 vivio
455 1640 547 1688 sub
567 1647 760 1689 noctem
789 1639 1028 1689 instructo
1055 1648 1176 1689 sunt
1201 1637 1422 1703 digressi,

295 1702 516 1753 dubitari
545 1704 739 1767 nequit:
775 1704 890 1753 hinc
921 1712 972 1752 et
1005 1706 1219 1755 cadentia
1253 1708 1424 1763 sidera,

299 1767 578 1815 occidentia
609 1776 822 1817 exeunte
853 1776 1008 1816 nocte.
1071 1768 1244 1831 Itaque
1277 1771 1426 1816 lumen

295 1834 496 1880 obseura
529 1836 728 1881 vicissim
766 1834 903 1881 Lm
934 1836 1120 1893 premit,
1155 1832 1218 1880 de
1252 1848 1427 1881 occasu

295 1894 434 1945 lune
457 1897 549 1944 sub
573 1905 834 1945 exeuntem
865 1906 1058 1944 noctem
1086 1894 1423 1971 accipiendum

297 1974 412 2009 esse
423 1959 735 2011 manifestum
749 1960 806 2009 flt
817 1978 831 2007 :
860 1964 1044 2021 premit,
1059 1960 1238 2007 oecuht
1249 1959 1334 2007 ina
1345 1959 1420 2007 lu-

297 2032 1424 2157 fflztetfiu’sffiffieffifflwffl

299 2166 404 2201 uno
419 2152 565 2201 modo
581 2152 685 2199 haee
704 2150 858 2215 accipi
991 2160 1106 2206 unt3
1141 2158 1226 2198 sut
1242 2150 1304 2198 de
1322 2150 1422 2199 lee-

298 2226 370 2273 to,
394 2215 456 2263 sd
476 2230 622 2279 quem
641 2215 864 2263 dormien
898 2214 909 2225 '
935 2230 1082 2263 eausa
1109 2213 1194 2261 ills
1222 2230 1275 2261 se
1304 2228 1419 2262 con-

299 2280 412 2337 fert,
444 2290 530 2328 sut
562 2280 624 2328 de
659 2278 872 2327 triclinio
905 2278 958 2325 in
993 2292 1090 2341 qno
1119 2279 1422 2326 accubuerat.

301 2342 730 2409 simplicissimum
752 2352 828 2391 est
847 2342 1036 2391 dicere:
1073 2342 1134 2390 de
1157 2352 1299 2390 nocte
1317 2340 1421 2405 agi-

299 2418 399 2466 tur,
421 2406 640 2456 convivis
654 2409 758 2469 jam
779 2404 1005 2463 dimissis,
1030 2406 1159 2455 unde
1182 2408 1309 2454 domo
1339 2423 1420 2454 oa-

299 2489 404 2521 euo.
471 2472 618 2521 Nune
645 2474 744 2520 sola
767 2470 854 2519 ills
883 2478 1043 2519 πων-οι
1071 2474 1248 2528 stratis,
1281 2470 1422 2527 lecto,

299 2538 524 2584 §neubon
539 2554 559 2591 ,-
591 2536 683 2583 hoe
705 2543 761 2583 ut
777 2542 924 2599 poeta
945 2533 1232 2592 enuntiavit,
1265 2542 1426 2581 moeret

297 2608 348 2649 et
369 2603 558 2649 iseum
578 2602 755 2657 ιιναείε,
780 2608 832 2646 et
847 2598 1043 2661 quidem
1074 2601 1252 2646 relictis
1280 2614 1311 2645 s
1339 2614 1421 2653 se3

301 2674 362 2713 ut
383 2664 505 2713 adeo
525 2663 704 2712 amoris
725 2672 848 2711 aestu
863 2666 1044 2725 jactata
1070 2662 1254 2711 lectum
1282 2677 1426 2711 suum

297 2726 568 2793 reliquerit,
591 2743 707 2776 mox
723 2727 902 2775 iterum
925 2726 1190 2791 repetierit.
1223 2726 1351 2775 Sane
1368 2742 1426 2774 ea

300 2808 411 2856 qua
445 2791 754 2849 antecedunt,
791 2794 898 2839 Sola
921 2794 1049 2839 domo
1079 2798 1238 2865 mter-et
1266 2806 1423 2865 vocuo,

299 2855 1090 2983 aeffifflfflffpsszflffi?
1103 2854 1430 2981 33ἓῖἛὲ

299 2986 356 3033 in
392 3001 452 3033 eo
483 2982 709 3042 triclinio,
781 3000 842 3032 uo
877 2992 1024 3032 anteo.
1058 2993 1200 3031 erant
1231 2982 1424 3041 eoemu,

301 3050 499 3107 lectum,
517 3064 612 3111 quo
629 3063 742 3097 eum
821 3064 913 3096 nea
929 3048 1232 3104 accubuerat,
1250 3062 1424 3109 agnos-

300 3114 384 3172 cit,
407 3114 683 3175 iterumque
711 3112 754 3160 ei
787 3111 1010 3165 incubat}
1046 3111 1175 3175 quod
1206 3122 1426 3159 unientes

299 3177 464 3226 fecere
483 3177 656 3235 solent,
681 3186 732 3224 et
759 3176 888 3238 quod
919 3175 1062 3223 toties
1091 3175 1364 3225 amantibus
1397 3190 1428 3223 a

301 3242 462 3307 poetis
485 3240 729 3290 tribuitur.
789 3240 946 3304 Epist.
983 3240 1128 3288 ovid.
1153 3256 1200 3297 x,
1227 3242 1286 3287 51
1321 3254 1422 3302 sqq.

301 3310 433 3369 δορα
456 3314 602 3355 ms·
623 3312 791 3367 repeto,
813 3308 893 3367 qm·
922 3322 1002 3352 nos
1028 3312 1268 3366 acceperat
1298 3306 1427 3351 ambo

299 3374 436 3420 -Et
457 3380 554 3428 tua,
573 3386 664 3432 qua
680 3386 862 3430 pontus
879 3385 966 3431 pro
988 3376 1032 3416 te
1054 3371 1248 3431 vestigia
1272 3376 1422 3430 tango,

303 3438 566 3497 Serumque,
576 3450 676 3496 «με
685 3436 892 3481 membris
903 3436 1134 3494 intepuere
1144 3436 1250 3479 tuis.
1267 3432 1430 3481 Strata

301 3498 364 3549 de
381 3508 490 3547 toro
506 3498 823 3547 convivarum
841 3496 1081 3545 dicuntur.
1133 3497 1224 3545 Est
1239 3512 1428 3559 quoque

301 3572 456 3612 uraca
485 3563 656 3619 lectus,
681 3570 736 3609 ut
763 3560 848 3609 ins.
882 3562 978 3609 392
1008 3560 1182 3617 dictus,
1222 3576 1318 3622 quo
1348 3576 1424 3609 se·

301 3628 422 3677 dent
443 3634 531 3675 sut
551 3627 786 3674 recubent
807 3624 859 3673 in
883 3625 1095 3673 thalamo
1117 3640 1204 3672 seu
1227 3623 1424 3672 cubicu-
1520 3640 1543 3670 s

303 3692 378 3741 lo:
415 3689 807 3754 quandoquidem
839 3689 1016 3765 priscae
1041 3689 1156 3737 vitae
1190 3688 1423 3753 simplici-

303 3766 378 3805 ω
409 3754 622 3803 eundem
645 3763 802 3802 torum
837 3768 890 3801 in
921 3754 1094 3801 eodem
1123 3752 1347 3801 cubiculo
1379 3761 1430 3800 et

303 3819 588 3869 sedentibus
625 3827 678 3865 et
730 3817 1086 3866 dormientibus
1139 3816 1428 3865 destinabat.

305 3882 578 3933 Fatendum
619 3892 783 3929 tamen
821 3882 947 3930 hanc
991 3890 1150 3946 poetoe
1193 3881 1430 3929 rationem

301 3947 414 4013 plus
433 3948 556 3997 srtis
577 3946 852 3995 habitin-sm
883 3961 990 3993 esse
1019 3961 1164 4021 quam
1195 3944 1428 4010 simplici-

301 4013 448 4069 min
483 4022 542 4060 ut
576 4009 743 4059 malim
774 4010 1002 4074 praeferre
1031 4009 1082 4057 ad
1112 4009 1241 4073 quod
1309 4008 1432 4057 rimo

303 4076 410 4126 loeo
432 4074 657 4141 apposui.
717 4074 954 4123 Praeclare
977 4086 1140 4122 autem
1163 4074 1251 4122 illu
1314 4074 1427 4121 sub-

297 4142 484 4205 jicitur,
509 4143 641 4187 illest
662 4141 824 4187 absens
845 4143 1074 4188 absentem
1108 4140 1326 4199 auditque
1359 4140 1426 4185 ω’-

302 4210 480 4269 detque.

365 4272 444 4319 84.
485 4272 672 4319 Gremio
685 4286 703 4315 .-
736 4266 1075 4317 secubsntium
1093 4282 1276 4315 mensae
1290 4264 1428 4314 hahi-

303 4346 598 4449 mmssss—ssamff
617 4342 956 4445 aeganem-rect
969 4394 1258 4457 exquisitius
1271 4408 1430 4457 quam,

301 4464 430 4515 sein
453 4462 640 4517 annisa
675 4462 942 4523 etpesdest
977 4474 1068 4523 pro
1090 4468 1236 4514 sunu
1273 4466 1322 4506 et
1343 4460 1429 4506 mu·-

1487 1656 1561 1687 ¹⁸ae
1594 1654 1836 1697 murorum,
1876 1640 2005 1689 muri
2052 1641 2154 1700 alti,
2188 1642 2327 1717 qussi
2359 1643 2618 1695 altitudine

1489 1718 1579 1752 sus
1601 1703 1865 1760 minantes;
1888 1706 1981 1752 hoc
2004 1704 2433 1769 simplicissimum,
2455 1716 2508 1757 et
2527 1724 2623 1759 usu

1489 1776 1649 1831 poeta»
1662 1768 2048 1831 frequentatum:
2074 1785 2183 1834 sup.
2199 1768 2231 1827 i,
2253 1772 2359 1819 162.
2392 1774 2521 1823 Hine
2541 1782 2617 1823 at-

1489 1848 1577 1894 que
1590 1836 1698 1880 lino
1716 1841 1857 1880 ωηο
1872 1849 2009 1894 rupes
2020 1836 2279 1908 geminique
2300 1838 2536 1885 minentur
2557 1840 2617 1885 In

1489 1898 1651 1943 coelum
1664 1898 1849 1957 scopuli.
1886 1896 1965 1944 De
1982 1896 2263 1945 eminentiis
2284 1914 2534 1947 murorum
2556 1916 2615 1950 ae

1487 1959 1672 2022 pinnis,
1712 1957 1979 2021 ἐπάλξεσιν,
2015 1970 2312 2025 acceperunt
2338 1965 2442 2024 jem
2477 1973 2613 2012 vete-

1489 2039 1597 2079 res3
1622 2023 1708 2071 sed
1723 2023 1815 2072 hoc
1833 2040 1982 2073 sensu
1998 2029 2131 2073 minae
2154 2026 2447 2083 technicum,
2466 2027 2613 2076 adeo·

1489 2100 1584 2149 que
1624 2086 1709 2135 vix
1746 2087 2005 2150 poeticum,
2051 2098 2102 2136 et
2140 2089 2379 2138 seriorum
2417 2089 2615 2153 quidem

1489 2149 1783 2214 scriptorum
1835 2152 2123 2200 vocabulum
2189 2154 2341 2203 fiiisse
2408 2154 2615 2205 videtur.

1487 2216 1711 2262 Machina
1727 2213 1887 2278 simpl.
1911 2216 2079 2273 moles,
2097 2217 2385 2267 aedifieium:
2420 2218 2491 2267 sic
2510 2235 2615 2269 me-

1487 2277 1585 2353 lius
1606 2286 1741 2353 puto,
1766 2293 1911 2353 quam
1933 2279 1993 2327 de
2022 2280 2171 2343 tignis
2206 2282 2401 2331 statutis
2431 2294 2483 2332 et
2512 2284 2614 2332 col-

1487 2342 1667 2453 gg'uu’
1700 2344 1875 2405 quibus
1908 2343 2145 2393 insistunt
2176 2345 2257 2408 qui
2294 2360 2461 2396 muros
2494 2364 2613 2397 oon—

1525 2416 1677 2454 ciunt.

1568 2472 1632 2518 90
1692 2484 1793 2533 sqq.
1870 2470 2064 2519 Habuit
2100 2485 2247 2535 poeta
2298 2474 2342 2523 A
2411 2474 2617 2524 llonium

1490 2534 1650 2582 Rhod.
1674 2549 1819 2597 quem
1838 2545 2124 2596 sequeretur
2138 2536 2192 2584 in
2214 2552 2273 2585 co
2336 2538 2347 2548 '
2372 2538 2431 2586 ‘is
2453 2540 2485 2586 J
2488 2554 2611 2587 uno-

1487 2598 1567 2646 nis
1596 2606 1647 2646 et
1676 2598 1887 2647 Veneris
1920 2598 2257 2649 conferendis:
2294 2600 2390 2649 vid.
2424 2602 2507 2649 lib.
2543 2602 2614 2661 iii,

1489 2678 1581 2725 pr„
1607 2661 1695 2711 sed
1724 2678 1813 2710 suo
2014 2674 2130 2711 ento
2160 2672 2213 2712 et
2244 2665 2451 2713 consilio
2482 2680 2613 2729 prae-

1489 2726 1619 2775 clsre
1632 2726 2015 2775 accomodavit
2025 2727 2230 2793 sing-ula.
2278 2730 2309 2777 J
2314 2744 2411 2779 uno
2424 2738 2615 2779 tnnmm

1490 2792 1659 2839 abesse
1694 2788 1841 2849 videt,
1866 2801 1921 2838 ut
1954 2806 2018 2839 ex
2052 2802 2341 2856 tempestate
2374 2803 2618 2843 commota

1494 2854 1815 2931 Trojsnisque
1832 2855 1886 2903 in
1904 2854 2083 2905 Afrioae
2104 2856 2270 2906 littora
2290 2857 2459 2919 ejectis
2476 2858 2612 2921 quie-

1493 2932 1639 2981 quam
1661 2918 1757 2967 sibi
1777 2935 1856 2968 res
1876 2920 2157 2983 procedant,
2179 2930 2237 2969 ut
2257 2922 2419 2985 potius
2442 2921 2613 2985 Troja-

1493 2982 1571 3030 nis
1592 2982 1685 3031 hoe
1707 2982 1872 3047 ipsum
1894 2984 2161 3048 hospitium
2179 2984 2325 3033 saluti
2357 2985 2435 3035 sit.
2494 2986 2612 3035 Mu-

1493 3046 1607 3094 tatis
1630 3046 1780 3109 igitur
1802 3064 1867 3096 ex
1884 3063 1939 3096 re
1958 3048 2189 3107 consiliis,
2214 3058 2430 3099 servatos
2452 3050 2543 3099 hos
2560 3065 2614 3099 se

1491 3108 1646 3159 invite
1674 3111 1911 3173 Trojanos
1945 3128 2111 3161 arcere
2146 3114 2318 3162 saltem
2354 3112 2518 3163 studet
2553 3116 2615 3163 ab

1493 3174 1661 3229 Italia:
1689 3174 1835 3238 idque
1864 3176 1979 3239 agit,
2002 3186 2061 3226 ut
2075 3177 2273 3240 Trojsni
2305 3194 2415 3227 cum
2449 3178 2616 3227 Poenis

1489 3253 1590 3287 una
1610 3238 1807 3288 civitate
1835 3242 2118 3303 jungantur.
2178 3242 2289 3291 Hoc
2324 3258 2378 3291 se
2414 3242 2613 3291 effectu-

1489 3318 1595 3351 ram
1617 3314 1795 3367 sperat,
1820 3304 1993 3352 AEneae
2020 3322 2131 3353 cum
2164 3306 2359 3355 Didone
2390 3306 2617 3369 conjugio

1491 3366 1628 3415 inito.
1708 3370 1995 3432 Approbsre
2034 3370 2127 3416 hoc
2171 3370 2432 3419 consilium
2566 3379 2618 3417 st

1495 3431 1708 3487 Veneri3
1756 3448 1879 3495 quae,
1915 3448 2026 3481 cum
2068 3434 2187 3481 satis
2226 3444 2429 3490 teneret,
2522 3433 2617 3481 tale

1493 3511 1601 3543 esse
1622 3496 1794 3543 AEneae
1809 3505 1867 3543 ut
1882 3496 1934 3544 in
1956 3496 2100 3545 Italis
2120 3497 2353 3554 considat,
2372 3508 2424 3544 et
2442 3496 2505 3543 de
2526 3498 2558 3544 J
2560 3512 2614 3543 ο-

1495 3558 1569 3607 vis
1613 3561 1860 3607 voluntate
1906 3560 2070 3608 omnia
2117 3569 2365 3624 comperta
2414 3559 2619 3608 baberet

1497 3623 1516 3684 (
1546 3639 1627 3734 uf.
1652 3622 1685 3681 i,
1711 3626 1821 3681 258,
1846 3640 2001 3671 cernes
2024 3626 2179 3670 urbem
2196 3631 2243 3670 et
2258 3626 2483 3684 prou-im
2517 3626 2615 3672 La-

1491 3690 1566 3735 oin
1610 3688 1801 3743 Moenia,
1826 3686 1943 3747 etc.)
1960 3685 2235 3734 dissimulat
2256 3697 2434 3745 tumen,
2460 3696 2510 3734 et
2524 3685 2614 3736 du-

1493 3750 1745 3799 bitationis
1760 3760 1949 3798 tantum
1967 3750 2073 3798 loco
2088 3750 2218 3799 hunc
2238 3751 2434 3799 fatalem
2450 3766 2616 3799 rerum

1494 3814 1717 3863 ordinem
1752 3826 2014 3871 memorum
2050 3824 2280 3863 caeterum
2316 3830 2419 3864 rem
2459 3816 2613 3863 Jnno-

1495 3880 1575 3929 nis
1600 3879 1801 3928 arbitrio
1830 3878 2084 3943 permittit,
2110 3889 2259 3943 utque
2290 3880 2475 3928 AEneas
2504 3892 2617 3927 eum

1497 3944 1694 3992 Didone
1724 3944 2065 4007 congrediatur
2108 3944 2249 3993 facile
2278 3943 2476 4009 patitur,
2506 3957 2618 3991 eum

1495 4009 1560 4056 sd
1581 4024 1821 4057 summam
1840 4024 1999 4057 eausae
2021 4008 2143 4056 nihil
2164 4008 2280 4056 inde
2302 4006 2418 4057 mali
2439 4006 2615 4055 timen-

1496 4072 1613 4121 dum
1634 4084 1777 4123 esset.

1563 4138 1640 4195 90,
1670 4138 1746 4185 91.
1782 4138 1935 4195 Peste,
1968 4136 2175 4185 exitioso
2209 4136 2392 4193 morbo,
2424 4150 2617 4192 ωσι-ες

1496 4201 1557 4249 cf.
1596 4201 1628 4259 i,
1662 4200 1773 4251 ⁷12.
1844 4204 2046 4258 Famam,
2083 4201 2129 4248 h.
2169 4216 2210 4248 e.
2246 4199 2389 4247 famae
2422 4215 2617 4257 curam3

1497 4280 1599 4313 non
1620 4264 1753 4312 illam
1768 4265 1873 4326 jam
1894 4264 2035 4313 malae
2055 4262 2195 4313 fsmae
2216 4273 2349 4312 metu
2371 4263 2617 4313 revocari:

1497 4329 1557 4377 cf.
1582 4344 1626 4377 v.
1658 4329 1763 4379 170.

1576 4394 1785 4441 93—95.
1844 4394 1999 4455 Spolia
2046 4400 2215 4441 ornate
2267 4408 2359 4457 pro
2402 4392 2619 4441 victoria.

1497 4459 1639 4516 Puer,
1667 4458 1791 4515 ταῖς,
1821 4457 1965 4515 filius,
1996 4472 2075 4507 res
2106 4466 2223 4507 nota
2250 4458 2329 4507 vel
2362 4473 2426 4507 ex
2456 4458 2616 4505 Hore-

1427 4524 1512 4569 21·
