3050 4934
1184 250 1525 316 LIBER
1572 249 1752 318 Vll.

2489 252 2614 316 441

471 396 917 483 vestigemus,
948 409 1017 464 et
1046 421 1085 464 a
1115 411 1313 484 portu
1342 401 1602 466 diversa
1626 409 1948 486 petamus.

472 498 671 564 Nunc
701 510 965 584 pateras
994 499 1193 566 libate
1222 500 1269 566 J
1272 502 1396 578 ovi,
1426 502 1864 586 precibusque
1894 512 2120 568 vocate

471 597 809 666 Anchisen
838 602 1219 685 genitorem,
1250 613 1319 667 et
1346 602 1495 668 vina
1520 603 1820 687 reponite
1849 604 2112 668 mensis.

304 700 427 764 135
470 700 581 766 Sic
610 701 849 766 deinde
879 701 1117 768 effatus
1148 703 1477 769 frondenti
1506 714 1804 788 tempora
1829 725 2009 768 ramo

470 800 790 887 Implicat‚
822 812 890 867 et
922 802 1337 888 Geniumque
1364 802 1512 880 loci,
1544 804 1944 888 primamque
1976 805 2247 872 deorum

472 900 825 980 Tellurem,
856 902 1355 989 Nymphasque,
1383 916 1451 968 et
1478 903 1695 969 adhuc
1725 905 1948 990 ignota
1977 916 2285 993 precatur

2500 965 2551 980 ..θ’

470 1001 799 1081 Flumina3
846 1015 984 1068 tum
1012 1003 1316 1082 Noctem,
1350 1004 1716 1089 Noctisque
1743 1006 2017 1070 orientia
2046 1008 2254 1090 signa,

470 1101 847 1188 Idaeumque
875 1103 922 1169 J
924 1127 1131 1182 ovem,
1164 1105 1650 1189 Phrygiamque
1677 1127 1764 1170 ex
1793 1106 2020 1171 ordine
2049 1119 2340 1186 matrem,

304 1203 429 1268 140
470 1202 763 1281 Invocat,
794 1214 862 1269 et
890 1204 1185 1290 duplices
1216 1204 1534 1291 Coeloque
1567 1205 1923 1290 Ereboque
1953 1219 2281 1292 parentes.

472 1303 605 1370 Hic
633 1316 822 1390 pater
850 1306 1259 1390 omnipotens
1290 1316 1391 1370 ter
1418 1305 1587 1372 coelo
1616 1305 1828 1374 clarus
1859 1309 1944 1372 ab
1976 1307 2108 1374 alto
2199 1335 2208 1344 ²

470 1404 795 1485 Intonuit;
841 1407 1171 1492 radiisque
1202 1407 1540 1472 ardentem
1570 1405 1732 1472 lucis
1760 1419 1830 1474 et
1857 1430 2018 1472 auro

472 1505 626 1591 Ipse
655 1529 850 1572 manu
876 1509 1173 1592 quatiens
1206 1508 1493 1573 ostendit
1518 1509 1606 1572 ab
1633 1506 1880 1574 aethere
1908 1509 2169 1575 nubem.

470 1607 744 1673 Diditur
772 1607 877 1674 hic
908 1609 1125 1676 subito
1153 1608 1445 1694 Trojana
1472 1630 1596 1694 per
1625 1608 1880 1693 agmina
1907 1631 2152 1687 rumor,

304 1709 427 1774 145
470 1706 839 1774 Advenisse
872 1710 1045 1774 diem
1073 1731 1205 1795 quo
1232 1709 1457 1774 debita
1483 1710 1724 1775 moenia
1749 1709 2056 1776 condant.

472 1809 787 1876 Certatim
815 1811 1179 1876 instaurant
1206 1810 1459 1896 epulas,
1490 1822 1688 1896 atque
1720 1811 1928 1876 omine
1958 1831 2195 1894 magno

473 1911 779 1976 Crateras
808 1910 940 1975 laeti
969 1921 1287 1989 statuunt,
1318 1922 1387 1976 et
1414 1913 1564 1978 vina
1591 1921 1928 1978 coronant.

558 2012 835 2078 Postera
863 2035 1063 2097 quum
1091 2013 1299 2098 prima
1325 2011 1650 2082 lustrabat
1671 2011 1972 2096 lampade
2003 2021 2210 2080 terras

2349 2029 2444 2058 f

474 2113 643 2178 Orta
674 2114 851 2192 dies3
896 2116 1148 2192 urbem,
1180 2124 1249 2180 et
1276 2115 1467 2192 fines,
1498 2125 1568 2178 et
1595 2113 1814 2180 littora
1841 2113 2054 2197 gentis

302 2216 427 2280 150
469 2215 738 2280 Diversi
766 2213 1145 2301 explorante
1189 2215 1333 2281 haec
1361 2215 1560 2280 fontis
1593 2225 1824 2300 stagna
1851 2214 2140 2293 Numici,

470 2317 672 2381 Hunc
700 2315 1025 2401 Thybrim
1052 2315 1339 2392 fluvium,
1370 2315 1479 2381 hic
1506 2316 1710 2380 fortes
1742 2316 2038 2382 habitare
2071 2315 2364 2384 Latinos.

471 2417 648 2482 Tum
678 2428 857 2482 satus
884 2413 1179 2482 Anchisa
1208 2415 1497 2483 delectos
1527 2417 1756 2482 ordine
1783 2416 1868 2481 ab
1896 2418 2070 2482 omni

471 2517 751 2583 Centum
782 2527 1073 2584 oratores
1102 2527 1382 2602 augusta
1408 2517 1497 2582 ad
1524 2517 1762 2582 moenia
1790 2518 1966 2601 regis

472 2619 579 2684 Ire
598 2619 817 2704 jubet,
844 2620 1037 2684 ramis
1066 2617 1315 2708 velatos
1345 2617 1632 2684 Palladis
1659 2639 1907 2694 omnes,

306 2721 431 2785 155
474 2721 799 2804 Donaque
830 2719 1001 2784 ferre
1031 2721 1193 2797 vir0,
1226 2741 1582 2804 pacemque
1613 2739 1968 2803 exposcere
1998 2716 2298 2782 Teucris.

472 2821 678 2888 Haud
704 2843 921 2900 mora;
968 2819 1277 2886 festinant
1297 2821 1491 2906 jussi,
1522 2820 1897 2906 rapidisque
1926 2819 2226 2884 feruntur

372 3076 479 3133 1³3,
515 3076 623 3123 184.
671 3073 981 3138 Expectabas
1010 3073 1105 3122 hoc
1136 3089 1169 3122 a
1200 3071 1429 3138 religioso

298 3140 501 3189 homine
531 3139 705 3196 AEnea,
729 3147 785 3186 ut
806 3155 835 3186 a
855 3138 943 3187 rel'
982 3137 1093 3186 ‘one
1124 3138 1321 3186 initium
1356 3139 1425 3186 sa-

296 3213 463 3259 ceren
497 3203 724 3268 inprimis
755 3217 867 3250 cum

296 3283 475 3334 preces
506 3277 561 3316 et
590 3283 729 3318 sacra
764 3266 957 3324 faciant,
998 3282 1111 3314 cum
1146 3266 1309 3314 omine
1344 3282 1425 3314 ac-

294 3341 459 3397 cepto,
500 3341 604 3380 tum
640 3345 847 3380 escensu
884 3331 959 3378 vel
996 3330 1133 3379 aditu
1172 3329 1227 3378 in
1264 3330 1425 3378 locum

296 3407 523 3462 optatum
560 3397 703 3444 facto.
766 3397 1003 3456 quiu,
1043 3409 1135 3459 pro
1176 3393 1423 3470 apponite,

298 3461 485 3526 ponite,
516 3460 709 3525 poetica
740 3459 945 3517 ratione,
972 3469 1030 3508 ut
1053 3461 1174 3507 Geo.
1208 3474 1273 3516 nr,
1300 3459 1421 3513 3782

296 3535 352 3601 et
380 3533 573 3588 paterae
604 3527 753 3574 libare
784 3525 941 3588 magis
978 3524 1225 3587 poeticum
1262 3538 1423 3586 quam,

298 3605 485 3638 vmum.

370 3655 639 3704 naa-140.
678 3653 741 3702 In
762 3651 989 3717 precibus
1012 3667 1121 3714 quae
1140 3659 1423 3714 sequuntur,

297 3727 557 3782 unguntum
597 3717 883 3781 religionem
916 3715 1103 3764 faciunt
1137 3726 1189 3764 et
1220 3731 1423 3765 venera-

298 3783 487 3832 tionem
526 3792 724 3832 movent
756 3779 953 3830 nomina
982 3780 1183 3828 deorum
1214 3795 1277 3828 ex
1297 3779 1422 3828 anti-

297 3847 471 3910 quiore
505 3847 743 3910 religione
777 3846 1013 3902 desumto,
1054 3861 1149 3907 qua
1188 3853 1425 3900 naturam,

298 3921 491 3962 nature
511 3920 690 3976 partes,
726 3910 857 3959 vires
890 3917 941 3958 et
968 3907 1211 3956 elementa
1242 3908 1345 3956 fere
1374 3907 1427 3954 in

297 3973 936 4103 Ξέζῗῗῗί-’,ἱιῗὶῗεᾚὶᾞηέῗ
974 3973 1159 4086 ἯΫὛ
1190 3971 1423 4086 {¹33³th

1128 4072 1141 4086 ·
1283 4071 1297 4095 ν

300 4103 505 4152 mention
523 4104 729 4154 numina
748 4102 957 4164 subjicit,
978 4119 1037 4150 ex
1059 4106 1216 4150 ordine
1242 4102 1424 4162 ἑφεξῆς,

298 4169 549 4233 deinceps.
605 4171 827 4230 Displicet
848 4169 1057 4228 Caeloque
1080 4169 1314 4227 Ereboque
1334 4183 1423 4227 pa-

300 4241 469 4290 rentes,
494 4241 657 4282 utrum
690 4249 753 4281 ue
774 4239 1043 4296 parentem,
1069 4231 1313 4278 Venerem
1346 4230 1423 4277 in-

302 4307 381 4346 ter
400 4297 533 4355 deos,
558 4297 667 4346 Aac
702 4297 809 4345 isen
833 4295 961 4344 inter
985 4295 1176 4342 Manes.

386 4363 474 4409 141
518 4376 622 4423 sqq.
680 4359 955 4424 Augurium
1006 4359 1187 4416 loetum,
1240 4357 1422 4406 tonitru

298 4426 427 4474 coelo
448 4441 634 4474 sereno.
688 4425 801 4474 Hoc
824 4441 867 4472 v.
896 4425 1003 4482 146,
1026 4441 1151 4472 om
1172 4439 1395 4485 magnum.

1561 3074 1670 3132 150,
1690 3073 1796 3122 151.
1821 3074 2020 3132 Diversi,
2045 3071 2311 3122 secundum
2333 3071 2418 3121 ina
2438 3089 2484 3122 v.
2503 3073 2612 3133 1³2,

1493 3155 1525 3186 a
1551 3147 1690 3200 portu
1712 3142 1892 3186 diversa
1913 3145 2136 3200 mamn-
2195 3137 2331 3186 Hinc
2363 3136 2526 3201 itaque
2549 3138 2614 3187 ad

974 3202 1121 3250 lenne
1152 3203 1245 3250 hoc
1278 3202 1345 3250 sit
1372 3211 1431 3250 ut
1494 3202 1729 3260 Tiberim,
1765 3201 1898 3250 illinc
1924 3202 1986 3250 ad
2009 3201 2294 3250 Numicium
2319 3217 2474 3265 mque
2495 3217 2608 3267 pro-

1493 3275 1710 3324 currunt,
1727 3265 1936 3314 habitari
1954 3266 2060 3314 loca
2077 3281 2108 3314 a
2120 3265 2311 3314 Latinis
2329 3267 2611 3316 resciscunt.

1489 3329 1856 3392 Num'eiisonu's
1876 3338 2044 3392 stagna
2065 3345 2155 3378 seu
2175 3340 2346 3378 ornate
2367 3346 2458 3395 pro
2478 3331 2614 3379 fonte

1488 3394 1632 3451 dicta,
1655 3409 1744 3442 seu
1764 3393 1896 3456 quod
1927 3393 2066 3442 tardo
2087 3403 2136 3442 et
2168 3393 2315 3442 tacito
2336 3403 2473 3442 motu
2505 3409 2610 3442 am-

1489 3459 1569 3507 nis
1590 3459 1847 3515 ferebatur,
1869 3457 1984 3505 ulva
2005 3457 2113 3520 ipse
2133 3467 2186 3506 et
2205 3457 2324 3506 limo
2343 3457 2544 3506 obsitus.

1559 3524 1828 3570 152-155.
1863 3523 2074 3569 Delector
2104 3524 2263 3568 ordino
2291 3523 2355 3568 ab
2387 3525 2520 3580 omni,
2547 3537 2612 3570 ex

1488 3587 1716 3634 omnibus
1744 3583 2007 3632 ordinibus.
2065 3586 2226 3632 Ram&
2257 3586 2426 3634 velatu
2447 3587 2611 3634 Paua-

1488 3653 1590 3698 ὀὴ.-
1626 3647 1874 3712 lxm-opius,
1901 3647 2097 3696 frondes
2119 3646 2395 3712 oleagineos
2415 3647 2614 3700 vitum

1490 3714 1713 3764 manibus
1745 3711 1974 3777 preferre
2005 3711 2212 3776 putandi
2243 3721 2372 3761 mt-
2440 3715 2612 3774 Velm-i,

1488 3778 1688 3843 proprie
1717 3777 1779 3825 de
1817 3775 2012 3824 corollis
2047 3785 2100 3824 et
2133 3775 2281 3834 vittis,
2315 3792 2425 3840 «με
2455 3777 2610 3826 ambi-

1490 3852 1596 3900 unt,
1637 3841 1853 3905 adeoque
1893 3849 2078 3904 tegunt,
2118 3841 2343 3899 fiunem,
2379 3851 2611 3916 tempora.

1490 3905 1764 3956 Transtulit
1801 3907 1892 3954 hoc
1921 3915 2069 3970 poeta
2103 3905 2166 3954 ad
2197 3921 2359 3955 ramos
2393 3906 2529 3955 vitus
2562 3915 2615 3954 et

1490 3971 1659 4046 infulis
1686 4035 1696 4046 ⁸
1713 3970 1980 4028 obvolutos,
2025 3970 2108 4032 qui
2159 3969 2542 4046 preferebantur
2579 3985 2616 4018 a

1490 4053 1584 4150 33
1616 4037 1684 4149 {2⁰
1684 4037 1794 4149 ¹2:¹⁸
1795 4035 2458 4162 5112‘532’323052‘3?
2477 4033 2614 4147 ἐξ

1489 4179 1683 4282 Ξῗέ,·
1714 4162 2614 4294 {ffiffi‘sfflfflfflssffm“3

1490 4291 1667 4342 vittati.
1727 4291 1886 4354 Igitur
1917 4293 2058 4340 velati
2087 4296 2244 4350 ramis,
2267 4291 2500 4341 habentes
2532 4307 2610 4341 ra-

1488 4373 1596 4406 mos
1621 4356 1818 4404 vittatus
1851 4355 2088 4404 manibus.
2147 4357 2338 4415 Pacem,
2372 4357 2530 4408 foedus
2563 4365 2614 4405 et

1489 4419 1770 4478 amicitiam,
1793 4430 1850 4469 ut
1871 4429 1920 4469 et
1943 4420 2074 4470 alibi.

1412 4488 1496 4532 31,
