3050 4934
504 250 592 313 54

1336 245 1983 314 BUCOLICON

673 398 978 464 Carmina
1009 409 1161 464 sunt
1191 396 1504 464 dicenda:
1552 408 1751 482 neget
1778 398 1925 481 quis
1954 395 2239 460 carmina
2268 389 2465 458 Gallo
2481 393 2511 452 ἲ

675 499 785 563 Sic
815 501 956 575 tibi,
987 521 1189 583 quum
1213 497 1452 563 fluctus
1487 497 1937 562 subterlabere
1968 496 2263 570 Sicanos,

590 603 632 662 5
680 600 886 665 Doris
914 621 1132 662 amara
1163 620 1346 662 suam
1373 619 1504 662 non
1532 596 1971 661 intermisceat
1999 596 2263 660 undam.

674 700 936 784 Incipe:
984 699 1289 763 sollicitos
1323 697 1502 762 Galli
1528 699 1820 762 dicamus
1849 718 2124 774 amoreS,

675 800 858 864 Dum
888 811 1114 864 tenera
1144 798 1488 864 attondent
1517 800 1695 862 simae
1724 796 2005 882 virgulta
2033 795 2319 882 capellae.

676 900 834 965 Non
865 902 1152 964 canimus
1185 900 1438 964 surdis:
1487 899 1889 984 respondent
1918 899 2131 964 omnia
2162 897 2359 964 silvae.

765 1000 937 1073 Quae
968 1022 1255 1076 nemora,
1287 1009 1402 1064 aut
1430 1000 1546 1084 qui
1572 1022 1687 1064 vos
1720 999 1922 1064 saltus
1950 998 2266 1076 habuere,
2298 997 2532 1083 puellae

554 1103 634 1165 10
676 1101 955 1180 Naides,
987 1102 1255 1184 indigno
1286 1123 1488 1184 quum
1517 1099 1754 1165 Gallus
1786 1121 2003 1165 amore
2030 1101 2320 1184 periret?

675 1202 854 1267 Nam
882 1225 1094 1287 neque
1128 1201 1437 1266 Parnassi
1468 1201 1652 1266 vobis
1673 1201 1861 1285 juga,
1890 1223 2040 1264 nam
2070 1222 2281 1284 neque
2312 1199 2507 1266 Pindi
2556 1227 2563 1230 ·

679 1303 834 1367 Ulla
861 1325 1109 1367 moram
1135 1301 1373 1379 fecere,
1402 1322 1619 1384 neque
1649 1299 1864 1366 Aonie
1895 1298 2270 1385 Aganippe.

678 1403 866 1468 lllum
895 1404 1091 1468 etiam
1118 1401 1307 1479 lauri,
1339 1402 1535 1466 etiam
1564 1401 1805 1468 flevere
1836 1403 2133 1486 myricae3

679 1503 928 1568 Pinifer
957 1503 1136 1568 illum
1163 1505 1358 1568 etiam
1389 1502 1527 1567 sola
1558 1505 1682 1567 sub
1712 1524 1878 1587 rupe
1900 1502 2227 1587 jacentem

559 1608 641 1670 15
685 1605 1033 1683 MaenaluS,
1064 1616 1133 1670 et
1160 1604 1360 1689 gelidi
1388 1605 1712 1669 fleverunt
1741 1627 1901 1668 saxa
1932 1601 2173 1688 Lycaei.

680 1707 871 1771 Stant
899 1718 966 1772 et
995 1728 1148 1771 oves
1180 1708 1457 1771 circum:
1507 1705 1739 1788 (nostri
1768 1727 1891 1770 nec
1920 1706 2197 1790 poenitet
2224 1704 2401 1784 illas3

680 1808 827 1873 Nec
858 1821 923 1873 te
953 1809 1272 1893 poeniteat
1300 1808 1580 1892 pecoriS,
1614 1807 1827 1871 divine
1858 1815 2092 1891 poeta;

683 1909 777 1973 Et
803 1909 1126 1974 formosus
1157 1931 1311 1972 oves
1341 1909 1428 1972 ad
1457 1907 1722 1971 flumina
1752 1908 1930 1991 pavit
1958 1905 2269 1991 Adonis.)

679 2009 885 2074 Venit
911 2021 980 2074 et
1010 2009 1247 2094 upili03
1294 2009 1466 2072 tardi
1494 2030 1732 2073 venere
1764 2007 2067 2086 bubulci3

555 2113 641 2176 20
683 2111 942 2175 Uvidus
971 2111 1249 2175 hiberna
1279 2111 1454 2175 venit
1485 2112 1569 2175 de
1596 2109 1833 2194 glande
1866 2108 2226 2175 Menalcas,

576 2279 622 2335 4,
641 2279 684 2325 5.
721 2277 913 2326 Fluctus
933 2279 1242 2325 subterlabere
1260 2279 1461 2335 Sicanos,
1485 2275 1635 2324 maris
1698 2275 1817 2323 nino
1830 2275 1956 2322 hanc
1970 2274 2262 2323 sententiam
2272 2275 2445 2326 afferre
2462 2277 2672 2327 voluisse
2682 2279 2830 2330 vide—

515 2340 683 2399 Siculi,
705 2341 863 2396 Ionii3
899 2341 1030 2390 unde
1047 2345 1189 2390 Doris
1207 2357 1382 2398 amara,
1399 2356 1492 2416 pro
1510 2355 1636 2403 aqua

514 2406 642 2454 salsa
663 2421 719 2454 ac
737 2405 940 2454 marina.
998 2405 1209 2454 Videtur
1225 2405 1319 2454 hoc
1337 2421 1524 2469 prunus
1544 2405 1633 2453 ali-

514 2469 622 2532 quis
658 2485 722 2518 ex
751 2469 1100 2518 Alexandrinis
1134 2469 1294 2534 poetis
1325 2485 1544 2527 novasse,
1581 2477 1639 2518 ut

516 2533 669 2582 Nerei
693 2537 949 2597 conjugem
971 2535 1099 2582 hanc
1123 2533 1394 2582 Nereidum
1430 2543 1637 2582 matrem

518 2597 668 2660 (Met.
713 2597 764 2656 ii,
811 2601 919 2656 268,
969 2597 1088 2658 269)
1135 2613 1225 2672 pro
1270 2599 1393 2646 mari
1438 2598 1635 2646 diceret.

517 2663 652 2709 Nota
673 2673 750 2710 est
769 2663 847 2710 vel
870 2678 930 2710 ex
956 2662 1148 2710 Moschi
1174 2662 1292 2772 frag.
1319 2661 1386 2708 vii
1413 2662 1474 2708 de
1505 2662 1639 2710 fonte

516 2725 608 2772 hoc
639 2725 818 2774 Siciliae
851 2737 901 2774 et
932 2729 1038 2787 eJus
1066 2741 1178 2773 cum
1206 2727 1251 2772 A
1265 2725 1413 2800 pheo,
1439 2726 1641 2774 flumine

517 2789 690 2847 Elidis,
715 2789 990 2838 intercursu
1013 2789 1196 2838 fabula:
1229 2790 1327 2838 vid.
1354 2789 1496 2838 Ovid.
1515 2791 1639 2838 Met.

519 2869 564 2910 v,
590 2855 684 2900 513
707 2869 807 2916 sqq.
834 2853 893 2901 cf.
919 2855 1034 2901 AEn.
1060 2853 1128 2912 iii,
1155 2853 1264 2902 694.

582 2917 724 2965 6—8.
755 2921 980 2966 Sollicitos
999 2935 1184 2975 amores,
1205 2917 1289 2980 qui
1307 2917 1524 2966 animum
1542 2917 1637 2966 sol-

517 2981 704 3028 licitum
728 2981 954 3041 reddunt,
979 2982 1213 3040 cruciant,
1238 2981 1524 3039 πολυκηδὴς,
1550 2999 1635 3030 το-

517 3043 810 3107 λυμέριμνος.
896 3047 1101 3094 Tbeocr.
1145 3061 1192 3103 x,
1238 3047 1314 3103 20,
1357 3043 1641 3108 φρόνηστος

509 3108 672 3170 Ἔρως.
741 3112 808 3157 Re
1007 3118 1041 3168 t,
1084 3119 1317 3158 resonant
1357 3125 1448 3174 per
1489 3111 1637 3159 echo=

518 3172 578 3220 cf.
607 3172 790 3236 Popius
814 3174 1000 3222 Pastor.
1026 3173 1076 3232 ii,
1107 3176 1165 3221 13
1190 3190 1290 3236 sqq.

583 3236 614 3284 9
636 3252 737 3298 sqq.
776 3237 902 3285 Solae
923 3237 1108 3286 Naides
1131 3253 1228 3285 non
1253 3237 1476 3286 adfuistis
1498 3238 1642 3286 Gallo

519 3299 758 3348 moerenti.
841 3301 886 3348 E
927 3302 1131 3349 Theocr.
1184 3301 1324 3365 Idyll.
1361 3301 1393 3358 i,
1431 3303 1494 3350 66
1538 3319 1639 3365 sqq.

521 3363 762 3412 Miltonus
807 3364 860 3412 in
903 3365 1153 3422 Monodia,
1203 3365 1414 3428 Lycida:
1481 3369 1645 3415 Where

517 3444 635 3476 were
677 3445 748 3490 ye,
806 3431 1028 3491 Nympha,
1076 3437 1166 3477 etc.
1213 3432 1638 3492 Indigno—amore,

517 3508 612 3554 quo
638 3491 815 3556 dignus
840 3508 938 3540 non
964 3502 1096 3550 erat;
1133 3509 1243 3541 cum
1277 3492 1477 3541 meliore
1500 3493 1637 3542 flam-

517 3573 610 3615 ma,
647 3565 702 3604 ut
736 3557 858 3604 Hor.
890 3557 981 3605 Od.
1007 3557 1039 3615 i,
1065 3556 1143 3616 27,
1169 3557 1346 3620 dignus
1379 3567 1510 3605 esset
1544 3566 1643 3605 tam

517 3620 772 3679 obnoxius,
809 3631 906 3670 tam
939 3631 1168 3671 constans
1190 3632 1390 3681 amator,
1415 3638 1512 3671 non
1537 3631 1593 3670 ut
1615 3637 1645 3670 a

517 3685 708 3796 {erfida
729 3694 780 3734 et
807 3685 905 3736 levi
936 3687 1100 3750 puella
1131 3696 1458 3750 sperneretur.
1517 3687 1640 3736 Nai-

553 3765 604 3797 es
636 3749 843 3799 fontium
871 3759 921 3798 et
949 3750 1168 3799 amnium
1194 3751 1299 3800 deff
1324 3761 1453 3810 sunt,
1477 3751 1643 3814 itaque

516 3815 776 3862 Parnassus
831 3823 880 3862 et
933 3817 1112 3863 Pindus
1158 3825 1384 3878 respectu
1433 3814 1642 3863 fontium

517 3887 874 3934 memoranturg
922 3887 980 3925 ut
1021 3877 1073 3926 in
1115 3876 1359 3926 Helicone
1395 3882 1642 3941 Aganippe

517 3951 604 3989 est.
652 3947 809 3991 Aonas
825 3942 941 3990 olim
956 3941 1198 3990 Boeotiam
1218 3942 1478 3991 incoluisse
1499 3942 1644 3991 obvia

517 4019 597 4052 res
615 4015 703 4053 est.

588 4069 661 4127 14,
689 4071 759 4118 15.
797 4070 850 4119 Si
873 4079 1064 4120 montes
1081 4070 1320 4129 Arcadiae,
1341 4073 1572 4120 Maenalus
1592 4079 1643 4120 et

517 4134 714 4194 Lycoeus
747 4134 828 4196 (τὸ
859 4134 1100 4198 Λύκαιον),
1136 4135 1332 4184 Gallum
1366 4135 1635 4192 deflemnt3

517 4211 718 4244 necesse
741 4207 828 4256 est,
847 4199 900 4246 in
918 4199 1130 4248 Arcadia
1146 4215 1276 4248 nunc
1300 4200 1418 4264 fingi
1439 4201 1637 4249 Gallum

517 4263 615 4310 sola
633 4263 831 4323 subo-ape
839 4263 1076 4324 jacentem
1088 4284 1106 4318 ,-
1141 4265 1366 4314 Arcadiae
1387 4264 1537 4314 etiam
1554 4281 1633 4314 ac-

518 4325 822 4374 commodata
841 4337 956 4375 sunt
977 4329 1178 4392 reliqua.

586 4390 788 4439 16—18.
824 4393 989 4440 Nostri
1014 4409 1095 4440 uec
1109 4399 1306 4455 poem'tet
1333 4398 1452 4444 illas.
1516 4397 1635 4445 Om-

1700 2349 1806 2388 tur:
1843 2339 2009 2387 Etiam
2029 2339 2126 2402 ipsi
2144 2340 2307 2388 ovium
2326 2355 2514 2404 greges,
2532 2358 2835 2417 pascuorum

1701 2404 2025 2462 immemores,
2058 2413 2197 2452 tuum
2229 2403 2447 2454 dolorem
2478 2409 2701 2456 miserari
2732 2409 2833 2458 visi

1701 2477 1829 2517 sunt.
1888 2468 2000 2515 Hoc
2024 2483 2051 2516 e
2072 2469 2276 2518 Theocr.
2298 2469 2331 2516 l.
2350 2469 2381 2518 1.
2403 2486 2447 2518 v.
2474 2471 2550 2529 74,
2571 2472 2660 2527 75;
2694 2474 2835 2536 quod

1702 2548 1817 2581 cum
1864 2531 1995 2580 nude
2048 2547 2230 2596 ponere
2292 2543 2486 2597 poetam
2548 2535 2829 2597 dedeceret,

1703 2595 1928 2658 adjunxit
1969 2595 2191 2654 alterum,
2236 2599 2598 2648 commendatos
2634 2615 2693 2648 eo
2732 2615 2829 2650 no-

1706 2660 1837 2708 mine
1869 2675 2045 2722 greges
2084 2675 2206 2719 esse,
2242 2662 2457 2725 adeoque
2492 2679 2582 2711 nec
2614 2664 2833 2728 petitum

1704 2727 1767 2774 ab
1788 2723 1849 2773 iis
1870 2724 2101 2774 carminis
2122 2736 2465 2788 argumentum
2486 2727 2630 2776 Gallo
2650 2729 2831 2792 displi-

1704 2804 1814 2838 cere
1838 2789 2043 2837 debere:
2079 2798 2136 2837 ut
2156 2805 2262 2852 sup.
2284 2791 2391 2838 Ecl.
2413 2791 2477 2848 vi,
2500 2794 2545 2850 2,
2568 2801 2724 2842 amera
2746 2811 2837 2843 nec

1704 2857 1888 2902 erubuit
1929 2856 2069 2901 silvas
2110 2856 2321 2902 habitare
2370 2857 2551 2904 Thalia.
2627 2855 2837 2908 Scilicet

1704 2920 1853 2965 noem
1882 2934 1963 2965 nec
1988 2921 2185 2979 poeuitet
2216 2921 2322 2966 illas
2352 2919 2550 2993 proprie
2580 2929 2669 2978 est,
2706 2935 2831 2970 con-

1706 2989 1854 3029 tentae
1882 2990 1998 3029 sunt
2020 2981 2160 3030 nobis
2185 2985 2461 3045 pastoribus
2475 3002 2488 3040 ς
2524 2984 2609 3032 sed
2640 3000 2751 3033 cum
2774 2986 2835 3036 vi

1705 3044 1904 3103 dictum,
1919 3061 2023 3109 pro,
2044 3045 2259 3108 gaudent
2276 3047 2445 3104 nobis3
2468 3048 2694 3098 cantibus
2711 3066 2833 3099 nos-

1706 3109 1796 3158 tris
1818 3109 2135 3168 delectantur,
2159 3119 2209 3158 et
2231 3126 2359 3158 nunc
2394 3111 2541 3160 etiam
2574 3113 2837 3164 nobiscum

1704 3171 1875 3236 lugere
1900 3183 2083 3222 sortem
2106 3183 2319 3222 nostram
2350 3190 2449 3223 non
2470 3175 2831 3240 dedignantur-3

1706 3253 1798 3285 nec
1830 3247 1885 3286 tu
1906 3237 2070 3300 itaque
2097 3247 2182 3286 aut
2202 3253 2367 3286 curam
2395 3255 2563 3288 eorum
2588 3249 2635 3289 te
2662 3241 2831 3308 indig-

1708 3315 1820 3378 nam
1837 3301 2017 3364 Judica,
2044 3317 2134 3350 nec
2157 3302 2210 3376 in
2233 3317 2343 3378 meo
2364 3304 2579 3380 carmine
2601 3306 2693 3354 sub
2711 3323 2830 3371 pas-

1704 3367 2325 3504 ffiffnssfffa‘ssffirffiffi
2344 3367 2835 3484 ἓέὼῧηοὲωωῖὶοίῗΐέ

1707 3503 1944 3542 trectavn.
2020 3496 2113 3543 Est
2149 3495 2251 3544 haec
2296 3495 2357 3545 de
2392 3499 2604 3546 Adonide
2640 3507 2834 3560 pastore

1706 3558 1871 3672 Ραιιιὲἕ
1883 3559 2179 3607 reconditior
2188 3559 2349 3609 fabula
2360 3580 2371 3616 ς
2392 3561 2479 3609 sed
2493 3571 2569 3609 est
2580 3577 2610 3610 a
2619 3562 2831 3613 Theocr.

1706 3638 1741 3681 ι,
1858 3657 1872 3670 .

1778 3690 1851 3736 19.
1890 3687 1952 3736 In
1973 3687 2184 3752 repetito
2208 3692 2333 3736 veuit
2355 3690 2569 3738 colorem
2590 3690 2835 3742 orationis

1708 3751 1919 3800 similem
1944 3751 2223 3801 Homericae
2250 3752 2422 3816 Odyss.
2447 3759 2488 3813 θ,
2514 3756 2624 3812 822,
2648 3771 2829 3818 agnos-

1706 3817 1846 3864 cebat
1866 3816 2067 3865 Ernesti
2084 3816 2146 3864 ad
2162 3833 2205 3864 e.
2226 3817 2258 3864 l.
2318 3821 2451 3867 Vem't
2470 3827 2515 3866 et
2534 3822 2690 3881 apilio.
2743 3820 2833 3869 Ad

1706 3879 2051 3928 consolandum
2070 3881 2265 3928 Gallum
2282 3897 2530 3931 accessere
2547 3883 2694 3932 etiam
2710 3899 2827 3958 pas-

1708 3951 1865 3999 tores;
1902 3952 1953 3991 et
1982 3943 2197 4008 primum
2227 3944 2423 4006 quidem
2448 3963 2629 3996 venere
2660 3963 2831 3997 ovium

1706 4007 1944 4064 custodes,
1982 4016 2086 4056 tum
2122 4007 2334 4067 bubulci,
2371 4013 2500 4059 tarda·
2534 4027 2565 4060 a
2598 4011 2737 4061 lento
2776 4023 2834 4062 et

1708 4071 1845 4120 tardo
1863 4072 2091 4136 ingressu
2114 4073 2259 4120 boum
2282 4090 2403 4136 quos
2423 4086 2644 4139 pascunt.

1769 4138 1845 4184 20.
1890 4139 2079 4185 Uvidus.
2108 4137 2262 4185 Venit
2284 4139 2432 4187 etiam
2454 4140 2685 4189 subulcus
2708 4140 2827 4190 Me-

1702 4201 1894 4258 nalcas3
1924 4201 1985 4250 de
2005 4217 2115 4266 quo,
2135 4201 2187 4249 id
2238 4202 2335 4250 uod
2354 4204 2564 4252 maxime
2580 4204 2633 4252 in
2652 4205 2826 4254 subul-

1702 4281 1813 4315 cum
1834 4267 2134 4323 conveniret,
2152 4267 2213 4314 ad
2250 4265 2289 4316 ‘t
2308 4267 2425 4316 hoc:
2463 4284 2575 4316 eum
2592 4269 2743 4317 modo
2765 4270 2833 4320 de

1703 4341 1845 4380 nocte
1864 4330 1917 4379 in
1936 4331 2073 4380 silvis
2088 4329 2345 4394 glandibus
2364 4332 2426 4380 ad
2442 4341 2637 4397 pastum
2656 4335 2831 4398 gregis

1702 4395 1963 4445 hibernum
1992 4395 2215 4458 legendis
2247 4411 2471 4446 vacassez
2510 4397 2627 4446 hinc
2662 4401 2835 4449 uvidus
