3050 4934
499 291 629 354 562

1393 281 1919 349 AENEIDOS

499 442 626 504 555
672 439 934 515 Dicere,
968 439 1276 502 deturbat
1303 447 1524 512 terrae3
1574 445 1999 516 truncumque
2031 438 2361 512 tepentem

673 539 1092 615 ProvolvenS,
1124 559 1322 622 super
1349 537 1493 600 haec
1523 535 1779 599 inimico
1808 542 2075 617 pectore
2105 530 2309 593 fatur:

670 641 824 707 Istic
855 663 1049 716 nune,
1082 639 1451 714 metuende,
1474 637 1644 722 jace.

1722 635 1878 700 Non
1910 645 1975 698 te
2002 631 2245 717 optima
2272 637 2477 693 mater

671 743 928 807 Condet
957 741 1157 816 humi,
1189 740 1480 824 patriove
1510 738 1806 802 onerabit
1834 735 2121 799 membra
2152 730 2527 816 sepulchro:

672 842 955 907 Alitibus
985 842 1275 925 linquere
1306 841 1492 917 feris;
1540 849 1653 904 aut
1680 839 1938 922 gurgite
1968 857 2249 898 mersum

499 946 626 1012 560
673 945 872 1009 Unda
900 943 1089 1019 feret,
1122 943 1462 1027 piscesque
1492 941 1751 1024 impasti
1780 935 2045 1002 vulnera
2072 935 2381 1032 lambent²

675 1047 1000 1110 Protenus
1031 1042 1338 1107 Antaeum
1366 1052 1434 1106 et
1466 1038 1737 1116 Lucam,
1769 1040 1977 1124 prima
2004 1039 2259 1122 agmina
2286 1035 2521 1110 Turni,

673 1147 1121 1230 Persequitur,
1155 1145 1515 1228 fortemque
1547 1142 1855 1218 Numam,
1876 1138 2259 1223 'fulvumque
2289 1137 2681 1210 Camertem,

671 1249 1091 1333 Magnanimo
1121 1245 1476 1310 Volscente
1507 1257 1743 1320 satum,
1776 1243 2131 1308 ditissimus
2161 1241 2301 1326 agri

675 1352 810 1425 Qui
839 1349 960 1412 fuit
992 1345 1427 1423 Ausonidum,
1459 1357 1528 1410 et
1555 1345 1767 1410 tacitis
1799 1344 2093 1429 regnavit
2121 1339 2427 1426 Amyclis·

501 1457 630 1518 565
675 1453 951 1536 AEgaeon
983 1449 1213 1534 qualis»,
1245 1460 1505 1512 centum
1536 1449 1639 1512 eui
1670 1446 1939 1511 brachia
1968 1446 2214 1520 dicunt,

674 1554 1130 1635 centenasque
1160 1571 1409 1626 manus,
1441 1549 1912 1633 quinquaginta
1940 1547 2161 1610 oribus
2192 1545 2404 1628 ignem

675 1643 1190 1736 Pectoribusque
1221 1651 1480 1728 arsisse,
1512 1649 1560 1712 J
1562 1649 1698 1713 ovis
1728 1669 1875 1713 cum
1903 1647 2169 1712 fulmina
2198 1655 2423 1710 contra

673 1755 810 1819 Tot
839 1753 1107 1839 paribus
1143 1763 1467 1836 streperet
1495 1749 1745 1835 clipeis,
1777 1759 1876 1813 tot
1906 1751 2255 1832 stringeret
2284 1767 2502 1810 enses:

676 1858 783 1922 Sic
817 1865 955 1920 toto
987 1854 1237 1917 AEneas
1268 1853 1541 1918 desaevit
1568 1853 1634 1916 in
1665 1873 1925 1934 aequore
1956 1851 2185 1924 victor,

501 1960 631 2023 570
678 1958 772 2022 Ut
804 1953 1001 2021 semel
1030 1957 1308 2040 intepuit
1337 1975 1581 2018 mucro.
1660 1953 1839 2026 Quin
1868 1971 2018 2014 ecce
2047 1948 2321 2032 Niphaei

676 2057 1118 2141 Quadrijuges
1152 2059 1215 2119 in
1245 2078 1449 2139 equos
1481 2054 1883 2137 adversaque
1912 2060 2183 2135 pectora
2211 2049 2457 2126 tendit;

673 2159 896 2242 Atque
927 2157 1036 2233 illi,
1068 2155 1260 2240 longe
1291 2157 1691 2240 gradientem
1720 2163 1789 2217 et
1816 2152 1958 2216 dira
1985 2151 2365 2214 frementem

677 2260 773 2324 Ut
802 2259 1044 2334 videre,
1078 2269 1253 2322 metu
1285 2259 1454 2321 versi
1485 2267 1791 2339 retroque
1821 2263 2087 2318 ruentes

677 2360 1176 2444 Effimduntque
1207 2359 1462 2435 ducem,
1497 2359 1886 2441 rapiuntque
1918 2355 2002 2418 ad
2031 2353 2251 2418 littora
2280 2373 2531 2416 currus.

503 2465 632 2526 575
677 2461 938 2527 Interea
965 2461 1203 2546 bijugis
1235 2459 1431 2524 infert
1461 2481 1531 2522 se
1563 2458 1870 2542 Lucagus
1902 2455 2064 2520 albis

676 2564 754 2627 In
784 2564 1055 2638 mediOS,
1089 2561 1420 2644 fraterque
1455 2557 1687 2642 Liger3
1736 2555 1853 2621 sed
1882 2557 2085 2621 frater
2115 2555 2383 2619 habenis

676 2665 911 2729 Flectit
940 2685 1169 2747 equos,
1203 2663 1498 2726 strictum
1526 2670 1700 2724 rotat
1730 2681 1879 2722 acer
1912 2656 2221 2743 Lucagus
2250 2679 2489 2721 ensem.

677 2765 879 2830 Haud
911 2763 1057 2828 tulit
1089 2761 1335 2826 AEneas
1368 2772 1549 2827 tanto
1577 2761 1833 2826 fervore
1863 2761 2185 2824 furentes:

676 2867 896 2942 Irruit,
931 2865 1334 2946 adversaque
1365 2864 1594 2947 ingens
1624 2863 1927 2947 apparuit
1955 2862 2164 2925 hasta.

505 2969 633 3031 580
677 2966 800 3030 Cui
833 2965 1062 3048 Liger:

677 3063 832 3130 Non
865 3065 1203 3130 Diomedis
1231 3088 1458 3149 equos,
1493 3087 1611 3131 nec
1644 3086 1871 3129 currus
1902 3064 2110 3128 cernis
2141 3060 2405 3140 Achilli,

504 3243 596 3281 eta
630 3231 751 3279 illud
787 3240 1056 3294 sequuntur
1087 3231 1216 3294 quod
1243 3231 1404 3280 minus
1427 3231 1627 3294 vulgare

505 3306 594 3346 cst.

569 3363 664 3420 558
677 3385 743 3397 -·
759 3361 870 3408 560.
929 3363 1152 3408 Onerabit
1165 3380 1182 3407 .·
1229 3359 1416 3408 scilicet
1457 3360 1622 3424 sepul-

503 3426 675 3474 chrum
697 3426 744 3474 h.
770 3425 800 3472 1.
827 3434 903 3474 est
937 3425 1167 3482 tumulus,
1190 3423 1385 3484 τύμβος,
1420 3424 1622 3489 imposi-

501 3501 752 3603 3325&
751 3487 1467 3616 {Zasszfflkffi}”33„2²;{22⁰m
1477 3493 1627 3602 ⁹1:33³

681 3589 694 3602 0
1141 3589 1154 3612 2
1600 3581 1621 3591 -

503 3617 646 3667 rient.

583 3683 692 3730 561.
750 3683 914 3730 Prima
953 3687 1138 3745 agmina
1183 3686 1342 3738 Turni,
1385 3682 1464 3731 vel
1507 3699 1621 3744 προ-

1029 3755 1050 3794 t
1071 3758 1184 3796 ante
1207 3747 1417 3805 ordines,
1441 3746 1521 3794 vel
1542 3745 1627 3808 qui

957 3827 1122 3860 πεδί’.

567 3876 677 3922 564.
719 3877 1017 3923 Ausonidum.
1089 3874 1477 3929 Ausonidarum3
1522 3877 1623 3922 Au-

501 3942 684 3988 sonidae
717 3947 880 3988 autem
913 3955 1005 4003 pro
1029 3939 1310 3989 Ausonibus
1341 3939 1480 3996 dixit,
1516 3938 1622 4002 qui-

503 4005 606 4062 bus,
627 4019 738 4052 cum
761 4003 878 4052 olim
899 4018 1095 4050 omnem
1119 4003 1312 4052 ltaliam
1343 4004 1624 4051 inferiorem

503 4077 739 4125 tenerent,
773 4067 915 4116 sedes
947 4083 978 4116 a
997 4067 1200 4115 Circeiis
1222 4067 1284 4115 ad
1308 4067 1448 4114 Lirin
1470 4083 1624 4130 usque

502 4131 650 4180 etiam
675 4131 938 4181 serioribus
961 4132 1184 4181 aetatibus
1217 4147 1452 4180 mansere.
1509 4132 1623 4180 Jam

503 4195 556 4244 in
577 4195 656 4244 his
686 4197 806 4246 locis
838 4196 966 4244 inter
989 4195 1300 4244 Tarracinam
1321 4205 1372 4244 et
1403 4196 1624 4244 Caietam

498 4261 642 4318 juxta
659 4275 790 4308 mare
809 4263 1014 4322 Amyclae
1035 4260 1246 4320 fuerunt,
1266 4277 1294 4308 a
1317 4261 1627 4324 serpentibus

505 4321 689 4380 delete,
724 4340 812 4372 seu
846 4325 1026 4388 viperae
1067 4341 1153 4374 seu
1185 4325 1324 4390 hydri
1361 4325 1434 4374 illi
1474 4325 1624 4384 fuere,

505 4386 827 4436 incolentibus
848 4389 970 4437 urbe
1003 4391 1237 4438 excedere
1266 4391 1458 4438 coactis.
1519 4391 1628 4438 Has

509 4449 734 4511 Amyclas
770 4455 937 4498 tacitas
977 4451 1116 4509 dixit,
1157 4454 1376 4516 epitheto
1414 4456 1508 4502 huc
1544 4467 1623 4501 re·—

500 3745 699 3820 μκψ»
724 3746 807 3809 <1¹²1
815 3763 864 3820 ,p

501 3825 554 3858 in
577 3825 736 3874 pruna
755 3825 874 3867 acie,

1694 3240 1847 3280 tracto
1878 3231 1939 3279 ab
1971 3229 2137 3278 alteris
2159 3229 2377 3293 Amyclis
2400 3229 2673 3289 Laconicae,
2706 3245 2820 3293 quae

1691 3297 1753 3344 ab
1776 3294 1971 3343 Achaeis
2000 3295 2230 3342 habitatae
2262 3309 2317 3342 ac
2352 3293 2438 3341 diu
2472 3294 2665 3343 fortiter
2694 3310 2815 3358 pro-

1690 3368 1917 3424 pugnate
1956 3359 2152 3407 tandem
2192 3374 2223 3407 a
2264 3358 2585 3408 Doriensibus
2622 3373 2815 3424 expug-

1691 3434 1818 3472 natae
1848 3431 1989 3479 sunt;
2025 3423 2237 3472 hostium
2272 3421 2403 3471 enim
2436 3422 2653 3472 adventu

1690 3498 1873 3537 temere
1906 3487 2143 3545 nuntiato,
2168 3503 2279 3535 cum
2310 3501 2426 3536 vere
2458 3487 2613 3536 hostis
2648 3501 2815 3536 vema-

1690 3562 1777 3610 set,
1814 3551 2010 3600 nemine
2045 3549 2314 3611 nuntiante,
2347 3561 2397 3600 et
2430 3555 2689 3601 tacentibus
2718 3569 2815 3600 on-

1689 3620 1835 3672 m‘bus,
1859 3617 1977 3666 urbs
1998 3627 2141 3680 capta
2162 3626 2250 3665 est.

1754 3680 2024 3728 565-569,
2061 3681 2093 3728 S
2132 3680 2327 3729 lendida
2348 3679 2659 3744 comparatio.
2712 3679 2817 3734 Qui

1691 3745 1879 3810 primus
1914 3759 2045 3794 nunc
2118 3744 2320 3793 eductus
2357 3754 2461 3793 erat
2492 3745 2545 3792 in
2582 3741 2819 3808 proelium

1693 3809 1889 3866 AEneas,
1946 3819 2126 3872 quanta
2168 3809 2363 3868 virtute,
2409 3824 2505 3872 quo
2548 3807 2711 3856 liltore
2760 3809 2818 3857 flt

1690 3873 2007 3948 conspicuus!
2056 3875 2323 3921 Pectoribus
2360 3871 2507 3929 addit,
2533 3873 2648 3935 quia
2684 3871 2822 3921 efflat
2904 3865 2917 3882 ⁶

1689 3953 1869 4000 ignem,
1904 3948 1961 3986 ut
1991 3939 2148 3986 Cacus
2182 3951 2343 4002 supra,
2374 3946 2432 3986 ut
2462 3937 2741 4002 Typhoeus,
2768 3947 2823 3985 et

1689 4011 1761 4050 tot
1789 4001 1887 4050 alia
1918 4015 2147 4050 monstra.
2220 4003 2305 4050 Tot
2333 4005 2539 4064 paribus,
2574 4001 2682 4064 pari
2718 4017 2817 4050 nu-

1689 4081 1837 4124 mero,
1862 4065 2051 4114 scilicet
2081 4065 2433 4130 quinquaginta
2462 4066 2660 4130 clipeos.
2719 4069 2818 4124 Sic,

1690 4139 1745 4178 ut
1767 4145 1865 4177 non
1888 4145 2035 4178 unam
2058 4145 2257 4179 manum
2278 4141 2493 4195 putares,
2518 4139 2609 4178 toto
2630 4139 2725 4180 eto.

1756 4195 1815 4246 57
1822 4197 1864 4242 2.
1910 4197 2063 4260 Longe
2092 4199 2379 4259 gradientem
2395 4217 2412 4250 ,-
2458 4193 2617 4258 long-is
2648 4194 2819 4257 gradi-

1690 4261 1782 4308 bus
1804 4259 2125 4308 incedentem.
2176 4259 2497 4323 Magnificum
2514 4271 2629 4306 vero
2650 4267 2705 4307 et
2724 4259 2825 4307 hoc

1692 4324 1755 4373 de
1776 4325 1951 4383 AEnea,
1976 4335 2027 4372 et
2048 4339 2165 4372 mox
2184 4324 2345 4386 ingens
2366 4327 2599 4386 apperuit.

1770 4391 1879 4436 581.
1936 4391 2237 4452 congressus
2276 4388 2474 4451 quidem
2510 4396 2589 4436 est
2630 4387 2825 4436 AEneas

1692 4469 1803 4501 cum
1829 4453 2081 4510 Diomede,
2122 4452 2261 4501 Iliad.
2294 4471 2331 4511 ε,
2356 4453 2467 4510 217,
2492 4452 2585 4502 2⁷⁶
2610 4465 2733 4514 sqq..
2772 4465 2825 4500 et
