3050 4934
494 228 618 292 146

487 379 617 443 295

1308 218 1980 288 GEORGICON

748 374 1071 459 Incipiens
1104 373 1376 440 stabulis
1403 374 1593 437 edico
1622 373 1689 436 in
1716 370 2013 436 mollibus
2037 369 2309 435 herbam

661 478 950 563 Carpere
981 498 1158 553 oves,
1191 477 1347 540 dum
1375 497 1529 540 mox
1558 474 1869 539 frondosa
1896 473 2233 538 reducitur
2261 479 2491 545 aestas3

661 580 756 644 Et
783 577 984 642 multa
1013 578 1246 642 duram
1273 575 1512 661 stipula
1542 575 1913 658 filicumque
1944 571 2241 657 maniplis

662 680 972 745 Sternere
1005 679 1232 742 subter
1259 677 1549 754 humum,
1582 676 1821 761 glacies
1852 698 1933 740 ne
1965 675 2201 759 frigida
2228 673 2426 738 laedat

663 779 870 846 Molle
900 801 1125 864 pecus»,
1157 779 1570 861 scabiemque
1596 776 1766 841 ferat
1794 787 2154 860 turpesque
2182 775 2531 859 podagraS.

487 883 618 948 300
661 881 827 947 Post
853 881 1006 946 hinc
1037 881 1372 964 digressus
1391 880 1599 964 jubeo
1626 877 1995 944 frondentia
2024 879 2239 962 capris

661 980 926 1047 Arbuta
955 982 1274 1058 sufficere,
1306 991 1374 1045 et
1403 979 1633 1044 fluvios
1662 981 1959 1064 praebere
1990 989 2321 1054 recentes3

663 1085 757 1148 Et
789 1082 1045 1148 stabula
1074 1105 1114 1146 a
1143 1084 1351 1147 ventis
1377 1081 1657 1146 hiberno
1684 1101 2015 1166 opponere
2048 1079 2167 1144 soli

661 1184 773 1250 Ad
803 1185 1088 1249 medium
1117 1205 1432 1248 conversa
1459 1183 1669 1260 diem;
1715 1203 1915 1266 quum
1942 1180 2217 1264 frigidus
2248 1177 2397 1243 olim

657 1286 703 1350 J
705 1309 808 1350 am
837 1285 1034 1361 cadit,
1067 1277 1491 1367 extremoque
1522 1284 1761 1347 irrorat
1790 1281 2123 1365 Aquarius
2154 1303 2346 1346 anno.

483 1389 614 1453 305
659 1386 791 1452 Hae
819 1408 1080 1471 quoque
1111 1407 1242 1450 non
1269 1407 1428 1449 cura
1455 1385 1645 1448 nobis
1676 1383 1915 1448 leviore
1946 1383 2245 1460 tuendae3

657 1489 806 1554 Nec
833 1489 1042 1552 minor
1069 1509 1230 1551 usus
1259 1487 1418 1551 erit:
1465 1487 1757 1571 quamvis
1786 1484 2049 1550 Milesia
2076 1505 2313 1568 magno

658 1589 926 1659 Vellera
953 1599 1287 1652 mutentur
1311 1587 1554 1672 Tyrios
1584 1589 1839 1653 incocta
1866 1587 2163 1650 rubores.

668 1691 958 1756 Densior
985 1690 1137 1754 hinc
1169 1687 1465 1766 soboles3
1509 1688 1663 1752 hinc
1689 1686 1857 1772 largi
1884 1687 2073 1772 copia
2099 1685 2319 1751 lactis:

660 1792 880 1866 Quam
907 1792 1113 1876 magis
1143 1790 1468 1856 exhausto
1499 1789 1894 1874 spumaverit
1924 1789 2125 1852 ubere
2154 1785 2448 1864 mulctra,

487 1894 616 1958 310
664 1893 854 1958 Laeta
883 1892 1087 1976 magi's
1119 1892 1365 1975 pressis
1397 1893 1751 1954 manabunt
1781 1889 2057 1954 flumina·
2074 1889 2380 1952 mammis.

654 1994 804 2059 Nec
834 1993 1044 2057 minus
1075 1993 1328 2056 interea
1355 1993 1596 2056 barbas
1626 1991 1985 2074 incanaque
2013 2002 2231 2054 menta

658 2093 964 2178 Cinyphii
993 2093 1270 2157 tondent
1298 2092 1484 2170 hirci,
1517 2103 1841 2176 saetasque
1870 2091 2222 2168 comantes,

659 2194 874 2258 Usum
902 2195 967 2256 in
997 2205 1381 2270 castrorum,
1413 2205 1482 2258 et
1511 2195 1761 2257 miseris
1792 2192 2105 2257 velamina
2133 2193 2369 2257 nautis.

653 2294 1026 2360 Pascuntur
1054 2317 1210 2360 vero
1242 2294 1456 2373 silvas,
1488 2305 1557 2358 et
1588 2316 1836 2358 summa
1867 2293 2110 2378 Lycaei,

543 2473 654 2528 295,
689 2471 798 2519 296.
849 2469 1014 2518 Primo
1046 2469 1152 2516 loco
1185 2485 1276 2532 per
1315 2469 1531 2517 hiemem
1558 2469 1611 2516 in

480 2507 686 2584 stabulis
719 2535 954 2582 tenendas
973 2543 1021 2581 et
1043 2533 1241 2582 alendas
1268 2549 1374 2582 esse
1403 2549 1520 2582 oves
1545 2543 1609 2591 et,

475 2615 522 2648 v.
571 2601 680 2658 300,
729 2613 900 2662 capras
931 2596 1183 2672 praecipit.
1252 2599 1482 2658 Incipiens
1528 2596 1609 2658 ἅρ-

480 2662 702 2725 χόμενος,
727 2673 784 2709 ιιι
849 2661 996 2710 assim
1029 2661 1205 2719 Graeci,
1233 2661 1280 2708 h.
1315 2672 1366 2709 et
1395 2661 1611 2725 primum

475 2726 889 2792 praecipimus
925 2725 1060 2783 locis,
1091 2729 1336 2788 pnnct'pio,
1368 2729 1609 2779 continuo,-

479 2800 532 2839 et
561 2806 606 2839 v.
643 2792 752 2848 300,
784 2792 898 2839 Post
931 2793 1038 2837 hinc
1072 2793 1318 2853 digressus,
1351 2790 1398 2837 h.
1432 2789 1610 2837 deinde

479 2871 611 2903 vero.
670 2856 916 2903 Observes
945 2862 996 2902 et
1025 2855 1128 2902 hoec
1161 2869 1220 2902 eo
1249 2853 1423 2911 facere,
1447 2864 1504 2902 ut
1536 2862 1608 2901 te-

476 2919 641 2967 nuitas
661 2918 891 2967 carminis
909 2917 1104 2966 vitetur.
1150 2920 1343 2966 Stabula
1365 2921 1533 2976 mollia,
1558 2917 1611 2965 in

477 2983 652 3047 quibus
701 2982 914 3031 molliter
955 2981 1209 3040 habentur,
1257 2981 1491 3057 explicat
1509 2998 1605 3030 vss.

477 3048 590 3104 297,
611 3049 721 3096 298.
780 3049 979 3108 carpere
995 3049 1193 3102 herbam,
1214 3045 1266 3093 in
1289 3046 1496 3110 praesepi
1518 3062 1605 3110 ap-

475 3111 702 3176 positam,
725 3111 774 3158 h.
793 3111 872 3168 ali,
893 3114 1001 3158 dum
1017 3127 1116 3158 mo:
1124 3109 1349 3171 ,frondosa
1371 3113 1609 3158 reducitur

475 3183 630 3232 estas,
649 3190 748 3222 non
768 3189 974 3223 vernum
993 3183 1202 3250 tempus,
1219 3189 1317 3237 qno
1331 3175 1472 3222 educi
1491 3189 1605 3239 pos·

477 3251 594 3287 sunt
627 3239 678 3287 in
710 3249 852 3302 prata
885 3247 1077 3286 tantum
1109 3237 1272 3287 vicina
1310 3248 1360 3286 et
1392 3255 1605 3314 campos,

477 3303 564 3350 sed
581 3312 800 3352 estatem
817 3312 1067 3360 memorat,
1082 3318 1192 3351 cum
1209 3302 1319 3350 coeli
1333 3303 1609 3352 constantia

477 3382 535 3415 ea
553 3376 644 3425 cst,
661 3375 718 3415 ut
735 3366 788 3415 in
807 3366 944 3416 silvis
963 3377 1014 3414 et
1035 3366 1236 3414 saltibus
1256 3368 1346 3415 sub
1365 3367 1447 3415 dio
1463 3383 1609 3430 agere

602 3431 688 3480 nt·

543 3496 816 3547 297-299,
841 3496 920 3543 De
931 3499 1058 3557 filice
1077 3495 1172 3544 vid.
1194 3495 1256 3544 ad
1279 3497 1398 3544 Geo.
1418 3495 1469 3554 ii,
1494 3497 1601 3544 189.

479 3560 802 3610 Substernere
829 3561 970 3622 jubet
1001 3560 1053 3608 in
1086 3561 1235 3608 humo
1267 3560 1514 3618 strasnina,
1550 3568 1607 3609 ut

476 3624 710 3674 adversus
731 3624 846 3688 gelu
869 3634 1088 3674 meatur:
1125 3640 1217 3688 pro
1237 3626 1329 3673 hoc
1349 3625 1490 3683 dixit,
1514 3639 1601 3672 ex-

477 3689 730 3752 quisitiore
741 3689 910 3746 forma,
925 3693 1210 3738 substernere
1223 3693 1404 3737 humum
1413 3693 1602 3751 stipula.

481 3755 657 3816 Turpes
673 3756 920 3816 podagras.
959 3753 1168 3802 Videtur
1186 3757 1360 3802 clavum
1382 3753 1602 3812 innuere,

477 3817 631 3866 morbi
649 3832 818 3880 genus,
833 3831 945 3864 cum
965 3817 1214 3866 tubercula
1225 3817 1279 3864 in
1293 3817 1488 3880 ungulae
1501 3817 1601 3866 dis-

475 3880 682 3930 crimine
713 3889 992 3929 nascuntur.
1055 3880 1238 3928 Reddit
1259 3893 1422 3930 autem
1451 3881 1605 3945 pedes

477 3953 646 4006 turpes,
670 3945 912 3994 deformes
934 3945 1184 3994 tuberibus
1207 3954 1258 3992 et
1279 3945 1433 3994 nodis.

542 4011 814 4058 δοῦ-304.
861 4009 1027 4058 Etiam
1069 4023 1324 4084 caprarum
1368 4025 1486 4058 cura
1529 4019 1607 4060 est

478 4072 722 4130 habenda·
777 4089 904 4122 nmo
917 4073 1114 4136 quidem
1129 4088 1220 4138 per
1237 4073 1463 4122 hiemem.
1505 4079 1603 4122 Ar·

477 4139 589 4184 buta
609 4136 730 4199 (vid.
711 4089 949 4186 {eL-'q
869 4137 938 4196 iii,
957 4138 1061 4200 82.)
1067 4138 1353 4200 frondentia,
1367 4154 1458 4203 pro
1463 4137 1601 4201 fron

475 4202 612 4248 dibus
643 4204 814 4249 arbuti.
877 4205 1087 4251 Hiberna
1114 4205 1202 4251 soli
1229 4211 1515 4264 opponuntur
1546 4219 1605 4251 eo

475 4263 494 4311 i
584 4298 597 4321 ‚
644 4265 772 4326 quod
822 4274 930 4313 aaut
979 4270 1045 4315 ad
1091 4270 1324 4316 mendoem
1377 4283 1603 4316 mmm.

521 4327 700 4376 andem
719 4345 1050 4390 quun—anno,
1069 4331 1116 4379 h.
1140 4331 1346 4380 hiberno
1369 4341 1603 4408 tempore.

473 4391 723 4456 Aquarius
754 4392 934 4440 occidit
963 4395 1126 4444 medio
1159 4395 1438 4445 Februario.
1499 4399 1601 4446 Ex-

1678 2477 1817 2517 tremo
1848 2477 2012 2516 autem
2044 2485 2175 2527 anno,
2210 2483 2249 2516 s.
2285 2467 2401 2515 anni
2432 2477 2587 2532 parte,
2622 2469 2663 2517 si
2700 2469 2742 2517 is
2778 2483 2811 2518 a

1678 2547 1791 2582 vere
1814 2532 2007 2581 initium
2030 2533 2202 2581 habet:
2232 2547 2344 2580 cum
2362 2533 2507 2594 hujus
2524 2532 2658 2582 enim
2674 2542 2807 2592 ortu,

1742 2597 1839 2645 eris
1854 2596 2023 2645 rustici
2042 2612 2197 2645 novus
2214 2597 2333 2644 ordo
2380 2596 2577 2645 rocedit.
2621 2599 2812 2646 [πω-αι

1676 2613 1895 2709 absolute
1926 2659 2151 2725 ponitur:
2188 2661 2259 2709 sic
2286 2661 2359 2709 Co
2328 2675 2475 2709 oum.
2500 2660 2551 2718 ii,
2585 2663 2629 2718 2,
2654 2665 2807 2710 inter-

1674 2728 1781 2772 dum
1804 2729 1976 2773 Anu-ter
1998 2729 2184 2773 irrorat.

1740 2789 2012 2839 305—307.
2047 2789 2250 2852 caprini
2275 2787 2470 2853 generis
2500 2803 2667 2837 curam
2700 2804 2808 2839 non

1675 2869 1781 2902 esse
1800 2853 2139 2916 negligendam
2152 2853 2235 2912 ait,
2246 2854 2337 2902 etsi
2352 2853 2577 2902 ditiorem
2589 2869 2807 2917 proven-

1676 2927 1780 2966 tum
1803 2933 1867 2966 ex
1888 2917 2060 2967 ovibus
2096 2933 2203 2966 esse
2225 2934 2323 2966 non
2344 2928 2503 2980 neg-et.
2564 2921 2809 2967 Mitem

1674 2984 1827 3030 lanam
1854 2992 2093 3030 memorat
2112 2983 2304 3046 poetico
2330 2999 2479 3040 more,
2504 2983 2621 3030 dum
2642 2997 2809 3045 genus

1674 3045 1882 3108 aliquod,
1908 3058 1958 3094 et
1989 3046 2184 3109 quidem
2216 3047 2528 3110 praestantius
2560 3046 2677 3104 fere,
2712 3063 2813 3110 pro

1673 3111 1918 3159 communi
1950 3111 2149 3159 nomine
2170 3111 2453 3175 ponendum
2474 3120 2561 3160 est.
2628 3113 2813 3174 Magno

1672 3183 1917 3234 mutentur,
1981 3185 2335 3239 permutentur,
2400 3189 2578 3240 magno
2640 3176 2810 3238 pretio

1673 3249 1911 3296 emantur,
1956 3243 2125 3288 vellera
2169 3244 2345 3288 incocta
2393 3241 2555 3302 Tyrios
2597 3243 2807 3299 rubores,

1674 3319 1764 3380 pro
1814 3304 2004 3352 incocta
2054 3305 2324 3362 rubor-ibus,
2370 3303 2495 3352 lanae
2547 3305 2811 3365 coquendo

1674 3368 1839 3416 tinctae
1862 3383 2109 3432 purpureo
2129 3368 2303 3417 colore.

1740 3433 1848 3490 309,
1870 3434 1978 3479 310.
2007 3433 2118 3487 Quo
2136 3430 2597 3509 magis—eomagis.
2652 3435 2809 3485 Quam

1668 3499 1974 3559 magio-toem
2003 3513 2165 3559 magu,
2198 3505 2255 3544 ut
2284 3497 2397 3545 AEn.
2424 3496 2505 3554 vii,
2539 3495 2649 3554 787,
2687 3496 2805 3547 788.

1670 3563 1884 3609 flumina
1917 3559 1980 3608 de
2021 3575 2198 3625 magna
2236 3561 2389 3626 copia,
2426 3575 2508 3609 res
2546 3560 2600 3607 in
2636 3561 2807 3625 poetis

1670 3624 1824 3674 obvia.

1734 3691 2007 3738 811-313.
2048 3692 2264 3747 Tondeat.
2288 3689 2391 3737 scil.
2419 3688 2656 3746 homines,
2682 3705 2803 3754 pas-

1670 3764 1813 3812 tores,
1838 3765 1895 3802 ut
1904 3755 2009 3816 jam
2031 3753 2286 3816 aliquoties
2305 3753 2527 3802 vidimus.
2577 3754 2806 3817 cinyphia·

1668 3821 1801 3867 hirci.
1860 3821 2031 3881 Cinyps
2057 3817 2235 3866 fluvius
2262 3817 2482 3882 Libyas
2468 3833 2521 3865 ιιι
2552 3833 2637 3866 ora
2668 3833 2807 3875 nune

1669 3881 1987 3946 Tripolitana,
2007 3883 2111 3931 exit
2130 3881 2182 3930 in
2206 3881 2369 3931 sinum
2384 3881 2643 3956 Syrticam.
2676 3885 2805 3931 Hir-

1668 3963 1749 3993 cm
1778 3948 1825 3994 ιι.
1850 3946 1881 3994 ι.
1906 3947 1969 3994 ab
2000 3963 2059 3996 eo
2090 3947 2263 4005 dictus,
2287 3947 2404 3995 dum
2434 3961 2463 3994 e
2494 3945 2689 4010 poetica
2718 3963 2805 3996 rn-

1670 4011 1803 4060 tione
1838 4026 1868 4058 a
1902 4011 2239 4075 praesmntiore
2259 4011 2436 4090 aliquo
2471 4025 2654 4074 genere
2692 4012 2803 4076 epi-

1670 4075 1839 4124 theton
1870 4075 2078 4134 ducitur,
2102 4084 2160 4124 ιιι
2184 4075 2329 4124 toties
2347 4079 2451 4139 jam
2484 4083 2721 4136 notatum,
2754 4086 2808 4126 et

1669 4148 1726 4187 ut
1746 4154 1864 4188 mox
1884 4141 2077 4203 Lyceus
2098 4155 2188 4204 pro
2210 4155 2515 4203 quocumque
2542 4148 2727 4198 monte,
2754 4149 2807 4190 et

1669 4220 1715 4253 v.
1750 4205 1861 4262 332,
1892 4221 2081 4266 quercus
2103 4207 2262 4253 Jom's:
2296 4204 2356 4252 cf.
2384 4219 2429 4252 v.
2460 4205 2569 4252 345.
2626 4204 2805 4253 cilici-

1670 4283 1809 4317 orum
1844 4279 2007 4317 autem
2041 4283 2105 4316 ex
2134 4268 2339 4317 hircinis
2370 4267 2501 4316 vinis
2540 4283 2687 4316 usum
2720 4285 2801 4317 re-

1668 4333 1793 4398 spici
1816 4332 2011 4381 obvium
2034 4343 2123 4381 est.

1736 4397 2007 4447 slas—317.
2043 4396 2197 4446 Addit
2224 4398 2331 4456 hoc,
2355 4395 2547 4447 facilem
2578 4411 2690 4445 esse
2718 4413 2801 4446 ra-
