3050 4934
531 283 615 345 74
755 359 768 370 ,
1379 271 1907 340 AENEmos

652 429 788 504 Qui
817 447 1038 511 regem
1069 423 1448 488 Evandrum
1479 424 1771 498 comites,
1802 422 1914 505 qui
1946 423 2131 505 signa
2162 422 2391 497 sec'uti,

658 530 994 613 Delegere
1023 525 1258 603 locum,
1291 536 1358 589 et
1386 544 1666 608 posuere
1697 523 1763 586 in
1792 523 2119 587 montibus
2150 523 2403 600 urbem,

657 629 969 696 Pallantis
1001 627 1226 712 proavi
1259 626 1344 690 de
1373 627 1629 689 nomine
1661 622 2104 687 Pallanteum:

527 733 612 798 55
659 731 752 796 Ηί
780 729 1022 794 bellum
1051 728 1314 792 assidue
1345 726 1597 790 ducunt
1626 747 1774 789 cum
1802 734 1998 809 gente
2032 723 2305 802 Latina3

661 831 809 896 Hos
841 831 1071 894 castris
1103 828 1344 892 adhibe
1375 827 1611 903 socios,
1642 837 1710 890 et
1737 825 1991 890 foedera
2010 826 2240 910 junge.

658 933 814 1018 Ipse
844 953 970 1016 ego
999 941 1066 994 te
1095 929 1253 1013 ripis
1283 939 1352 992 et
1379 939 1563 992 recto
1593 927 1853 992 flumine
1884 928 2140 1004 ducam,

657 1033 1034 1098 Adversum
1063 1031 1256 1094 remis
1288 1051 1560 1113 superes
1595 1029 1945 1092 subvectus
1974 1039 2051 1091 ut
2078 1049 2350 1092 amnem.

655 1135 868 1218 Surge
900 1154 1045 1217 age,
1079 1141 1228 1196 nate
1258 1130 1420 1208 dea;
1467 1129 1821 1214 primisque
1850 1128 2237 1193 cadentibus
2269 1129 2461 1192 astris

525 1238 614 1300 60
656 1235 902 1301 Junoni
933 1233 1032 1297 fer
1062 1233 1184 1295 rite
1216 1252 1470 1316 preces,
1499 1231 1791 1313 iramque
1820 1229 2157 1313 minasque

658 1335 1078 1420 supplicibus
1113 1353 1352 1416 supera
1380 1331 1571 1394 votis.
1650 1329 1825 1394 Mihi
1852 1331 2059 1394 victor
2086 1330 2399 1395 honorem

657 1436 1025 1502 Persolves.
1107 1433 1256 1517 Ego
1287 1455 1453 1508 sum,
1485 1429 1681 1515 pleno
1709 1453 1903 1514 quem
1931 1429 2194 1495 flumine
2222 1431 2432 1496 cernis

661 1538 1100 1620 Sti-ingentem
1131 1533 1332 1618 ripas,
1362 1543 1431 1596 et
1459 1531 1727 1616 pinguia
1752 1530 1929 1596 culta
1958 1541 2305 1609 secantem,

663 1635 1000 1702 Caeruleus
1031 1633 1346 1718 Thybris,
1377 1631 1547 1698 coelo
1576 1633 1982 1717 gratissimus
2012 1633 2237 1696 amnis.

533 1741 620 1804 65
664 1739 795 1804 Hic
825 1736 982 1802 mihi
1010 1756 1244 1819 magna
1274 1734 1527 1810 domus,
1560 1732 1749 1797 celsis
1782 1744 1981 1817 caput
2008 1733 2307 1810 urbibus,
2338 1735 2495 1799 exit.

755 1840 969 1915 Dixit,
1001 1837 1238 1901 deinde
1267 1833 1414 1898 lacu
1443 1833 1709 1899 Fluvius
1740 1856 1811 1898 se
1840 1834 2133 1898 condidit
2158 1833 2315 1912 alto,

677 1941 815 2006 Ima
842 1950 1096 2024 petens.
1169 1935 1331 2000 Nox
1363 1935 1620 2000 AEnean
1651 1957 2044 2018 somnusque
2070 1933 2352 2020 reliquit.

679 2043 928 2125 Surgit,
960 2051 1050 2115 et,
1081 2037 1332 2102 aetherii
1364 2047 1665 2120 spectans
1696 2037 1971 2101 orientia
2000 2035 2152 2100 solis

681 2143 982 2218 Lumina,
1013 2141 1137 2204 rite
1167 2139 1340 2202 cavis
1371 2138 1612 2202 undam
1642 2140 1726 2202 de
1757 2136 2019 2201 flumine
2048 2138 2276 2222 palmis

551 2246 637 2310 70
682 2241 983 2318 Sustulit,
1016 2262 1092 2304 ac
1121 2239 1283 2302 tales
1315 2238 1593 2303 effundit
1622 2239 1708 2303 ad
1738 2238 1987 2304 aethera
2016 2261 2244 2304 voces:
2620 2277 2633 2290 ·

673 2342 1028 2428 Nymphae,
1064 2341 1428 2405 Laurentes
1457 2338 1811 2424 Nymphas,
1842 2361 2051 2423 genus
2080 2341 2373 2406 amnibus
2402 2343 2577 2408 unde
2604 2355 2725 2422 est,

664 2445 929 2529 Tuque,
962 2466 1001 2508 o
1032 2441 1294 2526 Thybri
1322 2452 1436 2505 tuo
1464 2441 1724 2524 genitor
1752 2461 1899 2504 cum
1926 2439 2191 2506 flumine
2220 2454 2472 2521 sancto,

667 2545 966 2629 Accipite
997 2542 1284 2620 AEnean,
1316 2552 1386 2606 et
1413 2541 1677 2604 tandem
1704 2551 1921 2605 arcete
1950 2540 2229 2627 periclis.

447 2849 456 2856 “
496 2841 715 2892 Tiberim
753 2839 970 2898 adduxit,
1007 2847 1060 2888 et
1090 2839 1142 2886 in
1180 2843 1359 2893 monte,
1393 2835 1475 2898 qui
1508 2833 1625 2883 inde
1688 2849 1837 2884 cin-su
1879 2834 2036 2883 noctis
2070 2845 2241 2884 exacto
2280 2837 2502 2886 occidere
2554 2838 2808 2887 dicuntur:

499 2905 751 2956 Palatinus
802 2905 975 2962 dictus,
1023 2918 1052 2951 o
1087 2901 1256 2968 pidum
1302 2900 1623 2957 Pallanteum,
1692 2899 1786 2948 vid.
1812 2898 1873 2946 ad
1891 2898 1974 2948 lib.
1996 2897 2048 2956 ii,
2074 2901 2118 2957 8,
2144 2902 2189 2948 9.
2244 2899 2507 2963 Iunoniser
2526 2907 2616 2952 rite
2636 2919 2808 2965 preces,

499 2985 614 3019 mox
650 2969 927 3018 Palantium
965 2975 1016 3015 et
1090 2965 1290 3014 alatium
1312 2978 1340 3010 a
1409 2964 1623 3020 enatum,
1690 2963 1817 3038 quod
1840 2962 1968 3011 idem
1996 2963 2219 3012 Helenus
2254 2965 2425 3013 sedulo
2452 2977 2705 3016 monuerat
2724 2967 2809 3016 lib.

497 3033 728 3082 condidit.
787 3033 970 3080 Fuerat
996 3033 1098 3092 jam
1116 3029 1170 3077 in
1193 3030 1324 3077 Arca
1359 3027 1370 3038 “
1428 3027 1623 3076 Pallan·
1690 3027 1759 3085 ini,
1784 3029 1879 3074 435
1902 3025 2004 3090 sqq.
2068 3029 2225 3078 Victor
2261 3030 2309 3077 h.
2346 3031 2571 3080 omnibus
2604 3047 2669 3080 ex
2700 3042 2813 3080 voto

499 3097 625 3210 {¹:2¹
648 3111 817 3208 pegus,
842 3105 893 3143 et
913 3095 1042 3142 inter
1059 3107 1266 3157 proavos
1285 3092 1459 3150 Pallas,
1483 3107 1513 3139 a
1531 3107 1627 3153 quo
1690 3091 1917 3156 peractis.

624 3175 706 3209 res
741 3175 794 3208 es

501 3227 734 3282 Pallante,
758 3225 806 3272 h.
831 3238 874 3271 e.
901 3221 1136 3270 Pallantis
1157 3220 1429 3284 progenies.
1487 3220 1627 3268 Idem
1691 3219 1775 3278 ris,
1823 3231 1873 3268 et
1914 3220 2090 3278 luteus,
2126 3231 2184 3269 ut
2219 3220 2339 3271 satis
2378 3232 2561 3272 nomm.
2620 3223 2816 3273 Scilicet

500 3305 680 3340 nomen
703 3287 806 3338 filio
834 3285 1052 3336 Evandri
1084 3285 1400 3362 impertitum.
1459 3285 1626 3332 Evan-
1692 3299 1823 3333 nunc
1844 3285 1937 3333 deo
1970 3299 2279 3335 communem
2314 3286 2571 3337 fluviorum
2594 3299 2817 3338 namram

502 3356 606 3414 der,
629 3363 775 3418 gente
811 3349 1062 3415 Pelasgica
1099 3349 1346 3407 oriundus,
1371 3349 1456 3398 vix
1488 3348 1623 3398 vide-
1692 3349 1787 3397 dat.
1848 3352 1971 3398 Coelo
1986 3354 2293 3414 graminum,
2318 3351 2556 3414 θεοφιλής.
3019 3347 3022 3378 ¹

502 3421 647 3469 batur
669 3419 810 3467 bonae
829 3415 937 3492 spei
971 3431 1028 3463 ac
1059 3414 1250 3462 fiduciae
1283 3414 1444 3462 locum
1475 3413 1625 3462 relin-
1757 3413 1834 3461 65.
1870 3413 2014 3462 Circa
2034 3415 2123 3462 has
2161 3415 2356 3464 easdem
2394 3431 2504 3466 oras
2684 3427 2707 3466 t
2725 3418 2813 3467 sli-
3020 3455 3022 3457 .

503 3498 652 3548 quere
676 3483 915 3544 TroJams,
937 3479 982 3528 si
1000 3487 1204 3543 repente
1223 3477 1275 3525 in
1294 3494 1406 3527 eum
1423 3476 1625 3526 incidis·
1692 3477 1886 3540 quando
1906 3493 2085 3542 mag-na
2109 3481 2241 3539 urbs,
2266 3480 2437 3529 Roma.
2494 3482 2575 3536 Qu
2660 3483 2713 3530 in
2732 3497 2813 3530 vs-

501 3557 624 3598 sent.
683 3546 782 3594 Sed
803 3553 961 3610 poetoe
976 3542 1162 3608 placuit
1182 3541 1278 3590 alia
1297 3542 1438 3600 ratio,
1461 3551 1518 3590 ut
1538 3557 1629 3606 per
1694 3541 1877 3590 ticiniis
1899 3542 2057 3591 facere
2078 3557 2183 3592 mos
2206 3553 2293 3602 est,
2314 3559 2395 3593 res
2425 3545 2589 3594 futura
2620 3545 2819 3595 efferim*

500 3625 725 3660 somnum
740 3611 844 3658 haec
866 3608 1214 3664 denunciat-en
1236 3615 1400 3670 utque,
1416 3615 1627 3682 propter
1692 3615 1921 3668 tanquam
1942 3621 2173 3670 praesens,
2196 3613 2293 3656 ecit
2326 3623 2417 3672 pro
2454 3613 2613 3658 exibis.
2674 3613 2817 3660 σιω.

499 3675 789 3724 Latinorum
805 3673 858 3721 in
875 3674 1087 3721 advenas
1110 3671 1328 3721 Arcadas
1349 3671 1474 3727 odia,
1491 3685 1623 3718 com·
1692 3679 1829 3731 capue
1866 3673 2055 3719 urbibus
2096 3672 2287 3735 poetica
2326 3673 2493 3730 oratio,
2533 3689 2639 3739 pro,
2680 3683 2817 3738 capnt

501 3740 640 3788 muni
663 3737 868 3804 periculi
899 3745 1034 3785 metu
1062 3736 1300 3798 Trojanos
1321 3743 1373 3784 et
1395 3733 1625 3792 Arcades,
1694 3738 1887 3782 arbium.
1944 3735 2073 3784 Tum
2105 3751 2163 3784 ea
2200 3739 2332 3795 urbs,
2378 3737 2507 3786 dicta
2545 3742 2701 3788 domas
2737 3739 2817 3787 dei

833 3157 928 3207 orti
956 3157 1186 3205 dicuntur
1215 3165 1400 3221 poetae:
1433 3171 1579 3220 genus
1597 3171 1629 3204 a
1756 3157 1833 3204 64.
1872 3158 2117 3206 Camicus.
2174 3157 2342 3220 Atqui,
2378 3158 2531 3208 flavus
2562 3169 2641 3208 est
2660 3159 2809 3208 Tibe-
3020 3129 3024 3206 l

502 3803 766 3866 Pelasgia-2
785 3801 902 3850 licet
933 3800 1115 3912 οτιιὲἰο,
1149 3799 1202 3847 in
1223 3799 1382 3849 foedus
1403 3809 1452 3848 et
1471 3799 1625 3847 socie-
1693 3798 1930 3858 Tiberini,
1956 3809 2193 3862 quatenus
2212 3801 2295 3850 ille
2310 3801 2364 3850 in
2380 3817 2441 3850 ea
2454 3803 2817 3852 consecrabitur

501 3878 654 3918 tatem
676 3867 948 3916 adduceret.
1051 3875 1072 3912 t
1091 3879 1209 3912 vero
1243 3863 1426 3922 Achaei,
1449 3862 1491 3912 si
1511 3877 1627 3928 pro·
1695 3873 1745 3912 et
1767 3873 1823 3912 ut
1844 3865 1965 3912 deus
1986 3864 2186 3913 coletur.

501 3933 614 3999 pius
647 3931 937 3996 inspexeris,
997 3928 1048 3976 ui
1085 3928 1281 3990 Trojam
1315 3943 1628 3992 expugnave-
1762 3929 1839 3976 66,
1877 3931 2030 3977 Lacus
2052 3929 2129 3978 vel
2148 3945 2239 3994 pro
2254 3931 2419 3988 alve03
2444 3932 2537 3990 vel,
2562 3933 2691 3995 quod
2712 3949 2813 3982 ms-

504 4007 634 4054 runt,
658 3995 838 4046 diversi
857 3995 920 4043 sti
1047 4001 1176 4041 sunt.
1676 3993 1796 4051 lim,
1821 4009 1911 4057 pro
1927 3993 2189 4069 profundo,
2216 3995 2290 4044 vel
2320 3995 2471 4044 fundo
2491 3997 2644 4055 fluvii,
2668 3998 2813 4046 adeo-

570 4063 647 4110 53.
683 4063 742 4109 In
779 4063 1015 4115 montibus,
1057 4071 1122 4104 ne
1157 4055 1428 4118 argum-isa
1471 4063 1549 4104 est
1578 4054 1633 4103 in
1698 4073 1791 4120 que
1812 4073 1903 4122 pro
1924 4073 2035 4122 ipso
2056 4073 2213 4108 smne.

505 4135 671 4176 monte
691 4125 929 4173 Palatino.
1762 4122 1969 4173 67—69.
2003 4121 2117 4182 Ἐμὲ
2156 4122 2211 4172 δὲ
2242 4123 2427 4185 γλυκὺς
2464 4125 2607 4176 ὕπνος
2648 4125 2822 4183 ἀνῆκεν

571 4189 650 4240 67.
686 4192 822 4250 Ripin
852 4201 969 4236 sane
996 4199 1172 4250 parum
1205 4182 1526 4242 commodum,
1552 4199 1629 4233 se·
1698 4185 1903 4235 Homer.
1962 4189 2073 4235 Rue
2104 4191 2275 4236 undam
2310 4191 2521 4246 Sustulit,
2546 4205 2718 4238 manus
2744 4190 2815 4237 ln-

504 4254 746 4302 cundum:
771 4252 902 4300 inu-a
915 4250 1062 4314 ripas,
1084 4249 1234 4298 alveo.
1291 4251 1632 4310 Recwflmn‘ue
1696 4249 1782 4307 vit,
1806 4259 2037 4313 tanquam
2059 4261 2359 4316 precaturus.
2416 4253 2555 4300 Nihil
2576 4253 2795 4318 amplius

507 4329 644 4366 recto
666 4315 881 4364 fluminis
903 4314 1093 4362 itinere.
1764 4315 1969 4366 'll—⁷3.
2010 4319 2165 4364 Genu
2184 4319 2393 4364 mnibus
2418 4320 2537 4365 unde
2566 4326 2635 4366 ese
2650 4337 2667 4365 :
2700 4333 2817 4381 qus-

568 4381 774 4428 59—61.
800 4381 1058 4440 Primisque
1078 4379 1347 4426 cadentibus
1363 4381 1522 4436 aseris,
1538 4379 1629 4426 sub
1696 4387 1840 4427 tenus
1864 4379 1911 4427 N
1996 4381 2107 4444 phoe
2127 4380 2337 4429 fontium
2352 4391 2469 4429 sunt
2485 4381 2603 4430 dee.
2652 4385 2819 4432 Arate

503 4444 716 4510 primum
761 4442 1057 4496 dilucissmm
1113 4455 1225 4489 nam
1269 4441 1428 4504 poetis
1470 4442 1633 4490 sidera
1690 4445 1895 4509 periclis,
1936 4443 2136 4504 ibet-ate,
2162 4445 2311 4494 finem
2332 4445 2555 4495 laborum
2572 4445 2731 4496 facite.
