3050 4934
1201 267 1540 333 LIBER
1587 270 1676 333 X.

454 408 773 497 Adspice,
804 436 957 479 num
986 438 1173 501 mage
1206 419 1289 483 sit
1318 430 1610 485 nostrum
1639 419 2042 504 penetrabile
2074 418 2294 485 telum.

463 512 781 594 Dixerat;
828 529 897 581 at
924 516 1223 603 clipeum,
1256 531 1355 585 tot
1382 521 1538 587 ferri
1567 532 1778 605 terga,
1809 532 1910 585 tot
1937 522 2108 597 aeriS,

472 613 695 686 Quum
722 617 909 702 pellis
940 622 1179 686 totiens
1210 623 1407 687 obeat
1428 623 1830 688 circumdata
1857 624 2051 698 tauri,

466 713 769 783 Vibranti
798 720 1083 787 medium
1112 725 1333 807 cuspis
1366 725 1850 788 transverberat
1875 723 2032 797 ictu,

288 814 421 878 485
466 815 847 904 Loricaeque
876 845 1091 887 moras
1122 834 1191 889 et
1218 835 1451 907 pectus
1479 824 1774 908 perforat
1801 825 2052 907 ingenS.

465 916 583 982 Ille
608 921 779 1003 rapit
809 921 1089 987 calidum
1118 923 1363 987 frustra
1390 926 1477 989 de
1502 924 1766 988 vulnere
1795 923 2030 1002 telum3

466 1018 621 1083 Una
648 1021 1009 1105 eademque
1038 1025 1143 1087 via
1174 1026 1437 1108 sanguis
1470 1026 1848 1108 animusque
1873 1036 2254 1108 sequuntur.

464 1119 729 1185 Corruit
756 1122 823 1185 in
852 1122 1123 1201 vulnus;
1170 1126 1461 1189 sonitum·
1478 1148 1680 1209 super
1709 1147 1888 1189 arma
1915 1127 2197 1202 dedere;

467 1220 561 1284 Et
590 1231 833 1287 terram
860 1222 1161 1289 hostilem
1188 1227 1469 1289 moriens
1500 1227 1670 1309 petit
1698 1248 1812 1291 ore
1843 1238 2136 1291 cruento.

292 1320 424 1383 490
468 1321 685 1394 Quem
712 1322 983 1389 Turnus
1016 1348 1217 1409 super
1246 1326 1606 1390 adsistens:

466 1420 789 1501 Arcades,
814 1424 981 1501 haec,
1010 1426 1243 1509 inquit,
1272 1448 1589 1490 memores
1619 1448 1764 1489 mea
1792 1426 1969 1491 dicta
1998 1426 2238 1491 referte

466 1523 815 1588 Evandro:
866 1524 1145 1598 Qualem
1170 1527 1429 1602 meruit,
1462 1525 1760 1591 Pallanta
1789 1528 2068 1591 remitto.

470 1624 791 1708 Quisquis
821 1625 1031 1691 honos
1058 1625 1313 1703 tumuli,
1346 1627 1664 1712 quidquid
1696 1627 1980 1693 solamen
2010 1629 2322 1693 humandi
2351 1640 2476 1705 est,

474 1724 773 1808 Largior.
849 1726 1052 1791 Haud
1080 1727 1171 1791 illi
1200 1729 1469 1793 stabunt
1498 1728 1740 1793 AEneia
1769 1751 1974 1813 parvo

292 1825 425 1889 405
468 1824 799 1910 Hospitis.
878 1827 971 1891 Et
1000 1826 1163 1892 loevo
1188 1831 1429 1913 pressit
1457 1829 1654 1914 pede,
1685 1828 1838 1893 talia
1867 1829 2064 1906 fatus,

476 1926 885 2005 Exanimem,
916 1930 1177 2013 rapiens
1206 1931 1505 1993 immania
1535 1930 1830 2015 pondera
1859 1929 2080 2006 baltei,

468 2026 997 2113 Impressumque
1026 2030 1247 2095 nefas:
1294 2052 1425 2096 una
1454 2032 1580 2095 sub
1608 2041 1800 2095 nocte
1821 2031 2030 2115 jugali

468 2128 661 2194 Caesa
688 2152 915 2194 manus
935 2132 1249 2215 juvenum
1278 2130 1481 2208 foede,
1516 2130 1910 2216 thalamique
1941 2134 2232 2210 cruenti3

474 2229 645 2302 Quae
674 2229 917 2295 Clonus
950 2231 1309 2315 Eurytides
1336 2231 1542 2296 multo
1571 2232 1914 2298 caelaverat
1941 2255 2136 2297 auro:

294 2330 428 2394 500
472 2330 627 2403 Quo
656 2354 829 2395 nunc
861 2331 1131 2397 Turnus
1158 2344 1309 2398 ovat
1340 2332 1550 2417 spolio
1578 2334 1952 2417 gaudetque
1983 2335 2252 2417 potitus.

470 2432 718 2497 Nescia
746 2454 927 2497 mens
958 2432 1287 2498 hominum
1316 2433 1435 2497 fati
1466 2434 1792 2517 sortisque
1823 2432 2084 2508 futurae,

452 2529 564 2597 'Et
594 2556 853 2599 servare
882 2536 1166 2611 modum,
1200 2536 1399 2599 rebus
1432 2533 1689 2599 sublata
1717 2533 2055 2597 secundis!

468 2634 703 2699 Turno
732 2646 989 2720 tempus
1018 2637 1164 2711 erit,
1196 2658 1431 2719 magno
1460 2656 1662 2718 quum
1690 2633 2012 2717 optaverit
2041 2648 2282 2699 emtum

470 2735 793 2801 Intactum
823 2736 1143 2813 Pallanta,
1171 2748 1241 2801 et
1268 2758 1469 2819 quum
1498 2735 1706 2819 spolia
1733 2735 1860 2797 ista
1887 2734 2191 2819 diemque

300 2838 429 2903 505
474 2838 734 2903 Oderit.
812 2837 905 2903 At
934 2840 1091 2903 socii
1120 2838 1323 2903 multo
1350 2838 1596 2921 gemitu
1623 2836 2032 2920 lacrimisque

368 3026 641 3073 483-485,
678 3024 899 3073 Variavit
918 3034 1227 3083 structuram,
1250 3040 1315 3073 ne
1334 3040 1415 3073 eo·

1484 3023 1741 3087 quomodo,
1781 3024 1960 3073 meruit
1993 3024 2206 3073 remitti.
2243 3023 2342 3075 οἷος

298 3090 417 3137 dem
440 3102 609 3137 tenore
628 3098 938 3152 sequeretur:
974 3098 1049 3137 tot
1078 3090 1284 3138 laminas
1304 3089 1419 3139 fen-i
1484 3088 1686 3145 scilicet,
1709 3088 1794 3145 sic,
1819 3098 1876 3137 ut
1895 3102 2072 3153 corpus
2105 3089 2242 3138 humi
2275 3106 2388 3140 man

2429 3030 2579 3079 τοῶς
2594 3048 2606 3078 :

2429 3042 2604 3143 rodum

298 3163 355 3203 et
386 3152 525 3209 eris,
560 3162 629 3202 tot
662 3158 788 3202 tauri
821 3162 967 3216 terga,
990 3153 1039 3199 h.
1064 3168 1105 3201 e.
1126 3154 1273 3211 coria,
1308 3153 1417 3216 qui·
1484 3153 1793 3201 concedatur.

302 3220 397 3267 bus
416 3218 604 3281 clipeus
620 3227 727 3266 erat
746 3217 961 3275 indutus,
979 3226 1029 3265 et
1042 3216 1201 3281 ipsam
1224 3217 1423 3265 loricam

474 3292 553 3330 tus
588 3282 805 3346 perforat
844 3281 1009 3329 telum.
1060 3284 1229 3329 Pectus
1266 3284 1427 3355 ingens

308 3347 381 3395 Pa
416 3344 559 3403 antis,
602 3356 827 3409 tanquam
864 3343 1005 3393 fortis
1042 3353 1094 3392 et
1128 3343 1426 3407 magnanimi

326 3410 515 3459 uveuis.

301 3414 323 3472 j
370 3476 483 3532 488,
502 3474 613 3521 489.
648 3476 707 3522 Is
740 3476 917 3531 ωἱιιω,
954 3474 1107 3522 hastoe
1141 3473 1279 3549 gravi
1298 3486 1423 3536 pon-

308 3538 442 3587 dere.
504 3540 693 3585 Terras·
710 3542 844 3599 petie,
868 3550 1001 3613 puto
1010 3536 1299 3613 simpliciter
1318 3550 1427 3585 esse

306 3618 413 3667 pro,
434 3601 615 3650 labitur
636 3615 721 3649 ore
746 3602 881 3649 humi
906 3602 1107 3657 afflicto,
1140 3600 1425 3657 concidisse,

302 3684 385 3715 ore
434 3674 653 3720 erse-to,-
696 3680 809 3713 nam
848 3666 1049 3714 vulnere
1088 3666 1173 3713 tali
1210 3674 1427 3729 accepto,

309 3746 399 3779 ore
420 3738 471 3778 et
488 3730 689 3778 naribus
710 3729 911 3792 sang-iiis
932 3729 1159 3804 erumpit.

374 3790 487 3843 490.
526 3794 775 3843 Ferocius
800 3804 979 3842 veteris
1000 3809 1091 3841 ενι
1116 3809 1180 3841 ex
1204 3794 1427 3842 Homero

302 3860 609 3917 adumbrata,
628 3868 685 3907 ut
703 3858 907 3907 insultet
926 3872 1053 3907 caso
1064 3857 1241 3907 victor:
1262 3868 1313 3905 at
1328 3872 1427 3905 non

308 3924 363 3973 in
396 3924 491 3972 hoc
530 3938 705 3978 versun
752 3938 867 3971 nam
1090 3926 1318 3971 adsistens
1356 3930 1431 3970 est

309 3986 474 4062 simpl.
526 3986 739 4045 adstans,
794 3986 904 4051 ipse
957 3996 1109 4045 stans,
1162 3986 1305 4035 alteri
1352 3990 1427 4049 ja-

306 4062 456 4101 centa.

375 4118 487 4165 492.
526 4117 931 4167 Quale-usnemu.-
964 4115 1041 4163 vel
1056 4116 1249 4177 qualem
1264 4116 1427 4163 Evan-

308 4180 401 4229 der
422 4179 605 4228 memit
624 4188 681 4227 ut
700 4178 795 4227 sibi
826 4178 1127 4227 remitterem
1160 4178 1329 4235 filium,
1354 4178 1431 4226 vel

303 4243 503 4305 qualem
522 4244 685 4293 Pallas
696 4243 879 4292 meruit
894 4253 953 4291 ιιι
970 4258 1023 4291 se
1044 4243 1359 4301 remitterem,
1384 4243 1432 4291 h.

310 4318 367 4355 ut
384 4307 565 4371 dignus
598 4317 707 4357 erat
744 4308 906 4356 audax
946 4306 1253 4361 adolescens·
1290 4278 1433 4369 qu’od,

312 4373 631 4434 sequentibus
674 4381 1071 4429 consentaneum,
1116 4386 1207 4435 pro
1240 4340 1433 4433 ⁹vulgari

308 4436 497 4485 dictum
544 4440 644 4484 est.
688 4436 887 4485 remitto
932 4434 1219 4493 Pallantem,
1262 4434 1431 4499 qualis,

1553 3218 1664 3264 495.
1699 3220 1836 3265 Laevo
1851 3222 2026 3278 pressit
2035 3222 2166 3279 pede,
2191 3219 2274 3281 qui
2297 3228 2372 3268 est
2393 3222 2606 3285 spolian-

1491 3282 1616 3329 tium
1651 3295 1830 3345 corpus
1863 3296 1982 3337 mos,
2005 3292 2062 3329 ut
2095 3298 2232 3330 arma
2269 3295 2481 3341 exuant·
2517 3286 2608 3334 etsi

1491 3346 1541 3393 h.
1559 3345 1590 3392 l.
1609 3360 1762 3392 unum
1787 3354 1976 3392 tautum
1997 3356 2294 3394 memoratur
2315 3349 2422 3405 hoc,
2437 3350 2608 3397 utbal-

1494 3419 1626 3457 teum
1651 3418 1865 3457 exueret.

1559 3472 1832 3523 497-499.
1869 3472 2134 3521 Brevitatis
2167 3481 2220 3520 et
2241 3474 2490 3523 varietatis
2523 3476 2607 3523 ad-

1492 3552 1644 3598 eoque
1689 3546 1740 3584 et
1789 3536 2044 3584 suavitatis
2099 3536 2274 3593 studio,
2319 3548 2614 3587 structuram

1490 3599 1740 3657 orationis,
1761 3615 1906 3661 quam
1937 3616 2078 3649 orsus
2109 3610 2216 3649 erat
2247 3610 2394 3664 poeta
2412 3602 2610 3661 deserit,

1494 3674 1546 3712 et
1579 3679 1610 3711 a
1642 3674 1814 3725 quarto
1853 3662 1914 3711 ad
1957 3664 2168 3728 primum
2212 3680 2379 3713 casum
2419 3666 2608 3715 transit.

1496 3728 1618 3776 Erat
1653 3727 1786 3775 enim
1825 3731 2046 3789 inpressa
2073 3745 2232 3775 mnus
2251 3729 2488 3790 juvenum,
2527 3746 2612 3778 ex-

1492 3792 1736 3856 sculptum
1779 3792 1940 3840 balteo
1979 3790 2107 3853 nefas
2149 3794 2430 3851 Danaidum,
2477 3804 2618 3843 nocte

1492 3856 1700 3921 nuptiali
1755 3872 1870 3905 suos
1934 3870 2138 3920 sponsos
2202 3856 2606 3906 interimendum.

1493 3920 1638 3976 Quod
1682 3920 1884 3969 artificis
1928 3936 2106 3968 nomen
2141 3920 2320 3983 adjicit,
2360 3932 2418 3970 ut
2456 3932 2614 3997 poeta,

1494 3985 1612 4034 facit
1635 3984 1842 4033 Homeri
1863 4000 2054 4049 quoque
2071 3986 2326 4050 exemplo.
2353 3987 2473 4035 artis
2487 3987 2616 4035 enim

1494 4049 1791 4114 prestantia!
1813 4050 1960 4098 fidem
1981 4050 2072 4097 hoc
2093 4049 2223 4098 facit.

1563 4116 1654 4163 501
1681 4130 1782 4177 sqq.
1816 4115 1940 4169 Quat
1970 4113 2064 4172 hic,
2097 4115 2244 4162 etiam
2275 4130 2320 4161 v.
2345 4114 2618 4174 507—509,

1496 4179 1560 4227 de
1581 4195 1671 4227 suo
1691 4179 1770 4240 adj
1771 4178 1868 4227 ecit
1897 4188 2055 4242 poeta,
2079 4187 2129 4227 et
2155 4178 2400 4242 egregiam
2421 4188 2618 4228 senten·

1498 4242 1618 4291 tium
1655 4242 1848 4299 habent,
1885 4252 1950 4299 et,
1986 4242 2104 4290 dum
2139 4242 2304 4290 fiimra
2337 4242 2621 4307 anticipant,

1498 4306 1716 4355 animum
1747 4306 2086 4381 expectatione
2117 4307 2390 4355 futuromm
2413 4308 2620 4371 erigunt.

1500 4371 1638 4482 mnae
1681 4380 1841 4435 poctgae
1885 4369 2106 4419 certatim
2155 4371 2248 4419 hoc
2291 4371 2498 4419 artificio
2541 4373 2620 4421 usi

1498 4451 1590 4483 sun
