<?xml version="1.0" encoding="UTF-8"?>
<!DOCTYPE html PUBLIC "-//W3C//DTD XHTML 1.0 Transitional//EN"
    "http://www.w3.org/TR/xhtml1/DTD/xhtml1-transitional.dtd">
<html xmlns="http://www.w3.org/1999/xhtml" xml:lang="en" lang="en">
 <head>
  <title>
</title>
<meta http-equiv="Content-Type" content="text/html;charset=utf-8" />
  <meta name='ocr-system' content='tesseract 3.04.00' />
  <meta name='ocr-capabilities' content='ocr_page ocr_carea ocr_par ocr_line ocrx_word'/>
</head>
<body>
  <div class='ocr_page' id='page_1' title='image "./publiivirgiliim00unkngoog_0266.png"; bbox 0 0 3050 4934; ppageno 0'>
   <div class='ocr_carea' id='block_1_1' title="bbox 1246 246 1738 318">
    <p class='ocr_par' dir='ltr' id='par_1_1' title="bbox 1246 246 1738 318">
     <span class='ocr_line' id='line_1_1' title="bbox 1246 246 1738 318; baseline 0.004 -5"><span class='ocrx_word' id='word_1_1' title='bbox 1246 246 1593 317; x_wconf 89' lang='lat' dir='ltr'>LIBER</span> <span class='ocrx_word' id='word_1_2' title='bbox 1636 249 1738 318; x_wconf 90' lang='lat'><strong>11.</strong></span> 
     </span>
    </p>
   </div>
   <div class='ocr_carea' id='block_1_2' title="bbox 2524 257 2653 323">
    <p class='ocr_par' dir='ltr' id='par_1_2' title="bbox 2524 257 2653 323">
     <span class='ocr_line' id='line_1_2' title="bbox 2524 257 2653 323; baseline -0.008 -1"><span class='ocrx_word' id='word_1_3' title='bbox 2524 257 2653 323; x_wconf 71' lang='lat'><strong>255</strong></span> 
     </span>
    </p>
   </div>
   <div class='ocr_carea' id='block_1_3' title="bbox 315 390 2559 2402">
    <p class='ocr_par' dir='ltr' id='par_1_3' title="bbox 315 390 2559 2402">
     <span class='ocr_line' id='line_1_3' title="bbox 507 390 2255 487; baseline 0.01 -33"><span class='ocrx_word' id='word_1_4' title='bbox 507 390 676 457; x_wconf 89' lang='lat' dir='ltr'><strong>Cum</strong></span> <span class='ocrx_word' id='word_1_5' title='bbox 705 394 894 459; x_wconf 86' lang='lat' dir='ltr'><strong>sociis</strong></span> <span class='ocrx_word' id='word_1_6' title='bbox 923 396 1159 464; x_wconf 81' lang='lat' dir='ltr'><strong>ardent</strong></span> <span class='ocrx_word' id='word_1_7' title='bbox 1187 398 1401 465; x_wconf 81' lang='lat' dir='ltr'><strong>animi.</strong></span> <span class='ocrx_word' id='word_1_8' title='bbox 1477 398 1693 471; x_wconf 87' lang='lat' dir='ltr'><strong>Furor</strong></span> <span class='ocrx_word' id='word_1_9' title='bbox 1718 402 1945 487; x_wconf 88' lang='lat' dir='ltr'><strong>iraque</strong></span> <span class='ocrx_word' id='word_1_10' title='bbox 1974 414 2255 473; x_wconf 82' lang='lat' dir='ltr'><strong>mentem</strong></span> 
     </span>
     <span class='ocr_line' id='line_1_4' title="bbox 505 492 2371 584; baseline 0.008 -27"><span class='ocrx_word' id='word_1_11' title='bbox 505 492 964 579; x_wconf 74' lang='lat' dir='ltr'><strong>Praecipitant3</strong></span> <span class='ocrx_word' id='word_1_12' title='bbox 1009 496 1484 584; x_wconf 75' lang='lat' dir='ltr'><strong>pulchrumque</strong></span> <span class='ocrx_word' id='word_1_13' title='bbox 1509 503 1675 567; x_wconf 89' lang='lat' dir='ltr'><strong>mori</strong></span> <span class='ocrx_word' id='word_1_14' title='bbox 1704 505 2027 571; x_wconf 80' lang='lat' dir='ltr'><strong>succurrit</strong></span> <span class='ocrx_word' id='word_1_15' title='bbox 2054 507 2123 571; x_wconf 90' lang='lat' dir='ltr'><strong>in</strong></span> <span class='ocrx_word' id='word_1_16' title='bbox 2150 508 2371 575; x_wconf 82' lang='lat' dir='ltr'><strong>armis.</strong></span> 
     </span>
     <span class='ocr_line' id='line_1_5' title="bbox 589 594 2196 691; baseline 0.008 -29"><span class='ocrx_word' id='word_1_17' title='bbox 589 594 770 663; x_wconf 87' lang='lat' dir='ltr'><strong>Ecce</strong></span> <span class='ocrx_word' id='word_1_18' title='bbox 797 610 1014 665; x_wconf 84' lang='lat' dir='ltr'><strong>autem</strong></span> <span class='ocrx_word' id='word_1_19' title='bbox 1041 599 1188 667; x_wconf 89' lang='lat' dir='ltr'><strong>telis</strong></span> <span class='ocrx_word' id='word_1_20' title='bbox 1219 601 1520 669; x_wconf 84' lang='lat' dir='ltr'><strong>Panthus</strong></span> <span class='ocrx_word' id='word_1_21' title='bbox 1550 604 1815 691; x_wconf 82' lang='lat' dir='ltr'><strong>elapsus</strong></span> <span class='ocrx_word' id='word_1_22' title='bbox 1846 604 2196 687; x_wconf 67' lang='lat' dir='ltr'><strong>Achivum,</strong></span> 
     </span>
     <span class='ocr_line' id='line_1_6' title="bbox 505 696 2215 791; baseline 0.01 -31"><span class='ocrx_word' id='word_1_23' title='bbox 505 696 806 765; x_wconf 78' lang='lat' dir='ltr'><strong>Panthus</strong></span> <span class='ocrx_word' id='word_1_24' title='bbox 838 699 1246 785; x_wconf 73' lang='lat' dir='ltr'><strong>Othryades,</strong></span> <span class='ocrx_word' id='word_1_25' title='bbox 1277 705 1446 771; x_wconf 83' lang='lat' dir='ltr'><strong>areis</strong></span> <span class='ocrx_word' id='word_1_26' title='bbox 1477 705 1851 791; x_wconf 86' lang='lat' dir='ltr'><strong>Phoebique</strong></span> <span class='ocrx_word' id='word_1_27' title='bbox 1882 710 2215 788; x_wconf 77' lang='lat' dir='ltr'><strong>sacerdos,</strong></span> 
     </span>
     <span class='ocr_line' id='line_1_7' title="bbox 331 798 2313 895; baseline 0.009 -35"><span class='ocrx_word' id='word_1_28' title='bbox 331 798 464 861; x_wconf 73' lang='lat'><strong>320</strong></span> <span class='ocrx_word' id='word_1_29' title='bbox 507 798 711 864; x_wconf 85' lang='lat' dir='ltr'><strong>Sacra</strong></span> <span class='ocrx_word' id='word_1_30' title='bbox 739 822 958 880; x_wconf 89' lang='lat' dir='ltr'><strong>manu,</strong></span> <span class='ocrx_word' id='word_1_31' title='bbox 987 803 1326 889; x_wconf 86' lang='lat' dir='ltr'><strong>victosque</strong></span> <span class='ocrx_word' id='word_1_32' title='bbox 1355 805 1545 885; x_wconf 85' lang='lat' dir='ltr'><strong>deos,</strong></span> <span class='ocrx_word' id='word_1_33' title='bbox 1576 830 1977 893; x_wconf 80' lang='lat' dir='ltr'><strong>parvumque</strong></span> <span class='ocrx_word' id='word_1_34' title='bbox 2007 822 2313 895; x_wconf 83' lang='lat' dir='ltr'><strong>nepotem</strong></span> 
     </span>
     <span class='ocr_line' id='line_1_8' title="bbox 506 897 2148 990; baseline 0.008 -26"><span class='ocrx_word' id='word_1_35' title='bbox 506 897 662 984; x_wconf 91' lang='lat' dir='ltr'><strong>Ipse</strong></span> <span class='ocrx_word' id='word_1_36' title='bbox 690 900 916 980; x_wconf 84' lang='lat' dir='ltr'><strong>trahit,</strong></span> <span class='ocrx_word' id='word_1_37' title='bbox 947 924 1274 990; x_wconf 81' lang='lat' dir='ltr'><strong>cursuque</strong></span> <span class='ocrx_word' id='word_1_38' title='bbox 1303 930 1526 975; x_wconf 82' lang='lat' dir='ltr'><strong>amens</strong></span> <span class='ocrx_word' id='word_1_39' title='bbox 1555 910 1642 975; x_wconf 84' lang='lat' dir='ltr'><strong>ad</strong></span> <span class='ocrx_word' id='word_1_40' title='bbox 1670 907 1889 975; x_wconf 84' lang='lat' dir='ltr'><strong>limina</strong></span> <span class='ocrx_word' id='word_1_41' title='bbox 1916 912 2148 977; x_wconf 87' lang='lat' dir='ltr'><strong>tendit.</strong></span> 
     </span>
     <span class='ocr_line' id='line_1_9' title="bbox 505 1000 2559 1095; baseline 0.007 -30"><span class='ocrx_word' id='word_1_42' title='bbox 505 1000 662 1073; x_wconf 85' lang='lat' dir='ltr'><strong>Quo</strong></span> <span class='ocrx_word' id='word_1_43' title='bbox 693 1024 798 1067; x_wconf 88' lang='lat' dir='ltr'><strong>res</strong></span> <span class='ocrx_word' id='word_1_44' title='bbox 833 1026 1080 1069; x_wconf 87' lang='lat' dir='ltr'><strong>summa</strong></span> <span class='ocrx_word' id='word_1_45' title='bbox 1108 1005 1276 1084; x_wconf 91' lang='lat' dir='ltr'><strong>loco,</strong></span> <span class='ocrx_word' id='word_1_46' title='bbox 1307 1007 1621 1075; x_wconf 71' lang='lat' dir='ltr'><strong>Panthu?</strong></span> <span class='ocrx_word' id='word_1_47' title='bbox 1664 1032 1861 1094; x_wconf 81' lang='lat' dir='ltr'><strong>quam</strong></span> <span class='ocrx_word' id='word_1_48' title='bbox 1887 1013 2267 1095; x_wconf 80' lang='lat' dir='ltr'><strong>prendimus</strong></span> <span class='ocrx_word' id='word_1_49' title='bbox 2296 1016 2559 1082; x_wconf 67' lang='lat' dir='ltr'><strong>arcem?</strong></span> 
     </span>
     <span class='ocr_line' id='line_1_10' title="bbox 499 1101 2159 1194; baseline 0.007 -28"><span class='ocrx_word' id='word_1_50' title='bbox 499 1101 638 1167; x_wconf 81' lang='lat' dir='ltr'><strong>Vix</strong></span> <span class='ocrx_word' id='word_1_51' title='bbox 669 1125 750 1168; x_wconf 90' lang='lat' dir='ltr'><strong>ea</strong></span> <span class='ocrx_word' id='word_1_52' title='bbox 780 1103 952 1171; x_wconf 81' lang='lat' dir='ltr'><strong>fatus</strong></span> <span class='ocrx_word' id='word_1_53' title='bbox 981 1128 1184 1185; x_wconf 88' lang='lat' dir='ltr'><strong>eram,</strong></span> <span class='ocrx_word' id='word_1_54' title='bbox 1214 1110 1462 1192; x_wconf 83' lang='lat' dir='ltr'><strong>gemitu</strong></span> <span class='ocrx_word' id='word_1_55' title='bbox 1488 1132 1693 1194; x_wconf 90' lang='lat' dir='ltr'><strong>quum</strong></span> <span class='ocrx_word' id='word_1_56' title='bbox 1722 1110 1877 1177; x_wconf 86' lang='lat' dir='ltr'><strong>talia</strong></span> <span class='ocrx_word' id='word_1_57' title='bbox 1906 1114 2159 1180; x_wconf 83' lang='lat' dir='ltr'><strong>reddit:</strong></span> 
     </span>
     <span class='ocr_line' id='line_1_11' title="bbox 497 1202 1977 1299; baseline 0.007 -32"><span class='ocrx_word' id='word_1_58' title='bbox 497 1202 704 1271; x_wconf 84' lang='lat' dir='ltr'><strong>Venit</strong></span> <span class='ocrx_word' id='word_1_59' title='bbox 732 1227 980 1271; x_wconf 89' lang='lat' dir='ltr'><strong>summa</strong></span> <span class='ocrx_word' id='word_1_60' title='bbox 1006 1208 1148 1273; x_wconf 89' lang='lat' dir='ltr'><strong>dies</strong></span> <span class='ocrx_word' id='word_1_61' title='bbox 1178 1220 1246 1273; x_wconf 92' lang='lat' dir='ltr'><strong>et</strong></span> <span class='ocrx_word' id='word_1_62' title='bbox 1273 1210 1686 1278; x_wconf 84' lang='lat' dir='ltr'><strong>ineluctabile</strong></span> <span class='ocrx_word' id='word_1_63' title='bbox 1718 1222 1977 1299; x_wconf 89' lang='lat' dir='ltr'><strong>tempus</strong></span> 
     </span>
     <span class='ocr_line' id='line_1_12' title="bbox 319 1304 2279 1399; baseline 0.007 -31"><span class='ocrx_word' id='word_1_64' title='bbox 319 1304 452 1369; x_wconf 73' lang='lat'><strong>325</strong></span> <span class='ocrx_word' id='word_1_65' title='bbox 495 1304 878 1371; x_wconf 81' lang='lat' dir='ltr'><strong>Dardaniae.</strong></span> <span class='ocrx_word' id='word_1_66' title='bbox 953 1306 1221 1377; x_wconf 82' lang='lat' dir='ltr'><strong>Fuimus</strong></span> <span class='ocrx_word' id='word_1_67' title='bbox 1253 1310 1505 1389; x_wconf 79' lang='lat' dir='ltr'><strong>Troes3</strong></span> <span class='ocrx_word' id='word_1_68' title='bbox 1552 1312 1677 1377; x_wconf 85' lang='lat' dir='ltr'><strong>fuit</strong></span> <span class='ocrx_word' id='word_1_69' title='bbox 1706 1313 1919 1391; x_wconf 88' lang='lat' dir='ltr'><strong>Ilium,</strong></span> <span class='ocrx_word' id='word_1_70' title='bbox 1950 1326 2018 1381; x_wconf 92' lang='lat' dir='ltr'><strong>et</strong></span> <span class='ocrx_word' id='word_1_71' title='bbox 2047 1317 2279 1399; x_wconf 84' lang='lat' dir='ltr'><strong>ingens</strong></span> 
     </span>
     <span class='ocr_line' id='line_1_13' title="bbox 497 1405 2271 1501; baseline 0.006 -31"><span class='ocrx_word' id='word_1_72' title='bbox 497 1405 732 1471; x_wconf 81' lang='lat' dir='ltr'><strong>Gloria</strong></span> <span class='ocrx_word' id='word_1_73' title='bbox 759 1407 1191 1474; x_wconf 82' lang='lat' dir='ltr'><strong>Teucrorum.</strong></span> <span class='ocrx_word' id='word_1_74' title='bbox 1268 1409 1477 1475; x_wconf 90' lang='lat' dir='ltr'><strong>Ferus</strong></span> <span class='ocrx_word' id='word_1_75' title='bbox 1510 1413 1723 1477; x_wconf 89' lang='lat' dir='ltr'><strong>omnia</strong></span> <span class='ocrx_word' id='word_1_76' title='bbox 1751 1412 2019 1498; x_wconf 80' lang='lat' dir='ltr'><strong>Jupiter</strong></span> <span class='ocrx_word' id='word_1_77' title='bbox 2049 1413 2271 1501; x_wconf 83' lang='lat' dir='ltr'><strong>Argos</strong></span> 
     </span>
     <span class='ocr_line' id='line_1_14' title="bbox 501 1506 2239 1585; baseline 0.007 -16"><span class='ocrx_word' id='word_1_78' title='bbox 501 1506 892 1573; x_wconf 78' lang='lat' dir='ltr'><strong>Transtulit.</strong></span> <span class='ocrx_word' id='word_1_79' title='bbox 961 1508 1236 1575; x_wconf 83' lang='lat' dir='ltr'><strong>Incensa</strong></span> <span class='ocrx_word' id='word_1_80' title='bbox 1269 1512 1488 1577; x_wconf 87' lang='lat' dir='ltr'><strong>Danai</strong></span> <span class='ocrx_word' id='word_1_81' title='bbox 1516 1512 1931 1581; x_wconf 85' lang='lat' dir='ltr'><strong>dominantur</strong></span> <span class='ocrx_word' id='word_1_82' title='bbox 1958 1516 2027 1579; x_wconf 91' lang='lat' dir='ltr'><strong>in</strong></span> <span class='ocrx_word' id='word_1_83' title='bbox 2052 1518 2239 1585; x_wconf 89' lang='lat' dir='ltr'><strong>urbe.</strong></span> 
     </span>
     <span class='ocr_line' id='line_1_15' title="bbox 495 1606 2095 1679; baseline 0.004 -7"><span class='ocrx_word' id='word_1_84' title='bbox 495 1606 770 1673; x_wconf 89' lang='lat' dir='ltr'><strong>Arduus</strong></span> <span class='ocrx_word' id='word_1_85' title='bbox 799 1620 1084 1675; x_wconf 85' lang='lat' dir='ltr'><strong>armatos</strong></span> <span class='ocrx_word' id='word_1_86' title='bbox 1113 1612 1342 1679; x_wconf 86' lang='lat' dir='ltr'><strong>mediis</strong></span> <span class='ocrx_word' id='word_1_87' title='bbox 1374 1614 1441 1677; x_wconf 91' lang='lat' dir='ltr'><strong>in</strong></span> <span class='ocrx_word' id='word_1_88' title='bbox 1470 1614 1793 1679; x_wconf 86' lang='lat' dir='ltr'><strong>moenibus</strong></span> <span class='ocrx_word' id='word_1_89' title='bbox 1824 1615 2095 1679; x_wconf 83' lang='lat' dir='ltr'><strong>adstans</strong></span> 
     </span>
     <span class='ocr_line' id='line_1_16' title="bbox 493 1709 2219 1798; baseline 0.006 -25"><span class='ocrx_word' id='word_1_90' title='bbox 493 1709 740 1775; x_wconf 88' lang='lat' dir='ltr'><strong>Fundit</strong></span> <span class='ocrx_word' id='word_1_91' title='bbox 769 1733 1004 1795; x_wconf 88' lang='lat' dir='ltr'><strong>equus,</strong></span> <span class='ocrx_word' id='word_1_92' title='bbox 1035 1713 1372 1798; x_wconf 86' lang='lat' dir='ltr'><strong>victorque</strong></span> <span class='ocrx_word' id='word_1_93' title='bbox 1403 1714 1607 1779; x_wconf 89' lang='lat' dir='ltr'><strong>Sinon</strong></span> <span class='ocrx_word' id='word_1_94' title='bbox 1635 1714 1937 1781; x_wconf 86' lang='lat' dir='ltr'><strong>incendia</strong></span> <span class='ocrx_word' id='word_1_95' title='bbox 1966 1718 2219 1793; x_wconf 87' lang='lat' dir='ltr'><strong>miscet,</strong></span> 
     </span>
     <span class='ocr_line' id='line_1_17' title="bbox 315 1808 2009 1900; baseline 0.004 -26"><span class='ocrx_word' id='word_1_96' title='bbox 315 1812 449 1875; x_wconf 82' lang='lat'><strong>330</strong></span> <span class='ocrx_word' id='word_1_97' title='bbox 491 1808 859 1877; x_wconf 76' lang='lat' dir='ltr'><strong>Insultans:</strong></span> <span class='ocrx_word' id='word_1_98' title='bbox 906 1814 1114 1897; x_wconf 85' lang='lat' dir='ltr'><strong>portis</strong></span> <span class='ocrx_word' id='word_1_99' title='bbox 1143 1813 1250 1879; x_wconf 85' lang='lat' dir='ltr'><strong>alii</strong></span> <span class='ocrx_word' id='word_1_100' title='bbox 1274 1815 1720 1900; x_wconf 83' lang='lat' dir='ltr'><strong>bipatentibus</strong></span> <span class='ocrx_word' id='word_1_101' title='bbox 1744 1817 2009 1893; x_wconf 85' lang='lat' dir='ltr'><strong>adsunt,</strong></span> 
     </span>
     <span class='ocr_line' id='line_1_18' title="bbox 492 1911 2108 2002; baseline 0.002 -25"><span class='ocrx_word' id='word_1_102' title='bbox 492 1911 705 1977; x_wconf 86' lang='lat' dir='ltr'><strong>Millia</strong></span> <span class='ocrx_word' id='word_1_103' title='bbox 734 1923 896 1997; x_wconf 88' lang='lat' dir='ltr'><strong>quot</strong></span> <span class='ocrx_word' id='word_1_104' title='bbox 925 1916 1174 1999; x_wconf 78' lang='lat' dir='ltr'><strong>magnis</strong></span> <span class='ocrx_word' id='word_1_105' title='bbox 1202 1938 1488 2001; x_wconf 80' lang='lat' dir='ltr'><strong>unquam</strong></span> <span class='ocrx_word' id='word_1_106' title='bbox 1515 1938 1754 1981; x_wconf 82' lang='lat' dir='ltr'><strong>venere</strong></span> <span class='ocrx_word' id='word_1_107' title='bbox 1786 1916 2108 2002; x_wconf 85' lang='lat' dir='ltr'><strong>Mycenis.</strong></span> 
     </span>
     <span class='ocr_line' id='line_1_19' title="bbox 497 2012 1753 2101; baseline 0.004 -24"><span class='ocrx_word' id='word_1_108' title='bbox 497 2013 847 2081; x_wconf 87' lang='lat' dir='ltr'><strong>Obsedere</strong></span> <span class='ocrx_word' id='word_1_109' title='bbox 879 2012 986 2079; x_wconf 88' lang='lat' dir='ltr'><strong>alii</strong></span> <span class='ocrx_word' id='word_1_110' title='bbox 1018 2014 1163 2079; x_wconf 87' lang='lat' dir='ltr'><strong>telis</strong></span> <span class='ocrx_word' id='word_1_111' title='bbox 1193 2027 1476 2101; x_wconf 81' lang='lat' dir='ltr'><strong>angusta</strong></span> <span class='ocrx_word' id='word_1_112' title='bbox 1503 2017 1753 2083; x_wconf 80' lang='lat' dir='ltr'><strong>viarum</strong></span> 
     </span>
     <span class='ocr_line' id='line_1_20' title="bbox 501 2113 2054 2200; baseline 0.003 -22"><span class='ocrx_word' id='word_1_113' title='bbox 501 2113 845 2200; x_wconf 82' lang='lat' dir='ltr'><strong>oppositi:</strong></span> <span class='ocrx_word' id='word_1_114' title='bbox 895 2126 1026 2181; x_wconf 89' lang='lat' dir='ltr'><strong>stat</strong></span> <span class='ocrx_word' id='word_1_115' title='bbox 1051 2116 1208 2181; x_wconf 83' lang='lat' dir='ltr'><strong>ferri</strong></span> <span class='ocrx_word' id='word_1_116' title='bbox 1237 2118 1408 2183; x_wconf 88' lang='lat' dir='ltr'><strong>acies</strong></span> <span class='ocrx_word' id='word_1_117' title='bbox 1439 2140 1748 2183; x_wconf 86' lang='lat' dir='ltr'><strong>mucrone</strong></span> <span class='ocrx_word' id='word_1_118' title='bbox 1778 2140 2054 2185; x_wconf 87' lang='lat' dir='ltr'><strong>corusco</strong></span> 
     </span>
     <span class='ocr_line' id='line_1_21' title="bbox 493 2214 2157 2304; baseline 0.004 -25"><span class='ocrx_word' id='word_1_119' title='bbox 493 2214 759 2293; x_wconf 87' lang='lat' dir='ltr'><strong>Stricta,</strong></span> <span class='ocrx_word' id='word_1_120' title='bbox 793 2227 1026 2300; x_wconf 79' lang='lat' dir='ltr'><strong>parata</strong></span> <span class='ocrx_word' id='word_1_121' title='bbox 1052 2220 1233 2285; x_wconf 87' lang='lat' dir='ltr'><strong>neci:</strong></span> <span class='ocrx_word' id='word_1_122' title='bbox 1283 2220 1393 2283; x_wconf 87' lang='lat' dir='ltr'><strong>vix</strong></span> <span class='ocrx_word' id='word_1_123' title='bbox 1421 2220 1613 2303; x_wconf 87' lang='lat' dir='ltr'><strong>primi</strong></span> <span class='ocrx_word' id='word_1_124' title='bbox 1640 2218 1877 2304; x_wconf 87' lang='lat' dir='ltr'><strong>proelia</strong></span> <span class='ocrx_word' id='word_1_125' title='bbox 1904 2230 2157 2285; x_wconf 84' lang='lat' dir='ltr'><strong>tentant</strong></span> 
     </span>
     <span class='ocr_line' id='line_1_22' title="bbox 317 2316 2051 2402; baseline 0.003 -21"><span class='ocrx_word' id='word_1_126' title='bbox 317 2316 454 2381; x_wconf 83' lang='lat'><strong>335</strong></span> <span class='ocrx_word' id='word_1_127' title='bbox 499 2316 852 2383; x_wconf 87' lang='lat' dir='ltr'><strong>Portarum</strong></span> <span class='ocrx_word' id='word_1_128' title='bbox 880 2318 1130 2402; x_wconf 81' lang='lat' dir='ltr'><strong>vigiles,</strong></span> <span class='ocrx_word' id='word_1_129' title='bbox 1161 2330 1229 2387; x_wconf 91' lang='lat' dir='ltr'><strong>et</strong></span> <span class='ocrx_word' id='word_1_130' title='bbox 1257 2342 1433 2387; x_wconf 77' lang='lat' dir='ltr'><strong>caeco</strong></span> <span class='ocrx_word' id='word_1_131' title='bbox 1461 2319 1686 2387; x_wconf 87' lang='lat' dir='ltr'><strong>Marte</strong></span> <span class='ocrx_word' id='word_1_132' title='bbox 1716 2321 2051 2387; x_wconf 84' lang='lat' dir='ltr'><strong>resistunt.</strong></span> 
     </span>
    </p>
   </div>
   <div class='ocr_carea' id='block_1_4' title="bbox 303 2531 1446 4535">
    <p class='ocr_par' dir='ltr' id='par_1_4' title="bbox 305 2531 1445 2975">
     <span class='ocr_line' id='line_1_23' title="bbox 313 2531 1445 2597; baseline 0.003 -17"><span class='ocrx_word' id='word_1_133' title='bbox 313 2540 474 2597; x_wconf 76' lang='lat' dir='ltr'><strong>captae</strong></span> <span class='ocrx_word' id='word_1_134' title='bbox 494 2542 548 2580; x_wconf 91' lang='lat' dir='ltr'><strong>et</strong></span> <span class='ocrx_word' id='word_1_135' title='bbox 567 2531 780 2581; x_wconf 66' lang='lat' dir='ltr'><strong>incense</strong></span> <span class='ocrx_word' id='word_1_136' title='bbox 794 2534 900 2595; x_wconf 83' lang='lat' dir='ltr'><strong>jam</strong></span> <span class='ocrx_word' id='word_1_137' title='bbox 921 2532 1045 2583; x_wconf 87' lang='lat' dir='ltr'><strong>urbi.</strong></span> <span class='ocrx_word' id='word_1_138' title='bbox 1102 2536 1285 2583; x_wconf 65' lang='lat' dir='ltr'><strong>Ardent</strong></span> <span class='ocrx_word' id='word_1_139' title='bbox 1301 2538 1445 2585; x_wconf 69' lang='lat' dir='ltr'><strong>animi</strong></span> 
     </span>
     <span class='ocr_line' id='line_1_24' title="bbox 305 2597 1444 2671; baseline 0.002 -26"><span class='ocrx_word' id='word_1_140' title='bbox 305 2599 564 2671; x_wconf 50' lang='lat' dir='ltr'><strong>‘haerare</strong></span> <span class='ocrx_word' id='word_1_141' title='bbox 598 2614 779 2645; x_wconf 74' lang='lat' dir='ltr'><strong>manum</strong></span> <span class='ocrx_word' id='word_1_142' title='bbox 821 2598 933 2645; x_wconf 78' lang='lat' dir='ltr'><strong>bello</strong></span> <span class='ocrx_word' id='word_1_143' title='bbox 947 2616 965 2644; x_wconf 86' lang='grc'><strong>.·</strong></span> <span class='ocrx_word' id='word_1_144' title='bbox 997 2597 1158 2655; x_wconf 85' lang='lat' dir='ltr'><strong>ardeo,</strong></span> <span class='ocrx_word' id='word_1_145' title='bbox 1199 2598 1279 2647; x_wconf 83' lang='lat' dir='ltr'><strong>hic</strong></span> <span class='ocrx_word' id='word_1_146' title='bbox 1315 2614 1444 2647; x_wconf 81' lang='lat' dir='ltr'><strong>unus</strong></span> 
     </span>
     <span class='ocr_line' id='line_1_25' title="bbox 309 2660 1442 2736; baseline 0.002 -27"><span class='ocrx_word' id='word_1_147' title='bbox 309 2670 534 2735; x_wconf 66' lang='lat' dir='ltr'><strong>u&#39;npetus¹</strong></span> <span class='ocrx_word' id='word_1_148' title='bbox 542 2671 661 2736; x_wconf 72' lang='lat' dir='ltr'><strong>erat,</strong></span> <span class='ocrx_word' id='word_1_149' title='bbox 680 2660 910 2725; x_wconf 73' lang='lat' dir='ltr'><strong>colligere</strong></span> <span class='ocrx_word' id='word_1_150' title='bbox 927 2660 1109 2711; x_wconf 81' lang='lat' dir='ltr'><strong>milites</strong></span> <span class='ocrx_word' id='word_1_151' title='bbox 1127 2661 1189 2710; x_wconf 81' lang='lat' dir='ltr'><strong>ad</strong></span> <span class='ocrx_word' id='word_1_152' title='bbox 1249 2678 1442 2727; x_wconf 79' lang='lat' dir='ltr'><strong>ugnam,</strong></span> 
     </span>
     <span class='ocr_line' id='line_1_26' title="bbox 311 2726 1444 2791; baseline 0.001 -17"><span class='ocrx_word' id='word_1_153' title='bbox 311 2735 366 2774; x_wconf 85' lang='lat' dir='ltr'><strong>et</strong></span> <span class='ocrx_word' id='word_1_154' title='bbox 384 2741 498 2775; x_wconf 83' lang='lat' dir='ltr'><strong>cum</strong></span> <span class='ocrx_word' id='word_1_155' title='bbox 521 2740 596 2783; x_wconf 79' lang='lat' dir='ltr'><strong>ns,</strong></span> <span class='ocrx_word' id='word_1_156' title='bbox 621 2742 720 2775; x_wconf 72' lang='lat' dir='ltr'><strong>cun</strong></span> <span class='ocrx_word' id='word_1_157' title='bbox 741 2730 889 2785; x_wconf 71' lang='lat' dir='ltr'><strong>sociis,</strong></span> <span class='ocrx_word' id='word_1_158' title='bbox 914 2726 966 2775; x_wconf 87' lang='lat' dir='ltr'><strong>in</strong></span> <span class='ocrx_word' id='word_1_159' title='bbox 991 2742 1154 2775; x_wconf 83' lang='lat' dir='ltr'><strong>arcem</strong></span> <span class='ocrx_word' id='word_1_160' title='bbox 1276 2743 1444 2791; x_wconf 79' lang='lat' dir='ltr'><strong>regem</strong></span> 
     </span>
     <span class='ocr_line' id='line_1_27' title="bbox 309 2790 1443 2853; baseline 0 -14"><span class='ocrx_word' id='word_1_161' title='bbox 309 2806 616 2839; x_wconf 82' lang='lat' dir='ltr'><strong>concurrere.</strong></span> <span class='ocrx_word' id='word_1_162' title='bbox 675 2790 744 2838; x_wconf 85' lang='lat' dir='ltr'><strong>Et</strong></span> <span class='ocrx_word' id='word_1_163' title='bbox 759 2790 844 2838; x_wconf 82' lang='lat' dir='ltr'><strong>illa</strong></span> <span class='ocrx_word' id='word_1_164' title='bbox 860 2804 958 2838; x_wconf 84' lang='lat' dir='ltr'><strong>una</strong></span> <span class='ocrx_word' id='word_1_165' title='bbox 973 2790 1203 2853; x_wconf 80' lang='lat' dir='ltr'><strong>cogitatio</strong></span> <span class='ocrx_word' id='word_1_166' title='bbox 1226 2791 1443 2839; x_wconf 85' lang='lat' dir='ltr'><strong>animum</strong></span> 
     </span>
     <span class='ocr_line' id='line_1_28' title="bbox 307 2854 1443 2921; baseline 0 -18"><span class='ocrx_word' id='word_1_167' title='bbox 307 2854 458 2913; x_wconf 78' lang='lat' dir='ltr'><strong>subit,</strong></span> <span class='ocrx_word' id='word_1_168' title='bbox 472 2870 619 2917; x_wconf 84' lang='lat' dir='ltr'><strong>quam</strong></span> <span class='ocrx_word' id='word_1_169' title='bbox 631 2854 890 2919; x_wconf 86' lang='lat' dir='ltr'><strong>pulchrum</strong></span> <span class='ocrx_word' id='word_1_170' title='bbox 904 2854 970 2903; x_wconf 82' lang='lat' dir='ltr'><strong>sit</strong></span> <span class='ocrx_word' id='word_1_171' title='bbox 981 2855 1095 2903; x_wconf 74' lang='lat' dir='ltr'><strong>forti</strong></span> <span class='ocrx_word' id='word_1_172' title='bbox 1101 2866 1172 2905; x_wconf 88' lang='lat' dir='ltr'><strong>ter</strong></span> <span class='ocrx_word' id='word_1_173' title='bbox 1179 2856 1443 2921; x_wconf 80' lang='lat' dir='ltr'><strong>pugnando</strong></span> 
     </span>
     <span class='ocr_line' id='line_1_29' title="bbox 311 2918 932 2975; baseline 0 -8"><span class='ocrx_word' id='word_1_174' title='bbox 311 2918 464 2968; x_wconf 84' lang='lat' dir='ltr'><strong>mori:</strong></span> <span class='ocrx_word' id='word_1_175' title='bbox 499 2918 561 2968; x_wconf 65' lang='grc' dir='ltr'><strong>οἱ</strong></span> <span class='ocrx_word' id='word_1_176' title='bbox 585 2920 708 2969; x_wconf 85' lang='lat' dir='ltr'><strong>Geo.</strong></span> <span class='ocrx_word' id='word_1_177' title='bbox 733 2918 798 2975; x_wconf 83' lang='lat' dir='ltr'><strong>iv,</strong></span> <span class='ocrx_word' id='word_1_178' title='bbox 821 2921 932 2967; x_wconf 87' lang='lat'><strong>218.</strong></span> 
     </span>
    </p>

    <p class='ocr_par' dir='ltr' id='par_1_5' title="bbox 304 2984 1442 3821">
     <span class='ocr_line' id='line_1_30' title="bbox 375 2984 1439 3048; baseline 0.002 -17"><span class='ocrx_word' id='word_1_179' title='bbox 375 2985 651 3033; x_wconf 66' lang='lat' dir='ltr'><strong>als-4321.</strong></span> <span class='ocrx_word' id='word_1_180' title='bbox 688 2984 908 3033; x_wconf 80' lang='lat' dir='ltr'><strong>Panthus</strong></span> <span class='ocrx_word' id='word_1_181' title='bbox 940 2984 1164 3033; x_wconf 80' lang='lat' dir='ltr'><strong>sacerdos</strong></span> <span class='ocrx_word' id='word_1_182' title='bbox 1178 2984 1439 3048; x_wconf 85' lang='lat' dir='ltr'><strong>Apollinis,</strong></span> 
     </span>
     <span class='ocr_line' id='line_1_31' title="bbox 305 3048 1437 3113; baseline 0 -15"><span class='ocrx_word' id='word_1_183' title='bbox 305 3050 450 3111; x_wconf 76' lang='lat' dir='ltr'><strong>cujus</strong></span> <span class='ocrx_word' id='word_1_184' title='bbox 474 3048 710 3113; x_wconf 84' lang='lat' dir='ltr'><strong>templum</strong></span> <span class='ocrx_word' id='word_1_185' title='bbox 732 3048 912 3097; x_wconf 84' lang='lat' dir='ltr'><strong>eratin</strong></span> <span class='ocrx_word' id='word_1_186' title='bbox 941 3064 1066 3097; x_wconf 82' lang='lat' dir='ltr'><strong>arce.</strong></span> <span class='ocrx_word' id='word_1_187' title='bbox 1126 3049 1324 3097; x_wconf 88' lang='lat' dir='ltr'><strong>Ponunt</strong></span> <span class='ocrx_word' id='word_1_188' title='bbox 1351 3065 1437 3098; x_wconf 89' lang='lat' dir='ltr'><strong>au-</strong></span> 
     </span>
     <span class='ocr_line' id='line_1_32' title="bbox 309 3111 1442 3177; baseline 0 -16"><span class='ocrx_word' id='word_1_189' title='bbox 309 3122 410 3162; x_wconf 85' lang='lat' dir='ltr'><strong>tem</strong></span> <span class='ocrx_word' id='word_1_190' title='bbox 427 3122 586 3177; x_wconf 67' lang='lat' dir='ltr'><strong>poete</strong></span> <span class='ocrx_word' id='word_1_191' title='bbox 601 3112 761 3177; x_wconf 90' lang='lat' dir='ltr'><strong>primo</strong></span> <span class='ocrx_word' id='word_1_192' title='bbox 787 3113 894 3160; x_wconf 92' lang='lat' dir='ltr'><strong>loco</strong></span> <span class='ocrx_word' id='word_1_193' title='bbox 915 3111 1186 3171; x_wconf 87' lang='lat' dir='ltr'><strong>continens,</strong></span> <span class='ocrx_word' id='word_1_194' title='bbox 1212 3123 1442 3175; x_wconf 80' lang='lat' dir='ltr'><strong>tanquam</strong></span> 
     </span>
     <span class='ocr_line' id='line_1_33' title="bbox 305 3177 1440 3253; baseline 0.001 -28"><span class='ocrx_word' id='word_1_195' title='bbox 305 3177 483 3253; x_wconf 64' lang='lat' dir='ltr'><strong>indm:</strong></span> <span class='ocrx_word' id='word_1_196' title='bbox 519 3180 642 3252; x_wconf 59' lang='lat' dir='ltr'><strong>&lt;freis</strong></span> <span class='ocrx_word' id='word_1_197' title='bbox 676 3179 924 3239; x_wconf 71' lang='lat' dir='ltr'><strong>Pkoebique</strong></span> <span class='ocrx_word' id='word_1_198' title='bbox 954 3180 1177 3225; x_wconf 70' lang='lat' dir='ltr'><strong>sacerdos.</strong></span> <span class='ocrx_word' id='word_1_199' title='bbox 1219 3178 1440 3252; x_wconf 64' lang='lat' dir='ltr'><strong>Panthus</strong></span> 
     </span>
     <span class='ocr_line' id='line_1_34' title="bbox 307 3241 1438 3368; baseline 0 -14"><span class='ocrx_word' id='word_1_200' title='bbox 307 3252 444 3361; x_wconf 67' lang='lat'><strong>¹:2²3:</strong></span> <span class='ocrx_word' id='word_1_201' title='bbox 465 3256 708 3368; x_wconf 53' lang='lat' dir='ltr'><strong>iffa-‘3</strong></span> <span class='ocrx_word' id='word_1_202' title='bbox 734 3241 1438 3368; x_wconf 47' lang='lat' dir='ltr'><strong>{Wmmfsusskssssuzz</strong></span> 
     </span>
     <span class='ocr_line' id='line_1_35' title="bbox 307 3370 1435 3434; baseline -0.001 -14"><span class='ocrx_word' id='word_1_203' title='bbox 307 3372 580 3427; x_wconf 60' lang='lat' dir='ltr'><strong>nasama,</strong></span> <span class='ocrx_word' id='word_1_204' title='bbox 627 3385 756 3434; x_wconf 64' lang='lat' dir='ltr'><strong>sepe</strong></span> <span class='ocrx_word' id='word_1_205' title='bbox 855 3384 1022 3417; x_wconf 88' lang='lat' dir='ltr'><strong>omero</strong></span> <span class='ocrx_word' id='word_1_206' title='bbox 1055 3370 1435 3419; x_wconf 85' lang='lat' dir='ltr'><strong>commemorati.</strong></span> 
     </span>
     <span class='ocr_line' id='line_1_36' title="bbox 309 3433 1437 3498; baseline -0.001 -14"><span class='ocrx_word' id='word_1_207' title='bbox 309 3436 462 3484; x_wconf 86' lang='lat' dir='ltr'><strong>Nunc</strong></span> <span class='ocrx_word' id='word_1_208' title='bbox 477 3435 692 3498; x_wconf 78' lang='lat' dir='ltr'><strong>Othryos</strong></span> <span class='ocrx_word' id='word_1_209' title='bbox 706 3433 836 3483; x_wconf 84' lang='lat' dir='ltr'><strong>filius</strong></span> <span class='ocrx_word' id='word_1_210' title='bbox 849 3434 957 3498; x_wconf 86' lang='lat' dir='ltr'><strong>ipse</strong></span> <span class='ocrx_word' id='word_1_211' title='bbox 975 3433 1150 3483; x_wconf 85' lang='lat' dir='ltr'><strong>editur.</strong></span> <span class='ocrx_word' id='word_1_212' title='bbox 1201 3434 1437 3483; x_wconf 83' lang='lat' dir='ltr'><strong>Sacerdo-</strong></span> 
     </span>
     <span class='ocr_line' id='line_1_37' title="bbox 309 3498 1440 3564; baseline -0.003 -15"><span class='ocrx_word' id='word_1_213' title='bbox 309 3500 376 3549; x_wconf 77' lang='lat' dir='ltr'><strong>tis</strong></span> <span class='ocrx_word' id='word_1_214' title='bbox 407 3515 616 3564; x_wconf 79' lang='lat' dir='ltr'><strong>persona</strong></span> <span class='ocrx_word' id='word_1_215' title='bbox 645 3499 794 3547; x_wconf 86' lang='lat' dir='ltr'><strong>ducta</strong></span> <span class='ocrx_word' id='word_1_216' title='bbox 825 3514 890 3549; x_wconf 84' lang='lat' dir='ltr'><strong>ex</strong></span> <span class='ocrx_word' id='word_1_217' title='bbox 935 3498 1076 3547; x_wconf 75' lang='lat' dir='ltr'><strong>Iliad.</strong></span> <span class='ocrx_word' id='word_1_218' title='bbox 1113 3517 1154 3556; x_wconf 87' lang='grc' dir='ltr'><strong>ο,</strong></span> <span class='ocrx_word' id='word_1_219' title='bbox 1201 3500 1311 3556; x_wconf 85' lang='grc'><strong><em>522,</em></strong></span> <span class='ocrx_word' id='word_1_220' title='bbox 1359 3498 1440 3548; x_wconf 88' lang='lat' dir='ltr'><strong>ubi</strong></span> 
     </span>
     <span class='ocr_line' id='line_1_38' title="bbox 307 3562 1438 3628; baseline -0.002 -15"><span class='ocrx_word' id='word_1_221' title='bbox 307 3564 492 3628; x_wconf 82' lang='lat' dir='ltr'><strong>Apollo</strong></span> <span class='ocrx_word' id='word_1_222' title='bbox 511 3562 692 3612; x_wconf 81' lang='lat' dir='ltr'><strong>Panthi</strong></span> <span class='ocrx_word' id='word_1_223' title='bbox 711 3562 880 3621; x_wconf 82' lang='lat' dir='ltr'><strong>filium,</strong></span> <span class='ocrx_word' id='word_1_224' title='bbox 898 3562 1314 3627; x_wconf 82' lang='lat' dir='ltr'><strong>Polydamantem,</strong></span> <span class='ocrx_word' id='word_1_225' title='bbox 1331 3574 1438 3611; x_wconf 88' lang='lat' dir='ltr'><strong>tue-</strong></span> 
     </span>
     <span class='ocr_line' id='line_1_39' title="bbox 309 3626 1442 3689; baseline -0.002 -12"><span class='ocrx_word' id='word_1_226' title='bbox 309 3640 404 3677; x_wconf 79' lang='lat' dir='ltr'><strong>tur.</strong></span> <span class='ocrx_word' id='word_1_227' title='bbox 461 3628 605 3677; x_wconf 72' lang='lat' dir='ltr'><strong>Adde</strong></span> <span class='ocrx_word' id='word_1_228' title='bbox 621 3626 706 3675; x_wconf 76' lang='lat' dir='ltr'><strong>inf.</strong></span> <span class='ocrx_word' id='word_1_229' title='bbox 726 3644 770 3676; x_wconf 83' lang='lat' dir='ltr'><strong>v.</strong></span> <span class='ocrx_word' id='word_1_230' title='bbox 795 3629 906 3675; x_wconf 73' lang='lat'><strong>430.</strong></span> <span class='ocrx_word' id='word_1_231' title='bbox 963 3626 1128 3675; x_wconf 84' lang='lat' dir='ltr'><strong>Etiam</strong></span> <span class='ocrx_word' id='word_1_232' title='bbox 1149 3643 1266 3675; x_wconf 77' lang='lat' dir='ltr'><strong>mox</strong></span> <span class='ocrx_word' id='word_1_233' title='bbox 1285 3643 1442 3689; x_wconf 75' lang='lat' dir='ltr'><strong>genus</strong></span> 
     </span>
     <span class='ocr_line' id='line_1_40' title="bbox 304 3690 1440 3821; baseline -0.003 -15"><span class='ocrx_word' id='word_1_234' title='bbox 304 3692 996 3821; x_wconf 52' lang='lat' dir='ltr'><strong>{mmoemffissoifflf‘</strong></span> <span class='ocrx_word' id='word_1_235' title='bbox 1015 3690 1440 3805; x_wconf 47' lang='lat'><strong>35253220&#39;22222</strong></span> 
     </span>
    </p>

    <p class='ocr_par' dir='ltr' id='par_1_6' title="bbox 967 3789 1270 3813">
     <span class='ocr_line' id='line_1_41' title="bbox 967 3789 1270 3813; baseline 0 0"><span class='ocrx_word' id='word_1_236' title='bbox 967 3789 979 3813; x_wconf 69' lang='grc' dir='ltr'><strong>ι</strong></span> <span class='ocrx_word' id='word_1_237' title='bbox 1120 3790 1134 3803; x_wconf 92' lang='grc'><em>·</em></span> <span class='ocrx_word' id='word_1_238' title='bbox 1257 3791 1270 3813; x_wconf 73' lang='grc' dir='ltr'><strong><em>ο</em></strong></span> 
     </span>
    </p>

    <p class='ocr_par' dir='ltr' id='par_1_7' title="bbox 303 3821 1446 4395">
     <span class='ocr_line' id='line_1_42' title="bbox 304 3821 1442 3959; baseline -0.002 -24"><span class='ocrx_word' id='word_1_239' title='bbox 304 3822 779 3935; x_wconf 54' lang='lat' dir='ltr'><strong>ffimpwi&#39;ss</strong></span> <span class='ocrx_word' id='word_1_240' title='bbox 800 3821 1186 3947; x_wconf 47' lang='lat' dir='ltr'><strong>..ffffiffl‘gzffi</strong></span> <span class='ocrx_word' id='word_1_241' title='bbox 1213 3829 1442 3959; x_wconf 57' lang='grc' dir='ltr'><strong>Χξῖῖαἰξ</strong></span> 
     </span>
     <span class='ocr_line' id='line_1_43' title="bbox 303 3949 1437 4014; baseline -0.004 -13"><span class='ocrx_word' id='word_1_242' title='bbox 303 3966 454 4014; x_wconf 80' lang='lat' dir='ltr'><strong>quam</strong></span> <span class='ocrx_word' id='word_1_243' title='bbox 485 3950 757 4001; x_wconf 80' lang='lat' dir='ltr'><strong>invidiose!</strong></span> <span class='ocrx_word' id='word_1_244' title='bbox 795 3950 1014 3999; x_wconf 86' lang='lat' dir='ltr'><strong>Deorum</strong></span> <span class='ocrx_word' id='word_1_245' title='bbox 1037 3958 1203 3997; x_wconf 82' lang='lat' dir='ltr'><strong>autem</strong></span> <span class='ocrx_word' id='word_1_246' title='bbox 1237 3949 1437 3997; x_wconf 75' lang='lat' dir='ltr'><strong>simula-</strong></span> 
     </span>
     <span class='ocr_line' id='line_1_44' title="bbox 305 4012 1440 4077; baseline -0.004 -12"><span class='ocrx_word' id='word_1_247' title='bbox 305 4030 447 4065; x_wconf 80' lang='lat' dir='ltr'><strong>cmm</strong></span> <span class='ocrx_word' id='word_1_248' title='bbox 469 4015 522 4063; x_wconf 90' lang='lat' dir='ltr'><strong>in</strong></span> <span class='ocrx_word' id='word_1_249' title='bbox 543 4014 738 4063; x_wconf 83' lang='lat' dir='ltr'><strong>excidio</strong></span> <span class='ocrx_word' id='word_1_250' title='bbox 767 4013 938 4077; x_wconf 85' lang='lat' dir='ltr'><strong>templi</strong></span> <span class='ocrx_word' id='word_1_251' title='bbox 970 4022 1021 4061; x_wconf 87' lang='lat' dir='ltr'><strong>et</strong></span> <span class='ocrx_word' id='word_1_252' title='bbox 1051 4012 1186 4061; x_wconf 86' lang='lat' dir='ltr'><strong>urbis</strong></span> <span class='ocrx_word' id='word_1_253' title='bbox 1213 4029 1276 4061; x_wconf 86' lang='lat' dir='ltr'><strong>ex</strong></span> <span class='ocrx_word' id='word_1_254' title='bbox 1307 4028 1440 4061; x_wconf 89' lang='lat' dir='ltr'><strong>more</strong></span> 
     </span>
     <span class='ocr_line' id='line_1_45' title="bbox 305 4077 1443 4135; baseline -0.004 -6"><span class='ocrx_word' id='word_1_255' title='bbox 305 4095 478 4129; x_wconf 71' lang='lat' dir='ltr'><strong>seeum</strong></span> <span class='ocrx_word' id='word_1_256' title='bbox 497 4080 627 4129; x_wconf 76' lang='lat' dir='ltr'><strong>serre</strong></span> <span class='ocrx_word' id='word_1_257' title='bbox 647 4088 700 4127; x_wconf 88' lang='lat' dir='ltr'><strong>et</strong></span> <span class='ocrx_word' id='word_1_258' title='bbox 719 4094 914 4127; x_wconf 80' lang='lat' dir='ltr'><strong>servare</strong></span> <span class='ocrx_word' id='word_1_259' title='bbox 937 4078 1102 4127; x_wconf 85' lang='lat' dir='ltr'><strong>studet</strong></span> <span class='ocrx_word' id='word_1_260' title='bbox 1122 4077 1362 4135; x_wconf 74' lang='lat' dir='ltr'><strong>sacerdos,</strong></span> <span class='ocrx_word' id='word_1_261' title='bbox 1386 4087 1443 4125; x_wconf 86' lang='lat' dir='ltr'><strong>ut</strong></span> 
     </span>
     <span class='ocr_line' id='line_1_46' title="bbox 307 4141 1442 4201; baseline -0.003 -8"><span class='ocrx_word' id='word_1_262' title='bbox 307 4144 498 4193; x_wconf 59' lang='grc' dir='ltr'><strong>ΛΕΜ</strong></span> <span class='ocrx_word' id='word_1_263' title='bbox 515 4144 741 4201; x_wconf 76' lang='lat' dir='ltr'><strong>Penates,</strong></span> <span class='ocrx_word' id='word_1_264' title='bbox 761 4158 824 4191; x_wconf 88' lang='lat' dir='ltr'><strong>ne</strong></span> <span class='ocrx_word' id='word_1_265' title='bbox 843 4142 896 4191; x_wconf 88' lang='lat' dir='ltr'><strong>in</strong></span> <span class='ocrx_word' id='word_1_266' title='bbox 912 4141 1128 4191; x_wconf 81' lang='lat' dir='ltr'><strong>hostium</strong></span> <span class='ocrx_word' id='word_1_267' title='bbox 1215 4150 1442 4191; x_wconf 74' lang='lat' dir='ltr'><strong>testatem</strong></span> 
     </span>
     <span class='ocr_line' id='line_1_47' title="bbox 305 4204 1438 4265; baseline -0.003 -8"><span class='ocrx_word' id='word_1_268' title='bbox 305 4208 524 4257; x_wconf 77' lang='lat' dir='ltr'><strong>veniant.</strong></span> <span class='ocrx_word' id='word_1_269' title='bbox 573 4208 900 4265; x_wconf 69' lang='lat' dir='ltr'><strong>notare-est,</strong></span> <span class='ocrx_word' id='word_1_270' title='bbox 917 4207 1150 4257; x_wconf 79' lang='lat' dir='ltr'><strong>sedseme</strong></span> <span class='ocrx_word' id='word_1_271' title='bbox 1183 4204 1438 4256; x_wconf 69' lang='lat' dir='ltr'><strong>monenda.</strong></span> 
     </span>
     <span class='ocr_line' id='line_1_48' title="bbox 313 4270 1446 4336; baseline -0.004 -15"><span class='ocrx_word' id='word_1_272' title='bbox 313 4276 480 4321; x_wconf 63' lang='lat' dir='ltr'><strong>Trahit</strong></span> <span class='ocrx_word' id='word_1_273' title='bbox 495 4288 611 4321; x_wconf 87' lang='lat' dir='ltr'><strong>cum</strong></span> <span class='ocrx_word' id='word_1_274' title='bbox 633 4271 814 4321; x_wconf 85' lang='lat' dir='ltr'><strong>dilectu</strong></span> <span class='ocrx_word' id='word_1_275' title='bbox 835 4270 1048 4336; x_wconf 70' lang='lat' dir='ltr'><strong>positiun</strong></span> <span class='ocrx_word' id='word_1_276' title='bbox 1071 4287 1162 4335; x_wconf 88' lang='lat' dir='ltr'><strong>pro</strong></span> <span class='ocrx_word' id='word_1_277' title='bbox 1179 4270 1328 4319; x_wconf 84' lang='lat' dir='ltr'><strong>ducit.</strong></span> <span class='ocrx_word' id='word_1_278' title='bbox 1364 4272 1446 4318; x_wconf 76' lang='lat' dir='ltr'><strong>Aa</strong></span> 
     </span>
     <span class='ocr_line' id='line_1_49' title="bbox 311 4336 700 4395; baseline 0.003 -11"><span class='ocrx_word' id='word_1_279' title='bbox 311 4340 488 4395; x_wconf 67' lang='lat' dir='ltr'><strong>limina,</strong></span> <span class='ocrx_word' id='word_1_280' title='bbox 511 4336 700 4385; x_wconf 75' lang='lat' dir='ltr'><strong>AEneoe.</strong></span> 
     </span>
    </p>

    <p class='ocr_par' dir='ltr' id='par_1_8' title="bbox 312 4398 1442 4535">
     <span class='ocr_line' id='line_1_50' title="bbox 375 4398 1441 4463; baseline -0.003 -14"><span class='ocrx_word' id='word_1_281' title='bbox 375 4403 488 4450; x_wconf 80' lang='lat'><strong>822.</strong></span> <span class='ocrx_word' id='word_1_282' title='bbox 527 4401 731 4451; x_wconf 68' lang='lat' dir='ltr'><strong>antra</strong></span> <span class='ocrx_word' id='word_1_283' title='bbox 763 4398 988 4452; x_wconf 72' lang='lat' dir='ltr'><strong>hboraut</strong></span> <span class='ocrx_word' id='word_1_284' title='bbox 1021 4399 1074 4449; x_wconf 85' lang='lat' dir='ltr'><strong>in</strong></span> <span class='ocrx_word' id='word_1_285' title='bbox 1108 4398 1441 4463; x_wconf 82' lang='lat' dir='ltr'><strong>interpretati-</strong></span> 
     </span>
     <span class='ocr_line' id='line_1_51' title="bbox 312 4462 1442 4535; baseline -0.003 -20"><span class='ocrx_word' id='word_1_286' title='bbox 312 4480 424 4525; x_wconf 83' lang='lat' dir='ltr'><strong>one,</strong></span> <span class='ocrx_word' id='word_1_287' title='bbox 469 4464 552 4528; x_wconf 80' lang='lat' dir='ltr'><strong>qui</strong></span> <span class='ocrx_word' id='word_1_288' title='bbox 597 4482 749 4515; x_wconf 72' lang='lat' dir='ltr'><strong>arces·</strong></span> <span class='ocrx_word' id='word_1_289' title='bbox 792 4464 854 4515; x_wconf 86' lang='lat' dir='ltr'><strong>de</strong></span> <span class='ocrx_word' id='word_1_290' title='bbox 897 4464 1138 4527; x_wconf 76' lang='lat' dir='ltr'><strong>Pergamo</strong></span> <span class='ocrx_word' id='word_1_291' title='bbox 1181 4462 1442 4535; x_wconf 77' lang='lat' dir='ltr'><strong>accipiunt.</strong></span> 
     </span>
    </p>
   </div>
   <div class='ocr_carea' id='block_1_5' title="bbox 1503 2533 2639 4524">
    <p class='ocr_par' dir='ltr' id='par_1_9' title="bbox 1507 2533 2635 2663">
     <span class='ocr_line' id='line_1_52' title="bbox 1509 2533 2635 2600; baseline 0.004 -18"><span class='ocrx_word' id='word_1_292' title='bbox 1509 2533 1766 2597; x_wconf 87' lang='lat' dir='ltr'><strong>Optimum</strong></span> <span class='ocrx_word' id='word_1_293' title='bbox 1788 2534 1933 2592; x_wconf 79' lang='lat' dir='ltr'><strong>factu,</strong></span> <span class='ocrx_word' id='word_1_294' title='bbox 1954 2542 2011 2583; x_wconf 87' lang='lat' dir='ltr'><strong>ut</strong></span> <span class='ocrx_word' id='word_1_295' title='bbox 2030 2550 2183 2585; x_wconf 74' lang='lat' dir='ltr'><strong>arcem</strong></span> <span class='ocrx_word' id='word_1_296' title='bbox 2198 2551 2289 2599; x_wconf 82' lang='lat' dir='ltr'><strong>pro</strong></span> <span class='ocrx_word' id='word_1_297' title='bbox 2310 2536 2534 2600; x_wconf 69' lang='lat' dir='ltr'><strong>perfugio</strong></span> <span class='ocrx_word' id='word_1_298' title='bbox 2555 2554 2635 2587; x_wconf 87' lang='lat' dir='ltr'><strong>ac-</strong></span> 
     </span>
     <span class='ocr_line' id='line_1_53' title="bbox 1507 2597 2185 2663; baseline 0 -17"><span class='ocrx_word' id='word_1_299' title='bbox 1507 2597 1691 2663; x_wconf 85' lang='lat' dir='ltr'><strong>cipias:</strong></span> <span class='ocrx_word' id='word_1_300' title='bbox 1727 2614 1823 2661; x_wconf 87' lang='lat' dir='ltr'><strong>quo</strong></span> <span class='ocrx_word' id='word_1_301' title='bbox 1845 2598 2185 2663; x_wconf 73' lang='lat' dir='ltr'><strong>confugimus?</strong></span> 
     </span>
    </p>

    <p class='ocr_par' dir='ltr' id='par_1_10' title="bbox 1505 2662 2639 3235">
     <span class='ocr_line' id='line_1_54' title="bbox 1576 2662 2639 2727; baseline 0.003 -16"><span class='ocrx_word' id='word_1_302' title='bbox 1576 2664 1672 2711; x_wconf 75' lang='lat'><strong>824</strong></span> <span class='ocrx_word' id='word_1_303' title='bbox 1693 2679 1796 2726; x_wconf 81' lang='lat' dir='ltr'><strong>sqq.</strong></span> <span class='ocrx_word' id='word_1_304' title='bbox 1833 2662 2149 2713; x_wconf 79' lang='lat' dir='ltr'><strong>Admirabilis</strong></span> <span class='ocrx_word' id='word_1_305' title='bbox 2185 2662 2352 2722; x_wconf 85' lang='lat' dir='ltr'><strong>oratio,</strong></span> <span class='ocrx_word' id='word_1_306' title='bbox 2386 2664 2639 2727; x_wconf 78' lang='lat' dir='ltr'><strong>gravitatis</strong></span> 
     </span>
     <span class='ocr_line' id='line_1_55' title="bbox 1509 2726 2637 2791; baseline 0.003 -15"><span class='ocrx_word' id='word_1_307' title='bbox 1509 2736 1561 2777; x_wconf 88' lang='lat' dir='ltr'><strong>et</strong></span> <span class='ocrx_word' id='word_1_308' title='bbox 1582 2726 1765 2776; x_wconf 85' lang='lat' dir='ltr'><strong>doloris</strong></span> <span class='ocrx_word' id='word_1_309' title='bbox 1797 2727 1957 2791; x_wconf 86' lang='lat' dir='ltr'><strong>plena,</strong></span> <span class='ocrx_word' id='word_1_310' title='bbox 1995 2738 2047 2776; x_wconf 88' lang='lat' dir='ltr'><strong>et</strong></span> <span class='ocrx_word' id='word_1_311' title='bbox 2076 2743 2136 2775; x_wconf 86' lang='lat' dir='ltr'><strong>ea</strong></span> <span class='ocrx_word' id='word_1_312' title='bbox 2154 2728 2353 2791; x_wconf 87' lang='lat' dir='ltr'><strong>quidem</strong></span> <span class='ocrx_word' id='word_1_313' title='bbox 2373 2729 2637 2780; x_wconf 81' lang='lat' dir='ltr'><strong>sacerdotis</strong></span> 
     </span>
     <span class='ocr_line' id='line_1_56' title="bbox 1509 2790 2634 2855; baseline 0.004 -17"><span class='ocrx_word' id='word_1_314' title='bbox 1509 2791 1771 2855; x_wconf 83' lang='lat' dir='ltr'><strong>Apollinis,</strong></span> <span class='ocrx_word' id='word_1_315' title='bbox 1810 2802 1860 2839; x_wconf 89' lang='lat' dir='ltr'><strong>et</strong></span> <span class='ocrx_word' id='word_1_316' title='bbox 1896 2791 1949 2839; x_wconf 87' lang='lat' dir='ltr'><strong>in</strong></span> <span class='ocrx_word' id='word_1_317' title='bbox 1994 2790 2079 2838; x_wconf 83' lang='lat' dir='ltr'><strong>tali</strong></span> <span class='ocrx_word' id='word_1_318' title='bbox 2124 2808 2288 2840; x_wconf 87' lang='lat' dir='ltr'><strong>rerum</strong></span> <span class='ocrx_word' id='word_1_319' title='bbox 2328 2793 2634 2843; x_wconf 83' lang='lat' dir='ltr'><strong>conditione!</strong></span> 
     </span>
     <span class='ocr_line' id='line_1_57' title="bbox 1511 2855 2635 2923; baseline 0.002 -18"><span class='ocrx_word' id='word_1_320' title='bbox 1511 2856 1767 2920; x_wconf 87' lang='lat' dir='ltr'><strong>Euripidis</strong></span> <span class='ocrx_word' id='word_1_321' title='bbox 1794 2855 1879 2905; x_wconf 76' lang='lat' dir='ltr'><strong>ina</strong></span> <span class='ocrx_word' id='word_1_322' title='bbox 1900 2856 2075 2905; x_wconf 81' lang='lat' dir='ltr'><strong>Troad.</strong></span> <span class='ocrx_word' id='word_1_323' title='bbox 2112 2857 2221 2915; x_wconf 84' lang='lat'><strong>581,</strong></span> <span class='ocrx_word' id='word_1_324' title='bbox 2246 2856 2289 2904; x_wconf 83' lang='lat' dir='ltr'><strong>si</strong></span> <span class='ocrx_word' id='word_1_325' title='bbox 2306 2858 2525 2922; x_wconf 80' lang='lat' dir='ltr'><strong>respexit</strong></span> <span class='ocrx_word' id='word_1_326' title='bbox 2546 2876 2635 2923; x_wconf 87' lang='lat' dir='ltr'><strong>po-</strong></span> 
     </span>
     <span class='ocr_line' id='line_1_58' title="bbox 1509 2918 2632 2981; baseline 0.002 -12"><span class='ocrx_word' id='word_1_327' title='bbox 1509 2930 1615 2979; x_wconf 77' lang='lat' dir='ltr'><strong>eta3</strong></span> <span class='ocrx_word' id='word_1_328' title='bbox 1653 2918 1769 2981; x_wconf 71' lang='grc' dir='ltr'><strong><em>Πρίν</em></strong></span> <span class='ocrx_word' id='word_1_329' title='bbox 1793 2919 1901 2968; x_wconf 71' lang='grc' dir='ltr'><strong>ποτ’</strong></span> <span class='ocrx_word' id='word_1_330' title='bbox 1924 2918 2057 2981; x_wconf 75' lang='grc' dir='ltr'><strong><em>ἦμεν.</em></strong></span> <span class='ocrx_word' id='word_1_331' title='bbox 2112 2920 2327 2977; x_wconf 72' lang='grc' dir='ltr'>Βέβακεν</span> <span class='ocrx_word' id='word_1_332' title='bbox 2348 2921 2509 2978; x_wconf 71' lang='grc' dir='ltr'><strong>ὄλβος.</strong></span> <span class='ocrx_word' id='word_1_333' title='bbox 2547 2921 2632 2972; x_wconf 72' lang='grc' dir='ltr'><strong>Βέ-</strong></span> 
     </span>
     <span class='ocr_line' id='line_1_59' title="bbox 1505 2982 2637 3047; baseline 0.002 -14"><span class='ocrx_word' id='word_1_334' title='bbox 1505 2988 1631 3041; x_wconf 73' lang='grc' dir='ltr'><strong>βακε</strong></span> <span class='ocrx_word' id='word_1_335' title='bbox 1652 2982 1806 3047; x_wconf 72' lang='grc' dir='ltr'>Τροία,</span> <span class='ocrx_word' id='word_1_336' title='bbox 1831 2994 2067 3047; x_wconf 84' lang='lat' dir='ltr'><strong>quantum</strong></span> <span class='ocrx_word' id='word_1_337' title='bbox 2100 2982 2183 3033; x_wconf 87' lang='lat' dir='ltr'><strong>ille</strong></span> <span class='ocrx_word' id='word_1_338' title='bbox 2216 2986 2277 3033; x_wconf 89' lang='lat' dir='ltr'><strong>de</strong></span> <span class='ocrx_word' id='word_1_339' title='bbox 2302 3001 2393 3035; x_wconf 81' lang='lat' dir='ltr'><strong>suo</strong></span> <span class='ocrx_word' id='word_1_340' title='bbox 2415 2986 2637 3037; x_wconf 80' lang='lat' dir='ltr'><strong>attulisse</strong></span> 
     </span>
     <span class='ocr_line' id='line_1_60' title="bbox 1508 3048 2633 3107; baseline 0.003 -11"><span class='ocrx_word' id='word_1_341' title='bbox 1508 3048 1663 3097; x_wconf 84' lang='lat' dir='ltr'><strong>videri</strong></span> <span class='ocrx_word' id='word_1_342' title='bbox 1701 3048 1871 3097; x_wconf 81' lang='lat' dir='ltr'><strong>debet!</strong></span> <span class='ocrx_word' id='word_1_343' title='bbox 1917 3051 2232 3107; x_wconf 75' lang='lat' dir='ltr'><strong>Ineluctabile,</strong></span> <span class='ocrx_word' id='word_1_344' title='bbox 2269 3050 2429 3097; x_wconf 74' lang='lat' dir='ltr'><strong>fatale.</strong></span> <span class='ocrx_word' id='word_1_345' title='bbox 2484 3050 2633 3099; x_wconf 85' lang='lat' dir='ltr'><strong>Euri-</strong></span> 
     </span>
     <span class='ocr_line' id='line_1_61' title="bbox 1507 3111 2633 3178; baseline 0.003 -17"><span class='ocrx_word' id='word_1_346' title='bbox 1507 3112 1706 3178; x_wconf 87' lang='lat' dir='ltr'><strong>pideum</strong></span> <span class='ocrx_word' id='word_1_347' title='bbox 1728 3112 1831 3161; x_wconf 81' lang='lat' dir='ltr'><strong>fere</strong></span> <span class='ocrx_word' id='word_1_348' title='bbox 1863 3111 2106 3169; x_wconf 85' lang='lat' dir='ltr'><strong>convenit,</strong></span> <span class='ocrx_word' id='word_1_349' title='bbox 2130 3112 2273 3175; x_wconf 74' lang='grc' dir='ltr'><strong><em>τύχα,</em></strong></span> <span class='ocrx_word' id='word_1_350' title='bbox 2296 3112 2429 3176; x_wconf 74' lang='grc' dir='ltr'><strong>τύχα</strong></span> <span class='ocrx_word' id='word_1_351' title='bbox 2452 3112 2633 3165; x_wconf 69' lang='grc' dir='ltr'><strong><em>δυστά-</em></strong></span> 
     </span>
     <span class='ocr_line' id='line_1_62' title="bbox 1506 3176 2223 3235; baseline -0.001 -9"><span class='ocrx_word' id='word_1_352' title='bbox 1506 3186 1709 3227; x_wconf 71' lang='grc' dir='ltr'><strong><em>λαιστος</em></strong></span> <span class='ocrx_word' id='word_1_353' title='bbox 1729 3178 1847 3235; x_wconf 71' lang='grc' dir='ltr'>ἥκει.</span> <span class='ocrx_word' id='word_1_354' title='bbox 1904 3176 2086 3225; x_wconf 79' lang='lat' dir='ltr'><strong>Alcest-</strong></span> <span class='ocrx_word' id='word_1_355' title='bbox 2114 3180 2223 3227; x_wconf 85' lang='lat'><strong>892.</strong></span> 
     </span>
    </p>

    <p class='ocr_par' dir='ltr' id='par_1_11' title="bbox 1503 3241 2634 3497">
     <span class='ocr_line' id='line_1_63' title="bbox 1572 3241 2633 3304; baseline 0.004 -15"><span class='ocrx_word' id='word_1_356' title='bbox 1572 3242 1681 3289; x_wconf 83' lang='lat'><strong>326.</strong></span> <span class='ocrx_word' id='word_1_357' title='bbox 1716 3244 1865 3289; x_wconf 70' lang='lat' dir='ltr'><strong>Ferus</strong></span> <span class='ocrx_word' id='word_1_358' title='bbox 1886 3244 2086 3304; x_wconf 72' lang='lat' dir='ltr'><strong>Jupiter,</strong></span> <span class='ocrx_word' id='word_1_359' title='bbox 2110 3253 2168 3291; x_wconf 87' lang='lat' dir='ltr'><strong>ut</strong></span> <span class='ocrx_word' id='word_1_360' title='bbox 2194 3241 2313 3291; x_wconf 78' lang='lat' dir='ltr'><strong>alias</strong></span> <span class='ocrx_word' id='word_1_361' title='bbox 2334 3260 2492 3303; x_wconf 72' lang='lat' dir='ltr'><strong>sevus,</strong></span> <span class='ocrx_word' id='word_1_362' title='bbox 2516 3244 2564 3293; x_wconf 88' lang='lat' dir='ltr'><strong>h.</strong></span> <span class='ocrx_word' id='word_1_363' title='bbox 2590 3260 2633 3293; x_wconf 85' lang='lat' dir='ltr'><strong>e.</strong></span> 
     </span>
     <span class='ocr_line' id='line_1_64' title="bbox 1503 3305 2634 3369; baseline 0.003 -15"><span class='ocrx_word' id='word_1_364' title='bbox 1503 3305 1673 3363; x_wconf 69' lang='lat' dir='ltr'><strong>imum,</strong></span> <span class='ocrx_word' id='word_1_365' title='bbox 1708 3305 1933 3355; x_wconf 74' lang='lat' dir='ltr'><strong>crudelis.</strong></span> <span class='ocrx_word' id='word_1_366' title='bbox 1992 3309 2155 3354; x_wconf 74' lang='lat' dir='ltr'><strong>Omnia</strong></span> <span class='ocrx_word' id='word_1_367' title='bbox 2191 3310 2344 3369; x_wconf 72' lang='lat' dir='ltr'><strong>Argos</strong></span> <span class='ocrx_word' id='word_1_368' title='bbox 2379 3312 2634 3367; x_wconf 62' lang='lat' dir='ltr'><strong>transtulit,</strong></span> 
     </span>
     <span class='ocr_line' id='line_1_65' title="bbox 1504 3370 2631 3437; baseline 0.003 -19"><span class='ocrx_word' id='word_1_369' title='bbox 1504 3370 1705 3433; x_wconf 77' lang='lat' dir='ltr'><strong>Argivis</strong></span> <span class='ocrx_word' id='word_1_370' title='bbox 1729 3370 1983 3419; x_wconf 85' lang='lat' dir='ltr'><strong>victoriam</strong></span> <span class='ocrx_word' id='word_1_371' title='bbox 2001 3379 2052 3418; x_wconf 89' lang='lat' dir='ltr'><strong>et</strong></span> <span class='ocrx_word' id='word_1_372' title='bbox 2072 3386 2235 3419; x_wconf 86' lang='lat' dir='ltr'><strong>rerum</strong></span> <span class='ocrx_word' id='word_1_373' title='bbox 2258 3386 2496 3421; x_wconf 81' lang='lat' dir='ltr'><strong>summam</strong></span> <span class='ocrx_word' id='word_1_374' title='bbox 2518 3389 2631 3437; x_wconf 89' lang='lat' dir='ltr'><strong>per-</strong></span> 
     </span>
     <span class='ocr_line' id='line_1_66' title="bbox 1507 3434 2185 3497; baseline 0 -14"><span class='ocrx_word' id='word_1_375' title='bbox 1507 3434 1655 3492; x_wconf 86' lang='lat' dir='ltr'><strong>misit,</strong></span> <span class='ocrx_word' id='word_1_376' title='bbox 1680 3435 1831 3497; x_wconf 85' lang='lat' dir='ltr'><strong>Troja</strong></span> <span class='ocrx_word' id='word_1_377' title='bbox 1850 3450 1980 3483; x_wconf 89' lang='lat' dir='ltr'><strong>nunc</strong></span> <span class='ocrx_word' id='word_1_378' title='bbox 2002 3450 2185 3483; x_wconf 82' lang='lat' dir='ltr'><strong>eversa.</strong></span> 
     </span>
    </p>

    <p class='ocr_par' dir='ltr' id='par_1_12' title="bbox 1503 3498 2636 4203">
     <span class='ocr_line' id='line_1_67' title="bbox 1574 3498 2636 3557; baseline 0.002 -10"><span class='ocrx_word' id='word_1_379' title='bbox 1574 3501 1684 3557; x_wconf 80' lang='lat'><strong>328,</strong></span> <span class='ocrx_word' id='word_1_380' title='bbox 1709 3500 1819 3548; x_wconf 81' lang='lat'><strong>329.</strong></span> <span class='ocrx_word' id='word_1_381' title='bbox 1854 3501 2028 3547; x_wconf 71' lang='lat' dir='ltr'><strong>Mediis</strong></span> <span class='ocrx_word' id='word_1_382' title='bbox 2058 3502 2107 3546; x_wconf 76' lang='lat' dir='ltr'><strong>in</strong></span> <span class='ocrx_word' id='word_1_383' title='bbox 2136 3502 2371 3557; x_wconf 64' lang='lat' dir='ltr'><strong>messibus,</strong></span> <span class='ocrx_word' id='word_1_384' title='bbox 2394 3498 2446 3547; x_wconf 89' lang='lat' dir='ltr'><strong>in</strong></span> <span class='ocrx_word' id='word_1_385' title='bbox 2474 3500 2636 3549; x_wconf 85' lang='lat' dir='ltr'><strong>media</strong></span> 
     </span>
     <span class='ocr_line' id='line_1_68' title="bbox 1506 3561 2631 3620; baseline 0.001 -9"><span class='ocrx_word' id='word_1_386' title='bbox 1506 3564 1643 3620; x_wconf 80' lang='lat' dir='ltr'><strong>urbe,</strong></span> <span class='ocrx_word' id='word_1_387' title='bbox 1660 3578 1775 3611; x_wconf 79' lang='lat' dir='ltr'><strong>nam</strong></span> <span class='ocrx_word' id='word_1_388' title='bbox 1796 3562 1849 3609; x_wconf 86' lang='lat' dir='ltr'><strong>in</strong></span> <span class='ocrx_word' id='word_1_389' title='bbox 1864 3576 2002 3610; x_wconf 78' lang='lat' dir='ltr'><strong>arce:</strong></span> <span class='ocrx_word' id='word_1_390' title='bbox 2039 3562 2099 3608; x_wconf 81' lang='lat' dir='ltr'><strong>cf.</strong></span> <span class='ocrx_word' id='word_1_391' title='bbox 2122 3564 2231 3609; x_wconf 81' lang='lat'><strong>240.</strong></span> <span class='ocrx_word' id='word_1_392' title='bbox 2279 3564 2501 3611; x_wconf 69' lang='lat' dir='ltr'><strong>lucendio</strong></span> <span class='ocrx_word' id='word_1_393' title='bbox 2522 3561 2631 3612; x_wconf 58' lang='lat' dir='ltr'><strong>mi?-</strong></span> 
     </span>
     <span class='ocr_line' id='line_1_69' title="bbox 1507 3624 2631 3690; baseline 0.001 -16"><span class='ocrx_word' id='word_1_394' title='bbox 1507 3635 1595 3683; x_wconf 78' lang='lat' dir='ltr'><strong>cet,</strong></span> <span class='ocrx_word' id='word_1_395' title='bbox 1628 3626 1753 3690; x_wconf 88' lang='lat' dir='ltr'><strong>plus,</strong></span> <span class='ocrx_word' id='word_1_396' title='bbox 1778 3641 1921 3687; x_wconf 79' lang='lat' dir='ltr'><strong>quam</strong></span> <span class='ocrx_word' id='word_1_397' title='bbox 1955 3624 2244 3689; x_wconf 82' lang='lat' dir='ltr'><strong>promiscue,</strong></span> <span class='ocrx_word' id='word_1_398' title='bbox 2272 3626 2471 3687; x_wconf 85' lang='lat' dir='ltr'><strong>passim,</strong></span> <span class='ocrx_word' id='word_1_399' title='bbox 2502 3626 2631 3675; x_wconf 79' lang='lat' dir='ltr'><strong>facit.</strong></span> 
     </span>
     <span class='ocr_line' id='line_1_70' title="bbox 1507 3688 2629 3754; baseline 0.002 -15"><span class='ocrx_word' id='word_1_400' title='bbox 1507 3691 1589 3739; x_wconf 88' lang='lat' dir='ltr'><strong>Ita</strong></span> <span class='ocrx_word' id='word_1_401' title='bbox 1610 3694 1796 3737; x_wconf 71' lang='lat' dir='ltr'><strong>miscere</strong></span> <span class='ocrx_word' id='word_1_402' title='bbox 1817 3692 1975 3737; x_wconf 76' lang='lat' dir='ltr'><strong>caedss.</strong></span> <span class='ocrx_word' id='word_1_403' title='bbox 2032 3690 2186 3737; x_wconf 75' lang='lat' dir='ltr'><strong>Victor</strong></span> <span class='ocrx_word' id='word_1_404' title='bbox 2206 3700 2281 3737; x_wconf 87' lang='lat' dir='ltr'><strong>est</strong></span> <span class='ocrx_word' id='word_1_405' title='bbox 2298 3688 2495 3739; x_wconf 80' lang='lat' dir='ltr'><strong>effector</strong></span> <span class='ocrx_word' id='word_1_406' title='bbox 2515 3705 2629 3754; x_wconf 81' lang='lat' dir='ltr'><strong>pro-</strong></span> 
     </span>
     <span class='ocr_line' id='line_1_71' title="bbox 1505 3764 2634 3879; baseline 0.002 -14"><span class='ocrx_word' id='word_1_407' title='bbox 1505 3764 1683 3875; x_wconf 41' lang='lat' dir='ltr'><strong>poglgmo,</strong></span> <span class='ocrx_word' id='word_1_408' title='bbox 1720 3820 1827 3866; x_wconf 77' lang='lat'><strong>331.</strong></span> <span class='ocrx_word' id='word_1_409' title='bbox 1862 3820 2195 3875; x_wconf 54' lang='lat' dir='ltr'><strong>Aliir-uu&#39;llt&#39;a</strong></span> <span class='ocrx_word' id='word_1_410' title='bbox 2227 3824 2348 3879; x_wconf 72' lang='lat' dir='ltr'><strong>quot,</strong></span> <span class='ocrx_word' id='word_1_411' title='bbox 2385 3818 2433 3865; x_wconf 87' lang='lat' dir='ltr'><strong>h.</strong></span> <span class='ocrx_word' id='word_1_412' title='bbox 2474 3833 2517 3866; x_wconf 86' lang='lat' dir='ltr'><strong>e.</strong></span> <span class='ocrx_word' id='word_1_413' title='bbox 2562 3827 2634 3867; x_wconf 83' lang='lat' dir='ltr'><strong>tot</strong></span> 
     </span>
     <span class='ocr_line' id='line_1_72' title="bbox 1503 3881 2633 3945; baseline 0 -13"><span class='ocrx_word' id='word_1_414' title='bbox 1503 3882 1675 3942; x_wconf 77' lang='lat' dir='ltr'><strong>millia,</strong></span> <span class='ocrx_word' id='word_1_415' title='bbox 1708 3890 1827 3945; x_wconf 89' lang='lat' dir='ltr'><strong>quot</strong></span> <span class='ocrx_word' id='word_1_416' title='bbox 1856 3898 2025 3931; x_wconf 86' lang='lat' dir='ltr'><strong>eorum</strong></span> <span class='ocrx_word' id='word_1_417' title='bbox 2061 3891 2151 3931; x_wconf 86' lang='lat' dir='ltr'><strong>ete.</strong></span> <span class='ocrx_word' id='word_1_418' title='bbox 2188 3897 2278 3945; x_wconf 88' lang='lat' dir='ltr'><strong>pro</strong></span> <span class='ocrx_word' id='word_1_419' title='bbox 2300 3881 2427 3945; x_wconf 76' lang='lat' dir='ltr'><strong>vulg.</strong></span> <span class='ocrx_word' id='word_1_420' title='bbox 2456 3882 2633 3945; x_wconf 86' lang='lat' dir='ltr'><strong>reliqui</strong></span> 
     </span>
     <span class='ocr_line' id='line_1_73' title="bbox 1507 3946 2633 4010; baseline 0.001 -15"><span class='ocrx_word' id='word_1_421' title='bbox 1507 3962 1690 3995; x_wconf 88' lang='lat' dir='ltr'><strong>omnes.</strong></span> <span class='ocrx_word' id='word_1_422' title='bbox 1742 3950 1901 3995; x_wconf 74' lang='lat' dir='ltr'><strong>Portis</strong></span> <span class='ocrx_word' id='word_1_423' title='bbox 1934 3949 2256 4009; x_wconf 71' lang='lat' dir='ltr'><strong>bipatentibus,</strong></span> <span class='ocrx_word' id='word_1_424' title='bbox 2282 3946 2519 3995; x_wconf 80' lang='lat' dir='ltr'><strong>variatum</strong></span> <span class='ocrx_word' id='word_1_425' title='bbox 2542 3963 2633 4010; x_wconf 89' lang='lat' dir='ltr'><strong>pro</strong></span> 
     </span>
     <span class='ocr_line' id='line_1_74' title="bbox 1505 4010 2634 4075; baseline 0.001 -15"><span class='ocrx_word' id='word_1_426' title='bbox 1505 4010 1732 4075; x_wconf 79' lang='lat' dir='ltr'><strong>simplici,</strong></span> <span class='ocrx_word' id='word_1_427' title='bbox 1766 4020 2004 4075; x_wconf 82' lang='lat' dir='ltr'><strong>patentes,</strong></span> <span class='ocrx_word' id='word_1_428' title='bbox 2043 4019 2238 4075; x_wconf 79' lang='lat' dir='ltr'><strong>apertae.</strong></span> <span class='ocrx_word' id='word_1_429' title='bbox 2295 4010 2634 4073; x_wconf 78' lang='lat' dir='ltr'><strong>Intelligendae</strong></span> 
     </span>
     <span class='ocr_line' id='line_1_75' title="bbox 1507 4074 2628 4139; baseline -0.004 -14"><span class='ocrx_word' id='word_1_430' title='bbox 1507 4086 1670 4125; x_wconf 79' lang='lat' dir='ltr'><strong>autem</strong></span> <span class='ocrx_word' id='word_1_431' title='bbox 1704 4085 1857 4139; x_wconf 80' lang='lat' dir='ltr'><strong>portae</strong></span> <span class='ocrx_word' id='word_1_432' title='bbox 1890 4076 2063 4123; x_wconf 77' lang='lat' dir='ltr'><strong>Scaeae:</strong></span> <span class='ocrx_word' id='word_1_433' title='bbox 2098 4075 2161 4123; x_wconf 83' lang='lat' dir='ltr'><strong>cf.</strong></span> <span class='ocrx_word' id='word_1_434' title='bbox 2186 4089 2292 4138; x_wconf 86' lang='lat' dir='ltr'><strong>sup.</strong></span> <span class='ocrx_word' id='word_1_435' title='bbox 2318 4090 2361 4122; x_wconf 84' lang='lat' dir='ltr'><strong>v.</strong></span> <span class='ocrx_word' id='word_1_436' title='bbox 2388 4074 2499 4133; x_wconf 84' lang='lat'><strong>266,</strong></span> <span class='ocrx_word' id='word_1_437' title='bbox 2516 4094 2628 4137; x_wconf 75' lang='lat' dir='ltr'><strong>pm·-</strong></span> 
     </span>
     <span class='ocr_line' id='line_1_76' title="bbox 1507 4142 2551 4203; baseline -0.001 -14"><span class='ocrx_word' id='word_1_438' title='bbox 1507 4145 1654 4203; x_wconf 70' lang='lat' dir='ltr'><strong>tisque</strong></span> <span class='ocrx_word' id='word_1_439' title='bbox 1672 4143 1937 4202; x_wconf 72' lang='lat' dir='ltr'><strong>patentibus</strong></span> <span class='ocrx_word' id='word_1_440' title='bbox 1960 4156 2106 4187; x_wconf 73' lang='lat' dir='ltr'><strong>omnes</strong></span> <span class='ocrx_word' id='word_1_441' title='bbox 2127 4142 2379 4200; x_wconf 63' lang='lat' dir='ltr'><strong>Ampius-e</strong></span> <span class='ocrx_word' id='word_1_442' title='bbox 2399 4143 2551 4188; x_wconf 69' lang='lat' dir='ltr'><strong>socios.</strong></span> 
     </span>
    </p>

    <p class='ocr_par' dir='ltr' id='par_1_13' title="bbox 1507 4205 2637 4524">
     <span class='ocr_line' id='line_1_77' title="bbox 1574 4205 2637 4264; baseline 0.001 -12"><span class='ocrx_word' id='word_1_443' title='bbox 1574 4206 1845 4253; x_wconf 67' lang='lat' dir='ltr'><strong>aaz—385.</strong></span> <span class='ocrx_word' id='word_1_444' title='bbox 1886 4205 2109 4251; x_wconf 72' lang='lat' dir='ltr'><strong>obsedere</strong></span> <span class='ocrx_word' id='word_1_445' title='bbox 2142 4206 2337 4264; x_wconf 65' lang='lat' dir='ltr'><strong>oppetita·</strong></span> <span class='ocrx_word' id='word_1_446' title='bbox 2373 4214 2543 4253; x_wconf 82' lang='lat' dir='ltr'><strong>ornate</strong></span> <span class='ocrx_word' id='word_1_447' title='bbox 2584 4214 2637 4255; x_wconf 92' lang='lat' dir='ltr'><strong>et</strong></span> 
     </span>
     <span class='ocr_line' id='line_1_78' title="bbox 1509 4268 2634 4332; baseline 0 -14"><span class='ocrx_word' id='word_1_448' title='bbox 1509 4270 1601 4319; x_wconf 82' lang='lat' dir='ltr'><strong>hoc</strong></span> <span class='ocrx_word' id='word_1_449' title='bbox 1638 4268 1891 4330; x_wconf 80' lang='lat' dir='ltr'><strong>adjectum.</strong></span> <span class='ocrx_word' id='word_1_450' title='bbox 1964 4270 2299 4316; x_wconf 71' lang='lat' dir='ltr'><strong>Stat-stricta</strong></span> <span class='ocrx_word' id='word_1_451' title='bbox 2338 4283 2429 4332; x_wconf 90' lang='lat' dir='ltr'><strong>pro</strong></span> <span class='ocrx_word' id='word_1_452' title='bbox 2464 4269 2634 4318; x_wconf 76' lang='lat' dir='ltr'><strong>stricta</strong></span> 
     </span>
     <span class='ocr_line' id='line_1_79' title="bbox 1507 4330 2632 4395; baseline -0.002 -12"><span class='ocrx_word' id='word_1_453' title='bbox 1507 4342 1610 4389; x_wconf 77' lang='lat' dir='ltr'><strong>est3</strong></span> <span class='ocrx_word' id='word_1_454' title='bbox 1644 4340 1755 4390; x_wconf 76' lang='lat' dir='ltr'><strong>stat,</strong></span> <span class='ocrx_word' id='word_1_455' title='bbox 1770 4331 1951 4395; x_wconf 87' lang='lat' dir='ltr'><strong>quippe</strong></span> <span class='ocrx_word' id='word_1_456' title='bbox 1972 4330 2193 4381; x_wconf 87' lang='lat' dir='ltr'><strong>sublatus</strong></span> <span class='ocrx_word' id='word_1_457' title='bbox 2210 4341 2260 4381; x_wconf 89' lang='lat' dir='ltr'><strong>et</strong></span> <span class='ocrx_word' id='word_1_458' title='bbox 2276 4342 2468 4381; x_wconf 84' lang='lat' dir='ltr'><strong>erectus</strong></span> <span class='ocrx_word' id='word_1_459' title='bbox 2484 4333 2632 4383; x_wconf 80' lang='lat' dir='ltr'><strong>ensis.</strong></span> 
     </span>
     <span class='ocr_line' id='line_1_80' title="bbox 1513 4396 2633 4461; baseline 0 -14"><span class='ocrx_word' id='word_1_460' title='bbox 1513 4400 1641 4447; x_wconf 68' lang='lat' dir='ltr'><strong>Caco</strong></span> <span class='ocrx_word' id='word_1_461' title='bbox 1674 4398 1845 4455; x_wconf 74' lang='lat' dir='ltr'><strong>Marte,</strong></span> <span class='ocrx_word' id='word_1_462' title='bbox 1880 4405 2119 4445; x_wconf 84' lang='lat' dir='ltr'><strong>nocturno</strong></span> <span class='ocrx_word' id='word_1_463' title='bbox 2148 4396 2338 4461; x_wconf 85' lang='lat' dir='ltr'><strong>proelio,</strong></span> <span class='ocrx_word' id='word_1_464' title='bbox 2372 4412 2469 4460; x_wconf 87' lang='lat' dir='ltr'><strong>quo</strong></span> <span class='ocrx_word' id='word_1_465' title='bbox 2499 4398 2633 4447; x_wconf 87' lang='lat' dir='ltr'><strong>cerni</strong></span> 
     </span>
     <span class='ocr_line' id='line_1_81' title="bbox 1509 4460 2179 4524; baseline -0.003 -11"><span class='ocrx_word' id='word_1_466' title='bbox 1509 4480 1569 4513; x_wconf 82' lang='lat' dir='ltr'><strong>ac</strong></span> <span class='ocrx_word' id='word_1_467' title='bbox 1588 4460 1800 4512; x_wconf 82' lang='lat' dir='ltr'><strong>discerni</strong></span> <span class='ocrx_word' id='word_1_468' title='bbox 1820 4460 1976 4511; x_wconf 75' lang='lat' dir='ltr'><strong>hostis</strong></span> <span class='ocrx_word' id='word_1_469' title='bbox 1996 4460 2179 4524; x_wconf 84' lang='lat' dir='ltr'><strong>nequit.</strong></span> 
     </span>
    </p>
   </div>
  </div>
 </body>
</html>
