3050 4934
38 3226 72 3243 Ο·

1224 230 1569 297 LIBER
1616 234 1708 299 Vr

464 372 583 451 At,
614 396 743 440 non
773 376 1071 441 tardatus
1102 400 1261 443 casu
1290 400 1503 463 neque
1535 384 1824 459 territus,
1857 383 2054 449 heros

462 472 701 538 Acrior
728 475 815 539 ad
846 498 1133 559 pugnam
1163 479 1359 555 redit,
1390 502 1467 545 ac
1499 482 1626 545 vim
1656 484 1929 548 suscitat
1957 485 2090 562 ira3

286 574 419 638 465
460 574 638 640 Tum
666 576 887 660 pudor
915 578 1203 645 incendit
1232 580 1426 657 vires,
1456 592 1525 645 et
1555 584 1815 647 conscia
1847 585 2088 661 virtus3

461 675 1003 769 Proecipitemque
1030 677 1260 744 Daren
1292 682 1529 746 ardens
1561 684 1696 765 agit
1727 705 1991 767 aequore
2021 696 2198 761 toto;

460 775 659 841 Nunc
688 777 926 841 dextra
952 780 1355 863 ingeminans
1386 783 1580 859 ictus,
1613 798 1790 847 nunc·
1813 782 1918 847 ille
1951 782 2230 847 sinistra.

458 875 607 941 Nec
636 899 840 953 mora,
870 900 992 945 nec
1018 882 1301 964 requies.
1380 882 1598 954 Quam
1627 882 1830 947 multa
1859 884 2176 966 grandine
2202 868 2428 949 nimbi⁶

460 976 864 1042 Culminibus
892 981 1256 1065 crepitant;
1304 982 1397 1045 sic
1426 982 1650 1045 densis
1679 982 1916 1047 ictibus
1947 983 2144 1047 heros

282 1076 417 1140 460
459 1076 711 1143 Creber
740 1088 1019 1163 utraque
1046 1104 1243 1147 manu
1273 1080 1493 1166 pulsat
1520 1092 1868 1167 versatque
1901 1082 2174 1149 Dareta.

457 1177 635 1243 Tum
665 1190 853 1263 pater
882 1180 1137 1247 AEneas
1168 1184 1526 1266 procedere
1555 1183 1813 1266 longius
1843 1186 1998 1260 irae,

460 1278 555 1343 Et
584 1282 812 1345 saevire
840 1282 1071 1347 animis
1102 1282 1441 1347 Entellum
1468 1283 1650 1349 haud
1681 1306 1916 1367 passus
1946 1286 2240 1361 acerbis3

458 1378 594 1443 Sed
625 1380 820 1445 finem
845 1382 1155 1466 imposuit
1184 1405 1447 1466 pugnoe,
1478 1383 1852 1466 fessumque
1883 1382 2138 1449 Dareta

458 1478 749 1564 Eripuit,
780 1480 1071 1547 mulcens
1100 1482 1329 1559 dictis;
1375 1506 1451 1547 ac
1485 1483 1636 1547 talia
1665 1483 1874 1547 fatur:

282 1577 419 1644 465
457 1580 717 1658 Infelix,
748 1604 896 1666 quae
928 1592 1109 1647 tanta
1138 1584 1420 1649 animum
1450 1584 1780 1651 dementia
1805 1587 2026 1669 cepit?

457 1681 617 1745 Non
644 1684 814 1745 vires
846 1681 1031 1761 alias,
1060 1705 1502 1769 conversaque
1533 1686 1798 1749 numina
1825 1687 2072 1749 sentis?

398 1851 405 1865 ‚
459 1782 640 1846 Cede
671 1783 821 1847 deo.
897 1783 1244 1868 Dixitque,
1275 1796 1343 1849 et
1370 1785 1604 1869 proelia
1633 1808 1790 1851 voce
1823 1788 2101 1851 diremit.

398 1943 405 1955 ,
455 1879 585 1946 Ast
612 1882 793 1947 illum
820 1883 940 1949 fidi
968 1884 1276 1969 aequales,
1306 1907 1524 1969 genua
1551 1908 1728 1969 aegra
1759 1886 2145 1964 trahentem,

400 1969 405 2046 ἶ
454 1982 953 2069 «laetantemque
985 1996 1265 2070 utroque
1292 1998 1516 2070 caput,
1547 2008 1968 2070 crassumque
1999 2009 2300 2051 cruorem

280 2083 414 2148 470
457 2083 595 2148 Ore
626 2086 1036 2169 ejectantem,
1068 2088 1435 2170 mixtosque
1464 2088 1532 2151 in
1563 2088 1878 2170 sanguine
1907 2088 2163 2163 dentes,

458 2184 731 2250 Ducunt
760 2187 847 2251 ad
874 2208 1110 2264 naves3
1156 2186 1538 2270 galeamque
1567 2209 1920 2271 ensemque
1949 2188 2162 2251 vocati

453 2283 843 2371 Accipiunt:
892 2286 1171 2372 palmam
1202 2286 1465 2353 Entello
1495 2298 1885 2373 taurumque
1913 2285 2308 2372 relinquunt.

456 2386 587 2452 Hic
617 2388 843 2464 victor,
876 2410 1195 2473 superans
1222 2388 1474 2464 animiS,
1506 2398 1824 2472 tauroque
1855 2389 2205 2471 superbus,

453 2487 631 2554 Nate
664 2490 812 2566 dea,
846 2511 1091 2573 vosque
1122 2488 1288 2566 haec,
1320 2490 1554 2573 inquit,
1585 2488 1983 2571 cognoscite,
2014 2487 2282 2564 Teucri,

280 2586 413 2651 475
456 2587 549 2651 Et
578 2588 735 2651 mihi
766 2612 915 2672 quoe
944 2588 1187 2654 fuerint
1207 2588 1481 2674 juvenili
1509 2590 1577 2654 in
1607 2609 1884 2673 corpore
1917 2589 2108 2663 vires,

455 2688 549 2755 Et
577 2711 709 2774 qua
736 2690 1007 2754 servetis
1036 2700 1411 2755 revocatum
1442 2714 1482 2754 a
1508 2700 1718 2755 morte
1749 2688 2024 2753 Dareta.

454 2788 668 2867 Dixit,
698 2801 765 2854 et
792 2791 1051 2855 adversi
1081 2802 1311 2855 contra
1342 2792 1525 2855 stetit
1555 2813 1670 2855 ora
1689 2790 1976 2874 juvenci,

456 2889 590 2963 Qui
619 2890 863 2953 donum
894 2892 1199 2959 adstabat
1226 2913 1503 2976 pugnae3
1553 2892 1886 2973 durosque
1917 2890 2189 2955 reducta

455 2990 753 3055 Libravit
782 2993 1019 3057 dextra
1046 2994 1261 3057 media
1290 2993 1458 3057 inter
1488 3014 1736 3057 cornua
1763 3002 1984 3057 cestus

278 3090 409 3153 480
451 3088 750 3168 ArduuS,
784 3091 1187 3176 effractoque
1218 3091 1394 3156 illisit
1424 3094 1489 3155 in
1523 3114 1676 3157 ossa
1705 3094 1998 3156 cerebro.

452 3190 803 3269 Sternitur,
836 3193 1283 3277 exanimisque
1314 3204 1596 3256 tremens
1627 3193 1994 3277 procumbit
2024 3192 2201 3256 humi
2235 3194 2376 3256 bos.

452 3290 569 3357 Ille
600 3315 800 3377 super
829 3292 991 3357 tales
1010 3293 1303 3358 ‘effundit
1334 3303 1600 3377 pectore
1634 3314 1862 3357 voces:

454 3392 647 3457 Hanc
678 3394 818 3470 tibi,
852 3392 1062 3479 Eryx,
1094 3392 1424 3457 meliorem
1454 3393 1729 3457 animam
1755 3414 1878 3477 pro
1908 3402 2114 3457 morte
2149 3392 2417 3458 Daretis

452 3492 799 3559 Persolvo:
844 3494 953 3558 hic
984 3496 1189 3559 victor
1216 3504 1439 3558 cestus
1470 3504 1804 3577 artemque
1837 3514 2106 3576 repono.

2484 237 2604 299 371

278 3677 473 3731 stadia.
532 3690 599 3722 rae
620 3674 809 3729 studioz
844 3690 934 3739 per
954 3674 1169 3723 studium
1193 3689 1250 3723 ac
1271 3674 1405 3723 savo·
1472 3673 1612 3737 prius
1634 3672 1890 3729 admitte-e
1912 3670 2053 3726 licet,
2081 3684 2181 3719 non
2203 3679 2392 3735 sponte,
2417 3672 2599 3731 avidos,

275 3754 398 3795 rem,
418 3755 449 3801 q
530 3736 573 3787 is
590 3738 917 3802 spectantium
935 3737 989 3787 in
1010 3738 1141 3787 ludis
1161 3748 1249 3787 est.
1289 3741 1404 3787 Con·
1473 3752 1625 3794 acres,
1658 3751 1911 3785 accurrere
1943 3744 2076 3799 puta,
2113 3734 2202 3785 sed
2237 3736 2510 3785 verecunde
2545 3753 2602 3786 ac

276 3806 379 3851 scia
396 3806 557 3858 virtus,
581 3802 633 3849 in
657 3817 815 3866 prosa,
840 3802 1035 3850 virtutis
1057 3802 1369 3851 conscientia.
1474 3800 1660 3857 timide,
1683 3816 1772 3849 nec
1791 3798 1886 3849 nisi
1909 3800 2104 3848 hortatu
2119 3798 2262 3856 facto,
2281 3807 2337 3847 ut
2360 3799 2600 3849 tollerent.

356 3865 631 3916 461—-467,
690 3866 875 3915 AEneas
930 3865 1061 3913 idem
1116 3866 1232 3913 facit
1279 3864 1411 3928 quod
1476 3864 1624 3912 Forte
1660 3873 1822 3912 tamen
1981 3873 2082 3912 tum
2122 3863 2278 3927 magis
2311 3862 2418 3921 hoc,
2455 3878 2602 3925 quam

276 3930 457 3979 Achiu.
496 3930 637 3979 Iliad.
672 3934 722 3992 ψ,
755 3930 865 3987 ¹734,
899 3930 995 3977 465
1026 3945 1095 3991 sq.
1154 3928 1341 3991 Infelix,
1376 3926 1409 3977 ἃ
1472 3942 1656 3975 verum.
1718 3928 1860 3977 Coetu
1943 3938 2023 3976 cto
2055 3943 2086 3975 a
2120 3942 2346 3991 precone
2379 3941 2597 3990 pronun-

276 3992 421 4043 δειλέ.
484 3996 617 4043 Vires
638 3996 772 4051 alias,
796 3992 955 4057 simpl.
980 4008 1125 4055 quam
1148 4002 1407 4057 putaveras
1473 3991 1624 4039 tiatur
1653 3992 1808 4041 victor
1839 4000 1892 4041 et
1920 3991 2122 4057 praemia
2158 3990 2449 4039 tribuuntur.
2518 3986 2601 4039 Sic

276 4058 423 4119 hujus
462 4056 675 4127 hominis
714 4072 835 4115 ense,
876 4058 923 4105 h.
961 4074 1003 4105 e.
1044 4056 1142 4105 tuis
1184 4059 1404 4118 majores.
1472 4071 1580 4119 sup.
1618 4057 1714 4103 244
1748 4072 1818 4119 sq.
1858 4056 2016 4104 vocati
2051 4054 2261 4103 victore·
2289 4052 2494 4117 praemia
2527 4052 2597 4101 fe-

280 4124 505 4171 Convena
522 4126 722 4179 nmina,
738 4121 981 4171 fortunam
996 4120 1277 4169 certaminis
1294 4136 1400 4169 mu·
1470 4128 1600 4167 runt.

274 4194 444 4242 tutam,
468 4200 642 4234 averso
664 4184 867 4235 numine
891 4194 937 4233 te
961 4187 1053 4233 hoc
1075 4184 1269 4233 audere.
1549 4182 1644 4233 473
1678 4198 1779 4245 sqq.
1829 4182 2028 4231 Novum
2065 4181 2157 4229 hoc
2192 4179 2380 4229 Entelli
2411 4178 2600 4229 facinus

344 4250 455 4300 4⁷1.
490 4251 651 4299 Vocati
666 4265 765 4298 non
782 4264 953 4299 vacare
965 4248 1251 4313 putandum.
1288 4248 1401 4295 Ser-
1470 4256 1523 4295 et
1553 4256 1732 4320 proeter
1763 4245 2062 4310 opinionem,
2085 4243 2302 4307 adeoque
2327 4244 2600 4307 jucundum

280 4314 417 4363 vim:
472 4316 599 4367 Bene
638 4330 789 4363 eorum
833 4316 1030 4362 ostendit
1062 4315 1295 4374 pudorem,
1337 4314 1409 4359 vel
1470 4318 1685 4373 cognitu.

278 4382 391 4439 qaia
413 4386 545 4427 nane
576 4381 786 4440 occupati
812 4381 937 4429 circa
958 4380 1164 4427 anican-
1222 4376 1407 4425 Saltem
1540 4372 1812 4423 476—484.
1851 4374 1976 4429 Quae
2001 4387 2131 4421 mors
2161 4370 2405 4423 destinata
2427 4370 2601 4423 Darcti
