3050 4934
1148 280 1490 345 LIBER
1545 282 1678 345 XI.

2443 284 2570 347 593

420 424 535 489 Sin
564 438 633 491 et
662 450 821 511 opes
853 429 1065 505 nobiS,
1097 439 1165 492 et
1195 430 1413 493 adhuc
1442 432 1686 494 intacta
1706 430 2041 513 juventuS,

244 524 375 587 420
415 523 813 611 Auxilioque
843 529 1041 591 urbes
1071 527 1254 592 Italae
1282 529 1638 613 populique
1672 540 2060 613 supersunt3

418 624 535 689 Sin
566 637 633 690 et
658 628 967 712 Trojanis
998 650 1143 693 cum
1172 630 1375 694 multo
1403 630 1611 713 gloria
1640 631 1814 693 venit

418 724 781 810 Sanguine3
830 740 982 793 sunt
1012 728 1133 793 illis
1166 752 1285 793 sua
1314 729 1566 806 funera,
1595 751 1845 814 parque
1877 750 1998 813 per
2028 752 2246 795 omnes

413 827 841 912 Tempestas3
888 852 1005 894 cur
1032 830 1373 895 indecores
1403 833 1471 894 in
1500 830 1716 894 limine
1746 832 1953 915 primo

413 927 818 993 Deficimus?
864 952 982 995 cur
1010 942 1161 995 ante
1192 932 1415 995 tubam
1444 941 1688 994 tremor
1718 939 1994 1013 occupat
2023 936 2250 997 artus?

240 1024 371 1089 425
388 1021 395 1063 ἶ
414 1026 632 1091 Multa
660 1030 801 1093 dies
833 1032 1119 1114 variique
1150 1030 1337 1095 labor
1363 1029 1690 1094 mutabilis
1723 1033 1842 1094 sevi

384 1127 667 1193 Retulit
694 1131 761 1193 in
791 1131 1053 1208 melius3
1098 1130 1335 1195 multos
1365 1131 1615 1194 alterna
1645 1132 1930 1196 revisens

380 1291 383 1300 ,
416 1227 610 1321 Lusit
636 1240 705 1293 et
732 1231 798 1293 in
829 1230 1037 1295 solido
1066 1253 1293 1295 rursus
1325 1231 1618 1294 Fortuna
1645 1230 1900 1295 locavit.

376 1315 383 1355 ³
410 1328 569 1393 Non
598 1330 721 1393 erit
750 1330 987 1395 auxilio
1018 1332 1206 1395 nobis
1240 1329 1502 1394 AEtolus
1535 1340 1602 1394 et
1630 1328 1836 1415 Arpi:

409 1427 505 1494 At
535 1430 888 1515 Messapus
918 1432 1064 1507 erit,
1094 1430 1379 1513 felixque
1408 1430 1820 1507 Tolumnius,
1851 1442 1919 1495 et
1949 1455 2113 1516 quos

235 1529 366 1592 430
408 1530 546 1594 Tot
572 1530 799 1616 populi
826 1532 1059 1596 misere
1090 1531 1328 1609 duce83
1374 1552 1495 1595 nec
1526 1531 1714 1595 tarda
1746 1542 2058 1614 sequetur

410 1630 641 1695 Gloria
670 1632 959 1697 delectos
992 1631 1185 1696 Latio
1214 1642 1285 1695 et
1315 1630 1758 1695 Laurentibus
1791 1632 1987 1714 agris.

408 1731 535 1795 Est
563 1742 631 1795 et
660 1731 1048 1796 Volscorum
1074 1733 1341 1816 egregia
1368 1733 1451 1796 de
1483 1743 1679 1815 gente
1712 1731 2001 1808 Camilla,

388 1830 664 1929 „4399”
694 1854 893 1916 agens
924 1834 1237 1916 equitum,
1269 1843 1339 1897 et
1364 1832 1674 1898 florentes
1704 1854 1833 1896 aere
1865 1842 2178 1897 catervas.

341 1926 387 1935 W
407 1930 609 2004 Quod
626 1926 1061 1997 si'me''solum
1083 1932 1335 1998 Teucri
1362 1934 1430 1997 in
1456 1934 1806 1997 certamina
1834 1942 2132 2016 poscunt,
2229 1948 2240 1955 ·
2334 1947 2384 1958 ·“

230 2032 360 2096 435
404 2031 613 2116 quue
641 2032 879 2118 placet,
908 2044 1289 2118 tantumque
1320 2034 1509 2098 bonis
1539 2034 1982 2097 communibus
2014 2035 2242 2111 obsto;

404 2132 564 2196 Non
592 2133 759 2197 adeo
786 2133 907 2197 has
937 2155 1138 2197 exosa
1166 2156 1395 2198 manus
1426 2134 1720 2197 Victoria
1749 2131 1939 2217 fugit,

406 2232 503 2297 Ut
528 2243 711 2297 tanta
738 2232 1092 2316 quidquam
1121 2255 1242 2317 pro
1272 2256 1388 2317 spe
1419 2244 1674 2297 tentare
1705 2254 2020 2299 recusem.

404 2332 526 2397 Ibo
546 2334 777 2397 'animis
809 2344 1069 2409 contra3
1115 2333 1219 2397 vel
1246 2355 1552 2417 magnum
1580 2344 1848 2416 praestet
1875 2331 2222 2411 Achillem,

402 2432 733 2518 Factaque
765 2433 1043 2498 Vulcani
1072 2434 1367 2497 manibus
1399 2433 1582 2516 paria
1608 2432 1838 2495 induat
1866 2454 2042 2495 arma

230 2534 361 2597 440
404 2532 519 2598 Ille
550 2533 717 2598 licet.
796 2533 1006 2598 Vobis
1037 2534 1309 2597 animam
1336 2533 1505 2595 hanc
1535 2552 1891 2614 soceroque
1924 2530 2162 2595 Latino

403 2634 671 2699 Turnus
704 2655 851 2717 eg0,
883 2634 1063 2699 haud
1094 2632 1206 2697 ulli
1236 2644 1528 2697 veterum
1558 2632 1796 2695 virtute
1827 2631 2176 2708 secundus,

403 2734 679 2799 Devovi.
758 2733 985 2797 Solum
1012 2734 1262 2797 AEneas
1292 2743 1501 2796 vocat.
1581 2730 1696 2807 Et,
1727 2742 1936 2808 vocet,
1969 2752 2104 2795 οπο.

401 2834 551 2899 Nec
580 2834 881 2897 Drances
911 2834 1152 2918 potiuS,
1186 2835 1318 2896 sive
1348 2842 1449 2896 est
1477 2831 1621 2896 haec
1650 2834 1746 2894 ira
1777 2832 2067 2907 deorum,

402 2935 623 2999 Morte
652 2933 825 3010 luat3
874 2934 1007 2997 sive
1040 2944 1141 2997 est
1169 2934 1373 2997 virtus
1403 2943 1471 2997 et
1498 2930 1729 3016 gloria,
1759 2930 1963 2995 tollat.

230 3138 343 3187 sirni
384 3152 613 3194 essemus,
654 3136 949 3185 debebamus
992 3136 1130 3185 illum
1173 3137 1355 3185 habere

228 3201 664 3251 fortunatissimum
700 3209 751 3247 et
784 3200 1113 3257 fortissimum
1136 3200 1221 3261 qui
1260 3208 1351 3247 etc.

226 3268 276 3315 h.
320 3282 360 3315 e.
408 3266 703 3314 debebamus
742 3274 949 3313 mortem
990 3263 1219 3327 praeferre
1266 3262 1353 3310 tali

228 3330 467 3379 dedecori.
528 3329 640 3376 Hoc
672 3328 879 3375 alterum
904 3326 1153 3375 transtulit
1184 3325 1247 3374 ad
1268 3340 1349 3373 se:

227 3396 316 3442 1110
334 3396 446 3441 mihi
462 3401 569 3441 ante
587 3395 716 3439 alios.
774 3392 868 3439 Est
895 3400 1059 3439 autem
1079 3388 1353 3451 fortunatus

228 3460 433 3506 laborum
472 3457 553 3519 (ut
596 3458 729 3503 usus
768 3456 971 3503 laborum
1011 3470 1035 3501 s
1104 3488 1117 3501 .
1161 3469 1204 3500 v.
1244 3453 1347 3513 ⁷8),

225 3520 347 3569 felix
369 3521 420 3568 in
444 3520 585 3567 malis
605 3518 708 3567 suis
730 3526 781 3565 et
802 3516 1062 3565 calamitati
1096 3532 1167 3565 us.

290 3586 403 3642 419,
430 3585 540 3630 420.
576 3580 800 3645 Respicit
823 3580 989 3629 Latini
1021 3583 1169 3629 verba
1202 3594 1355 3644 supra

228 3650 501 3697 309—311.
558 3650 703 3694 Urbes
724 3648 893 3693 Uala.-
928 3645 1107 3693 iterum
1127 3654 1353 3708 respectu

228 3712 499 3769 Diomedis,
520 3720 746 3772 tanquam
766 3708 927 3757 Graeci
946 3718 995 3757 et
1016 3709 1171 3757 exteri
1192 3708 1349 3756 homi-

226 3776 318 3825 nis.
376 3778 642 3837 Supersunt,
663 3772 1071 3837 superabundant.

291 3840 563 3888 425—427.
589 3840 745 3885 Labor
761 3840 861 3894 avi,
878 3851 970 3900 pro
990 3851 1096 3884 oevo
1116 3834 1350 3899 simplici·

228 3914 316 3961 ter,
336 3918 449 3951 cum
474 3902 669 3949 notione
692 3916 925 3949 erumna
944 3914 1053 3961 quae
1073 3900 1125 3948 in
1146 3915 1253 3947 sevo
1270 3908 1347 3945 to-

224 3967 409 4016 leratur
439 3966 653 4028 adjecta:
689 3964 769 4012 die
798 3974 849 4012 et
868 3979 987 4021 aevo,
1018 3965 1065 4011 h.
1090 3978 1132 4011 e.
1157 3973 1345 4025 tempo-

224 4032 294 4080 ris
315 4030 651 4079 vicissitudine
689 4028 855 4077 multae
886 4042 968 4075 res
1002 4026 1349 4075 mortaliumin

226 4096 401 4143 melius
432 4102 694 4142 mutantur.
751 4092 833 4141 Ad
868 4101 1093 4141 ornatum
1216 4099 1351 4138 etant

228 4160 468 4221 adjuncta,
508 4174 650 4206 avum
688 4160 881 4214 varium,
923 4156 976 4203 in
1020 4170 1115 4219 quo
1176 4165 1352 4202 ortuna

226 4222 362 4271 varia
394 4225 648 4285 jactamur.
711 4223 880 4277 Labor,
916 4216 1072 4277 πόνος,
1109 4232 1349 4271 emman

224 4289 474 4343 mutabilis,
520 4284 573 4333 in
607 4284 858 4333 meliorem
892 4284 1137 4331 fortunam
1170 4280 1349 4330 mutari

225 4350 394 4399 solita:
432 4353 615 4398 alterna
634 4358 798 4425 potest
818 4362 923 4397 esse
944 4346 1076 4394 dicta
1096 4345 1205 4409 ipsa
1228 4344 1346 4391 For-

228 4424 371 4469 tunas
409 4414 501 4462 nisi
541 4413 681 4461 malis
717 4415 899 4461 alterna
944 4409 1115 4473 (κατὰ)
1160 4411 1271 4457 lusit
1304 4415 1351 4455 st

1416 3152 1578 3185 rursus
1608 3139 1658 3183 ἐπ
1687 3138 1831 3183 solido
1864 3139 2042 3195 locavit,
2077 3137 2130 3185 in
2165 3138 2318 3197 firmo,
2344 3148 2462 3197 tuto,
2491 3140 2541 3189 er

1416 3200 1485 3259 τῷ·
1524 3200 1750 3261 σταθερᾷ
1795 3208 1940 3249 antea
1980 3200 2032 3249 in
2076 3200 2263 3249 lubrico
2307 3202 2540 3252 labantes.

1420 3264 1614 3319 Ludere,
1638 3272 1816 3325 preter
1837 3264 2226 3327 expectationem
2261 3265 2444 3327 aliquid
2461 3266 2540 3315 in-

1415 3325 1631 3382 ferendo,
1651 3326 1908 3373 mutando:
1934 3326 2218 3388 plerumque
2231 3327 2284 3375 in
2298 3327 2540 3383 deterius3

1414 3388 1460 3435 h.
1498 3387 1529 3436 l.
1569 3388 1622 3436 in
1652 3387 1841 3437 melius.
1897 3390 1958 3437 In
1995 3392 2150 3447 solido,
2187 3390 2240 3437 in
2277 3390 2538 3454 integ-rum,

1414 3450 1467 3499 in
1488 3451 1783 3500 ineolumem
1805 3460 2000 3509 statum,
2022 3452 2248 3501 restituit.

1478 3516 1592 3571 428,
1615 3518 1728 3564 429.
1779 3518 1964 3565 AEtolus
1981 3523 2027 3563 σε
2047 3519 2171 3576 Arpi
2185 3534 2202 3561 .·
2225 3530 2332 3578 sup.
2353 3517 2448 3564 239
2467 3532 2538 3577 sq.

1415 3582 1672 3640 Messapus,
1696 3578 1758 3626 de
1779 3594 1876 3640 quo
1892 3579 1974 3627 lib.
1995 3578 2080 3635 vii,
2099 3580 2192 3627 691
2213 3594 2316 3641 sqq.
2335 3587 2387 3626 et
2407 3578 2540 3627 alibi.

1422 3646 1684 3691 Tolumnius
1697 3661 1714 3689 .-
1737 3642 1796 3689 οἱ.
1821 3641 1906 3689 inf.
1924 3640 2010 3697 xii,
2035 3644 2143 3689 258.
2197 3644 2332 3689 Felix
2361 3650 2540 3699 autem,

1416 3707 1463 3754 h.
1488 3716 1678 3769 potens,
1703 3704 1882 3753 florens
1903 3705 2092 3767 opibus,
2115 3704 2309 3754 videtur
2328 3704 2537 3755 infelici-

1418 3778 1568 3819 tatem
1589 3768 1844 3818 Diomedis
1865 3768 2122 3831 respicere.

1480 3836 1755 3881 430—438.
1791 3833 1860 3881 Et
1893 3841 2062 3896 parata
2097 3831 2192 3880 erit
2228 3831 2384 3893 gloria
2417 3832 2542 3896 ipsis

1415 3896 1620 3945 Latinis.
1668 3900 1902 3945 Florentes
1923 3912 2030 3954 ονε,
2053 3896 2308 3959 fulgentes»

1477 3960 1750 4010 435—437.
1789 3962 2070 4023 Tantumque
2091 3962 2216 4008 bonis
2236 3961 2540 4007 comnibus

1412 4028 1538 4073 obsto
1551 4043 1570 4073 .-
1593 4024 1710 4072 etin
1733 4032 1923 4071 tannim
1939 4025 2110 4072 obsum
2127 4022 2393 4071 commodis
2412 4022 2538 4085 pub-

1413 4088 1538 4147 licis,
1569 4098 1638 4146 ut,
1681 4087 1777 4137 nisi
1811 4087 1944 4136 solus
1973 4087 2282 4145 dimicavere,
2318 4084 2541 4134 concidat

1415 4153 1648 4201 universa
1679 4150 1964 4214 respublica.
2046 4153 2198 4199 Tanta
2229 4166 2316 4211 pro
2349 4166 2443 4211 sps,
2485 4157 2542 4197 ut

1416 4216 1550 4265 solus
1570 4216 1706 4264 dicar
1723 4229 1942 4263 servasse
1961 4213 2326 4278 rempublicam.

1476 4280 1750 4327 442-444.
1787 4278 1930 4327 Solus
1956 4293 2068 4327 cum
2095 4277 2258 4326 AEnea
2287 4276 2394 4327 vult
2423 4292 2539 4325 con-

1472 4342 1554 4389 edi
1575 4343 1786 4397 Turnus,
1811 4341 1958 4389 etiam
1989 4357 2048 4389 ea
2077 4340 2138 4389 de
2160 4356 2319 4399 causa,
2344 4355 2407 4390 ne
2429 4356 2542 4389 cum

1412 4358 1614 4455 grance
1641 4404 1896 4469 quicquam
1931 4404 2034 4454 sive
2070 4405 2296 4453 munde
2329 4404 2432 4453 sive
2455 4404 2538 4451 sd-

1334 4474 1423 4518 40
