3050 4934
446 239 578 302 486

1339 235 1873 304 AENEIDOS

623 390 798 453 Hinc
829 389 916 452 ad
946 388 1299 472 Tarpeiam
1331 389 1555 452 sedem
1584 398 1654 451 et
1683 385 2005 471 Capitolia
2034 385 2237 463 ducit,

621 489 852 554 Aurea
881 511 1077 566 nunc,
1109 489 1260 554 olim
1293 488 1695 553 silvestribus
1726 487 1995 552 horrida
2025 489 2259 552 dumiS.

620 590 772 655 Jam
801 601 938 655 tum
969 591 1196 674 religio
1228 591 1500 675 pavidos
1532 592 1825 654 terrebat
1852 601 2146 674 agrestes

447 694 578 760 350
623 692 792 756 Dira
819 690 980 770 loci3
1018 693 1158 776 jam
1184 703 1321 780 tum
1352 691 1573 755 silvam
1606 714 1964 775 saxumque
1996 692 2382 755 tremebant.

621 794 774 858 Hoc
802 816 1052 870 nemus,
1085 793 1283 870 huuc,
1313 795 1549 877 inquit,
1582 793 1895 857 frondoso
1924 795 2167 858 vertice
2196 791 2447 867 collem,

620 895 790 968 Quis
822 897 1011 972 deus,
1045 896 1360 960 incertum
1389 905 1514 971 est,
1545 893 1799 958 habitat
1830 895 2031 958 deus:
2080 892 2381 958 Arcades
2412 894 2627 976 ipsum

623 996 922 1060 Credunt
953 1019 1024 1060 se
1055 997 1295 1060 vidisse
1326 995 1372 1058 J
1375 1018 1582 1072 ovem,
1615 1018 1814 1079 quum
1846 1017 2021 1079 saepe
2060 996 2423 1078 nigrantem

616 1097 866 1182 AEgida
899 1107 1300 1174 concuteret,
1332 1098 1571 1161 dextra
1598 1097 1985 1179 nimbosque
2014 1097 2235 1160 cieret.

448 1200 578 1263 355
622 1200 792 1264 Haec
823 1201 956 1264 duo
985 1209 1308 1284 praeterea
1339 1198 1631 1281 disjectis
1662 1198 1909 1281 oppida
1936 1198 2161 1272 muris,

624 1301 962 1385 Reliquias
995 1311 1416 1382 veterumque
1447 1299 1629 1362 vides
1659 1308 2073 1361 monumenta
2102 1298 2407 1362 virorum.

625 1403 820 1466 Hanc
851 1402 897 1465 J
900 1425 1062 1466 anus
1093 1411 1306 1485 pater,
1339 1399 1508 1463 hanc
1536 1399 1859 1462 Saturnus
1890 1399 2184 1462 condidit
2212 1421 2459 1462 arcem:

621 1500 992 1566 «Ianiculum
1020 1501 1196 1577 huic,
1228 1500 1318 1564 illi
1349 1499 1563 1564 fuerat
1594 1499 1905 1562 Saturnia
1934 1521 2189 1563 nomen.

627 1603 904 1668 Talibus
937 1605 1107 1666 inter
1137 1624 1208 1666 se
1239 1601 1430 1666 dictis
1463 1601 1551 1664 ad
1581 1610 1757 1664 tecta
1784 1600 2091 1664 subibant

451 1707 582 1770 360
628 1704 946 1789 Pauperis
981 1703 1296 1778 Evandri,
1329 1703 1701 1786 passimque
1732 1712 2025 1765 armenta
2051 1703 2359 1766 videbant
2388 1757 2395 1762 .

625 1806 1060 1890 Romanoque
1091 1805 1264 1869 Foro
1295 1815 1363 1868 et
1391 1804 1585 1868 lautis
1614 1804 1865 1885 mugire
1896 1802 2171 1866 Carinis.

629 1907 727 1971 Ut
757 1919 1021 1972 ventum
1051 1907 1136 1970 ad
1169 1907 1399 1970 sedes:
1449 1904 1641 1981 Haec,
1672 1904 1905 1987 inquit,
1934 1903 2155 1968 limina
2184 1906 2392 1968 victor
2489 1976 2498 1984 ,

625 2006 896 2073 Alcides
930 2008 1164 2084 subiit3
1210 2005 1354 2071 haec
1383 2005 1563 2070 illum
1593 2006 1773 2089 regia
1802 2005 1997 2090 cepit.

625 2108 847 2185 Ande,
879 2109 1150 2191 hospeS,
1183 2118 1598 2172 contemnere
1630 2129 1813 2190 opeS,
1845 2117 1915 2170 et
1945 2117 2008 2170 te
2038 2130 2299 2192 quoque
2336 2109 2600 2193 dignum

452 2211 580 2274 365
626 2209 832 2293 Finge
865 2211 1026 2286 de03
1074 2211 1404 2293 rebusque
1435 2210 1583 2272 veni
1613 2231 1743 2272 non
1772 2230 1968 2291 asper
1998 2211 2243 2292 egenis.

628 2311 842 2387 Dixit,
875 2322 942 2374 et
971 2311 1232 2393 angusti
1263 2311 1490 2373 subter
1521 2309 1781 2392 fastigia
1812 2311 1968 2372 tecti
2225 2303 2231 2307 ’

628 2412 972 2496 Ingentem
999 2410 1264 2476 AEnean
1295 2412 1508 2488 duxit,
1542 2412 1894 2494 stratisque
1923 2411 2157 2476 locavit

455 2621 575 2682 Argi
593 2636 608 2664 .-
653 2615 905 2680 adoptavit
937 2621 1083 2678 poeta
1118 2624 1333 2664 veterem
1373 2613 1585 2662 fabulam

455 2683 515 2730 de
537 2683 672 2744 Argo
703 2679 916 2744 hospitio
950 2680 1011 2727 ab
1035 2679 1266 2727 Evandro
1289 2687 1496 2742 excepto
1519 2687 1583 2735 et,

457 2763 516 2795 eo
537 2746 707 2803 inscio,
729 2746 790 2794 ab
811 2743 1085 2792 Arcadibus
1101 2759 1240 2791 coeso.

524 2810 616 2861 347
641 2826 742 2872 sqq.
781 2810 941 2857 Locus
975 2807 1260 2871 splendidus
1294 2807 1355 2854 de
1385 2807 1583 2870 Capito-

459 2875 539 2934 lio,
566 2875 618 2922 in
641 2890 736 2936 quo
755 2873 813 2921 τὸ
838 2874 1214 2934 εὒφαντασιῶδες
1249 2871 1300 2918 in
1332 2869 1485 2933 signis
1507 2871 1585 2918 su-

461 2949 582 2988 turae
605 2937 872 3000 majestatis
889 2936 984 2984 loci
1008 2937 1059 2984 in
1082 2945 1276 3010 promtu
1295 2944 1372 2983 est
1388 2934 1585 2983 sentire.

459 3007 619 3052 Aurea
675 3019 806 3060 nunc,
863 3003 982 3048 olim.
1055 3000 1240 3048 s1milis
1291 3015 1398 3046 com
1435 3000 1590 3047 aratio

459 3077 734 3129 temporum
759 3073 810 3112 et
831 3063 1124 3112 conditionis
1155 3064 1210 3110 in
1229 3063 1405 3126 Capito
1425 3063 1473 3111 io
1495 3079 1586 3111 sae-

459 3131 572 3196 pius
594 3129 830 3177 occurrit:
869 3127 964 3176 vid.
1003 3127 1231 3190 inprimis
1267 3129 1488 3192 Propert.
1521 3128 1587 3186 iv,

467 3197 507 3252 1,
533 3205 584 3242 et
605 3192 783 3241 Tibull.
809 3190 860 3249 ii,
886 3193 931 3250 5,
957 3193 1019 3238 23
1051 3207 1152 3254 sqq.
1209 3195 1370 3240 Aurea
1398 3192 1586 3256 simpli-

460 3259 584 3308 citer
606 3273 712 3306 esse
736 3256 888 3304 multo
916 3271 1035 3304 auro
1068 3265 1251 3313 ornata,
1281 3272 1424 3304 nemo
1445 3257 1587 3304 dubi·-

465 3333 549 3373 tet.
619 3325 758 3380 Dira,
799 3337 989 3384 magna,
1037 3320 1360 3369 admirabilis:
1405 3321 1595 3370 scilicet

460 3405 520 3437 ea
541 3403 649 3451 quae
671 3387 776 3435 dira
799 3395 926 3442 sunt,
952 3386 1202 3433 horrorem
1227 3386 1486 3443 incutiunt,
1509 3386 1591 3448 qui

460 3453 592 3502 idem
615 3468 678 3500 ex
709 3449 960 3514 religione,
998 3465 1086 3498 seu
1121 3451 1284 3515 specie
1315 3459 1520 3513 augusta
1542 3460 1593 3498 et

461 3517 690 3583 religiosa
710 3517 804 3565 loci
823 3515 1093 3573 sanctitate,
1121 3514 1286 3563 venire
1309 3516 1445 3563 solet.

527 3585 638 3640 853,
665 3583 773 3629 354.
813 3582 936 3629 Haec
960 3579 1100 3629 Jovis
1132 3580 1288 3643 aegida
1304 3579 1591 3628 incutientis

461 3647 654 3759 ἰρεοίεε
673 3645 947 3757 Irltiagifgste]
959 3661 1038 3759 ἔγκ
1064 3645 1288 3757 Ιὲῐοηνὶςτᾳ
1317 3655 1392 3693 est
1417 3645 1587 3756 adalim-

457 3722 690 3825 'gziraei'oea
711 3727 836 3838 532²?
863 3745 952 3822 gtc.
1012 3726 1138 3822 iesse
1148 3772 1204 3821 δέ
1220 3725 1344 3834 ΐὲῖ
1367 3725 1593 3835 ξίῖἰὶίδῒιὲ

462 3839 681 3888 -Αὐτὸς
709 3837 1006 3902 ἐπισσείῃσιν
1027 3837 1225 3899 ἐρεμνὴν
1251 3836 1412 3898 αἰγίδα
1431 3839 1591 3886 πᾶσιν.

463 3907 558 3963 Τῆς
580 3903 620 3953 δ’
643 3901 826 3961 ἀπάτης
851 3901 1050 3958 acorion
1081 3917 1196 3964 ergo
1220 3901 1280 3949 de
1303 3901 1428 3949 irato
1450 3903 1590 3960 Jove,

464 3969 526 4018 ad
543 3968 880 4018 incutiendum
899 3977 1132 4015 terrorem
1148 3965 1368 4014 vibrante
1385 3965 1593 4028 aegidem

464 4044 578 4082 ante
615 4049 700 4082 ora
734 4033 1070 4095 Trojanorum.
1129 4030 1366 4078 Similiter
1396 4029 1593 4094 Jupiter

462 4098 600 4160 fugat
622 4098 838 4146 Achivos
863 4096 1004 4144 Iliad.
1027 4115 1070 4160 ρ,
1096 4097 1204 4143 593.
1265 4093 1424 4142 Simili
1447 4094 1591 4142 modo

464 4163 513 4211 h.
533 4163 564 4210 1.
590 4161 796 4225 aegidem
830 4161 1047 4210 concutit
1081 4169 1132 4208 et
1158 4159 1410 4215 fulminat;
1447 4168 1499 4207 et
1519 4159 1589 4206 al-

465 4236 624 4274 terum
670 4226 865 4288 quidem
909 4225 1025 4274 facit
1066 4225 1202 4282 laeva,
1245 4223 1430 4272 fulmen
1472 4223 1597 4286 jacit

465 4291 650 4338 dextra.
683 4289 991 4338 Profiilmine
1001 4289 1165 4354 posuit
1179 4289 1457 4351 adiunctum
1473 4293 1591 4337 viim-

467 4358 543 4403 bos
561 4363 613 4401 et
633 4362 833 4428 propter
853 4355 940 4402 hos
957 4355 1075 4417 aegis
1095 4357 1346 4417 nigricans,
1371 4356 1502 4404 nube
1516 4354 1591 4402 ni-

463 4435 550 4482 gra
575 4427 624 4466 et
637 4417 904 4480 caliginosa
916 4434 1006 4482 per
1024 4427 1362 4480 tempestatem
1381 4419 1592 4467 inducta.

1718 2616 1989 2662 355—358.
2030 2616 2198 2664 Habet
2214 2617 2380 2666 nescio
2394 2617 2513 2681 quid
2528 2618 2773 2682 religionis

1652 2679 1929 2726 veneranda
1950 2680 2053 2727 haec
2084 2680 2347 2743 antiquitas
2382 2682 2538 2730 ruinae
2572 2683 2772 2732 duorum

1651 2743 2097 2804 antiquissimorum
2114 2743 2417 2857 oppidorum,
2434 2762 2578 2809 quam
2598 2747 2771 2812 hospiti

1653 2823 1742 2855 suo
1765 2817 2004 2856 monstrat
2038 2809 2177 2856 Evan
2214 2825 2280 2858 er.
2340 2810 2455 2859 Fuit
2488 2811 2621 2859 enim
2652 2812 2776 2860 fama

1652 2880 1793 2919 vetus
1813 2871 1873 2918 de
1890 2873 1919 2919 J
1924 2871 2117 2920 aniculo
2134 2883 2183 2920 et
2201 2890 2312 2922 arce
2330 2875 2572 2934 Saturnia,
2592 2876 2776 2925 duobus

1654 2935 1865 2998 antiquis
1895 2937 2089 3000 oppidis
2122 2938 2176 2984 in
2214 2939 2459 2988 montibus
2480 2941 2510 2988 J
2516 2941 2707 2989 aniculo
2730 2951 2777 2988 et

1654 3000 1945 3063 Capitolino,
1970 3001 2087 3049 olim
2112 3003 2341 3051 Saturnio
2363 3004 2506 3052 dicto.

1720 3066 1996 3113 359—361:
2030 3066 2193 3114 Etiam
2229 3068 2283 3115 in
2320 3067 2399 3116 his
2425 3077 2567 3118 vetus
2590 3069 2775 3134 simpli-

1654 3128 1776 3177 citas
1799 3129 2019 3186 delectst,
2044 3131 2271 3194 inprimis
2288 3147 2399 3180 cum
2422 3133 2777 3197 magnificentia

1655 3193 1851 3241 serioris
1888 3194 2044 3242 aetatis
2087 3207 2379 3260 comparata.
2436 3200 2607 3248 Laetis
2644 3201 2777 3246 Gan·-

1654 3261 1727 3305 m's
1743 3278 1759 3304 .·
1794 3257 1877 3320 qui
1898 3258 1952 3305 in
1974 3258 2025 3306 iv
2045 3259 2267 3323 Regione
2290 3261 2424 3310 locus
2456 3263 2551 3310 fuit
2566 3263 2627 3312 ab
2648 3265 2777 3312 Arcu

1658 3321 1773 3370 inde
1798 3323 2108 3371 Constantini
2142 3325 2271 3373 inter
2304 3326 2553 3389 Esquilias
2586 3338 2638 3376 et
2669 3329 2777 3376 Coe-

1656 3386 1776 3435 lium
1816 3387 2097 3451 procedens,
2128 3389 2363 3454 Pompeii,
2402 3392 2625 3451 Antonii,
2650 3391 2777 3441 aliis-

1656 3452 2067 3564 ‹lqauqaenbagnificis
2108 3453 2332 3503 domibus
2370 3467 2599 3512 ornatum
2652 3457 2781 3505 unde

1706 3533 1733 3562 u
1862 3531 2024 3564 arinae.

1722 3581 1830 3627 362.
1878 3583 1941 3628 Ut
1960 3591 2139 3629 ventum
2174 3585 2240 3630 ad
2274 3587 2414 3642 sedes,
2440 3583 2661 3633 Evandri
2694 3586 2779 3632 do-

1656 3659 1789 3692 mum
1813 3643 1864 3692 in
1885 3645 2107 3694 Palatino
2122 3657 2302 3707 monte,
2322 3665 2409 3696 seu
2434 3648 2636 3708 Palatio,
2656 3649 2779 3713 quod

1660 3709 1965 3756 Pallanteum
1988 3710 2115 3759 dixit
2136 3723 2293 3776 poeta.

1723 3775 1832 3831 364,
1858 3775 1967 3822 365.
2005 3775 2145 3822 Nihil
2168 3777 2559 3840 magnificentius
2580 3779 2659 3828 his
2673 3795 2779 3828 ver-

1658 3837 1793 3886 sibus
1814 3838 1909 3886 dici
1932 3849 2108 3903 potest.
2162 3845 2297 3889 Ande
2325 3850 2617 3902 contemnere,
2646 3845 2780 3907 quasi

1657 3917 1761 3950 rem
1798 3903 1999 3950 arduam
2034 3914 2085 3951 et
2104 3903 2379 3953 difficilem:
2414 3906 2485 3954 ita
2513 3917 2571 3955 ut
2602 3908 2782 3956 virtute

1658 3966 2069 4080 3ἳέῑέἕὲἒίῗῖ
2090 3968 2783 4096 50231123‘3?‘¹2':;‚1⁰5‘35

1658 4097 1909 4170 Compone
1932 4105 1981 4144 te
2004 4051 2313 4160 mentemi'liie
2334 4053 2544 4148 ing-1112
2564 4053 2783 4149 adgsimi-

1657 4159 1915 4209 litudmem
1939 4161 2181 4217 numinis:
2216 4163 2263 4210 h.
2288 4163 2376 4222 fac,
2401 4164 2553 4212 redde
2576 4175 2625 4212 te
2646 4166 2781 4214 simi-

1658 4225 1757 4273 lem
1782 4225 2015 4274 Herculis
2034 4224 2085 4274 in
2108 4235 2356 4276 contemtu
2390 4229 2481 4276 hoc
2505 4227 2664 4277 inanis
2687 4231 2781 4278 fas-

1662 4299 1753 4338 tus.
1826 4293 1932 4338 Nou
2118 4326 2131 4348 ,
2176 4307 2275 4339 non
2315 4291 2518 4352 alienus,
2562 4291 2783 4352 insesms,

1660 4354 1875 4416 adeoque
1899 4371 1998 4418 non
2016 4355 2307 4404 fastidiosus.

1736 4419 2025 4468 366—368.
2076 4421 2117 4468 E
2164 4435 2298 4470 more
2352 4421 2503 4486 prisci
2548 4423 2667 4472 evi:
2718 4422 2779 4470 cf.
