3050 4934
1200 268 1539 334 LIBER
1586 270 1674 332 X.

2469 266 2594 329 567

547 417 643 485 At
674 420 859 484 «Iovis
888 422 1137 483 interea
1164 420 1421 483 monitis
1454 418 1823 482 Mezentius
1855 416 2092 481 ardens

284 519 413 581 690
457 520 769 586 Succedit
799 542 1059 605 pugnae,
1093 519 1521 603 Teucrosque
1550 518 1798 584 invadit
1826 528 2117 581 ovantes.

458 620 872 687 Concurrunt
899 621 1265 706 Tyrrhenae
1293 621 1489 697 acies,
1514 631 1712 703 atque
1744 620 2040 683 omnibus
2067 620 2204 693 uni,

458 722 593 786 Uni
624 724 919 807 odiisque
949 723 1087 787 viro
1118 720 1393 805 telisque
1424 720 1876 804 frequentibus
1907 721 2171 783 instant.

460 821 600 901 Ille,
626 823 801 888 velut
830 846 1054 907 rupes,
1084 833 1339 887 vastum
1367 844 1517 906 quae
1546 822 1766 905 prodit
1793 822 1860 884 in
1887 842 2134 904 aequor,

356 988 367 995 ,
461 924 676 988 Obvia
704 934 1043 989 ventorum
1072 922 1281 1000 furiis,
1313 922 1720 1006 expostaque
1749 931 1976 1005 ponto,

286 1026 414 1091 695
460 1025 612 1091 Vim
641 1037 937 1091 cunctam
968 1035 1165 1109 atque
1194 1025 1401 1089 minas
1430 1022 1680 1107 perfert
1709 1021 1986 1107 coelique
2017 1023 2366 1108 marisque,

460 1126 615 1212 Ipsa
642 1130 903 1193 immota
930 1147 1233 1204 manens;
1280 1124 1529 1209 prolem
1562 1122 1985 1188 Dolichaonis
2018 1124 2320 1189 Hebrum

462 1230 709 1294 Sternit
736 1228 939 1307 humi,
972 1250 1117 1295 cum
1146 1249 1279 1312 quo
1312 1225 1660 1310 Latagum,
1694 1224 2115 1309 Palmumque
2139 1225 2475 1310 fugacem}

462 1330 595 1394 Sed
629 1330 952 1415 Latagum
982 1352 1144 1395 saxo
1170 1340 1369 1413 atque
1399 1328 1649 1412 ingenti
1675 1325 1987 1410 fragmine
2017 1328 2251 1392 montis

463 1431 767 1516 Occupat
796 1454 870 1495 os
901 1432 1257 1515 faciemque
1286 1430 1664 1494 adversam:
1711 1427 1958 1513 poplite
1992 1426 2284 1493 Palmum

290 1533 418 1596 700
462 1533 733 1598 Succiso
762 1531 931 1597 volvi
962 1553 1227 1617 segnem
1257 1534 1442 1609 sinit3

1488 1552 1798 1613 armaque
1832 1528 2054 1593 Lauso

460 1634 686 1698 Donat
714 1634 959 1699 habere
988 1634 1299 1709 humeris,
1332 1643 1401 1697 et
1430 1633 1672 1697 vertice
1701 1629 1908 1715 figere
1938 1630 2190 1694 cristas.

459 1734 607 1800 Nec
636 1758 767 1799 non
796 1735 1151 1799 Euanthen
1182 1734 1564 1818 Phrygium,
1597 1733 1984 1815 Paridisque
2015 1731 2334 1795 Mimanta

460 1834 811 1921 AEqualem
838 1837 1301 1919 comitemque3
1346 1858 1479 1899 una
1508 1856 1702 1918 quem
1732 1844 1922 1897 nocte
1953 1832 2232 1897 Theano

459 1937 535 2001 In
564 1937 773 2003 lucem
803 1938 1079 2021 genitori
1108 1934 1361 2021 Amyco
1388 1936 1595 2011 dedit,
1625 1945 1694 1999 et
1723 1933 1864 1999 face
1895 1954 2240 2019 praegnans

287 2040 415 2104 705
459 2038 699 2104 Cisseis
729 2040 955 2122 regina
982 2037 1215 2103 Parin:
1264 2037 1453 2102 Paris
1482 2038 1648 2103 urbe
1678 2048 1954 2122 paterna

459 2142 795 2219 Occubat3
843 2142 1138 2224 ignarum
1169 2140 1469 2204 Laurens
1498 2139 1702 2203 habet
1732 2160 1849 2203 ora
1877 2137 2218 2202 Mimanta.

459 2240 563 2307 Ac
594 2240 768 2306 velut
797 2240 901 2305 ille
932 2262 1163 2305 canum
1190 2262 1411 2303 morsu
1440 2241 1524 2304 de
1553 2241 1880 2305 montibus
1911 2237 2058 2303 altis

459 2342 669 2408 Actus
702 2363 882 2426 aper,
914 2338 1151 2405 multos
1181 2340 1471 2405 Vesulus
1498 2362 1694 2424 quem
1723 2340 1959 2423 pinifer
1989 2362 2192 2405 annos

462 2442 800 2518 Defendit,
830 2440 1147 2506 multosve
1177 2439 1365 2525 palus
1397 2440 1776 2516 Laurentia,
1811 2440 1968 2504 silva

287 2546 415 2610 710
459 2545 697 2609 Pastus
728 2544 1107 2619 arundinea,
1140 2553 1487 2627 postquam
1516 2542 1688 2605 inter
1717 2542 1882 2605 retia
1907 2552 2170 2605 ventum
2197 2555 2322 2619 est,

286 2737 385 2767 nem
400 2722 619 2781 repressit
634 2722 851 2766 miserata
870 2718 1031 2779 (eum)
1045 2720 1201 2765 animi.
1238 2720 1377 2765 AEetu
1392 2735 1412 2771 ‚-

287 2799 351 2832 an
383 2784 431 2831 h.
464 2783 495 2831 l.
530 2784 711 2831 vento?
765 2798 857 2830 usu
890 2792 1053 2829 tamen
1096 2780 1411 2843 grammatico

276 2851 451 2908 fluctus
480 2857 555 2896 est
584 2862 647 2893 ex
676 2854 849 2899 vent03
884 2854 1039 2901 astus,
1070 2855 1232 2893 motu·
1262 2845 1411 2893 maris

288 2928 351 2959 ex
372 2921 547 2960 nattira
575 2926 675 2959 sua.
736 2909 848 2957 Erit
876 2924 991 2971 ergo
1019 2916 1158 2957 artus
1186 2912 1408 2957 secundus

287 2978 334 3024 h.
359 2976 390 3023 1.
415 2976 497 3039 qui
518 2991 615 3024 non
638 2973 691 3022 in
720 2973 873 3021 altum
901 2972 1184 3037 abripiebat,
1209 2973 1295 3021 sed
1322 2972 1404 3023 lit-

289 3040 381 3089 tori
396 3040 683 3088 admovebat
700 3053 890 3087 navem.
948 3040 1127 3095 Urbem,
1154 3036 1382 3085 Ardeam.

351 3105 463 3153 689.
496 3104 665 3152 Turno
688 3118 751 3151 ex
782 3102 887 3151 acie
916 3102 1090 3149 educto
1118 3100 1411 3164 relinquitur

288 3168 580 3224 Mezentius,
602 3170 741 3230 quus
763 3167 889 3216 facta
910 3178 1109 3213 strenua
1132 3178 1405 3213 narrantur.

286 3236 413 3281 lovis
444 3235 638 3289 monitis,
672 3231 914 3295 impulsu:
958 3230 1017 3279 οἱ
1052 3245 1159 3293 sup.
1194 3228 1261 3288 ix,
1301 3232 1408 3287 184,

292 3299 411 3345 185:
447 3296 571 3344 adde
603 3296 841 3352 Servium,
866 3294 950 3358 qui
978 3294 1131 3343 multa
1160 3302 1411 3357 argutatur

287 3376 435 3425 super
458 3361 562 3409 viro
590 3359 743 3425 impio
774 3376 803 3407 a
838 3359 964 3407 Jove
999 3357 1196 3406 monito.
1255 3356 1410 3419 Atqui

285 3424 583 3488 antiquiores
598 3432 757 3487 poene
772 3423 926 3471 multa
944 3422 1093 3486 impia
1118 3430 1167 3470 et
1189 3421 1408 3479 scelesta,

283 3488 617 3539 intercedente
656 3488 856 3536 deorum
905 3500 1067 3551 opera,
1118 3485 1247 3534 facta
1296 3500 1408 3533 nar-

286 3563 423 3608 rant;
470 3568 581 3601 cum
626 3552 677 3600 id
708 3551 865 3601 solum
902 3560 1201 3615 reputarent,
1246 3558 1303 3598 ut
1337 3548 1412 3597 rei

286 3618 425 3667 mira!
453 3628 505 3666 et
524 3616 734 3665 insolitae
754 3631 899 3665 causa
921 3625 972 3664 et
992 3625 1161 3664 auctor
1181 3614 1411 3663 iuventus

286 3690 430 3731 esset.

351 3748 461 3795 691.
626 3745 741 3793 beni
771 3744 825 3792 in
856 3742 1029 3793 AEneae
1058 3743 1175 3801 acie,
1207 3742 1291 3808 qui
1320 3744 1412 3791 sub

285 3811 563 3859 Tarchonte
588 3810 890 3866 tenebantur,
916 3824 942 3856 a
1026 3808 1109 3856 ine
1128 3808 1182 3857 in
1207 3808 1408 3856 Mezen-

286 3874 409 3923 tium
440 3876 709 3923 incurrunt.
774 3872 853 3921 Ex
884 3873 947 3921 iis
983 3887 1058 3921 em
1090 3882 1218 3931 sunt,
1250 3870 1335 3936 qui
1364 3888 1407 3921 v.

287 3940 547 3988 696—699
570 3938 871 3987 occiduntur.

351 4005 461 4052 693.
505 4006 639 4051 Velut
672 4020 809 4063 rupes
835 4001 974 4050 Iliad.
999 4019 1039 4059 ο,
1063 4002 1158 4049 618
1189 4016 1290 4063 sqq.
1326 3999 1412 4049 sed

288 4070 469 4131 majore
486 4082 597 4116 cum
617 4077 819 4114 ornatu:
857 4066 917 4114 cf.
936 4080 1042 4139 sup.
1064 4066 1146 4123 vii,
1169 4068 1263 4113 586
1283 4082 1385 4130 sqq.

353 4132 624 4184 702—706.
654 4130 833 4179 Mima⁸
850 4131 1022 4193 Amyci
1040 4139 1087 4178 et
1106 4130 1335 4179 Theanu⁸
1350 4130 1409 4177 fl-

286 4196 382 4245 lius
406 4196 575 4245 eadem
598 4205 741 4243 nocte
762 4203 906 4243 natus
928 4208 1023 4256 qua
1048 4194 1185 4241 Paris
1208 4196 1269 4241 ab
1301 4194 1409 4241 He-

286 4262 437 4309 cuba:
486 4269 817 4309 commentum
852 4268 1010 4323 poetae
1042 4258 1103 4305 ad
1130 4256 1413 4305 variandam

288 4325 647 4379 narrationemz
706 4323 847 4387 quale
892 4338 969 4387 ap.
1026 4322 1297 4377 Homerum
1352 4321 1414 4369 de

290 4389 506 4437 Hectore
540 4396 592 4437 et
632 4388 991 4453 Polydamante,
1034 4386 1170 4437 Iliad.
1213 4401 1261 4442 σ,
1302 4387 1411 4433 251.

288 4456 409 4502 Face
422 4469 671 4517 pregnans
699 4454 867 4501 caseis
886 4472 901 4499 .·
936 4450 1032 4499 vid.
1065 4466 1172 4515 sup.
1195 4449 1276 4509 vii,
1303 4450 1413 4509 319,

1476 2716 1586 2763 320.

1630 2717 1850 2827 {fussam
1872 2715 1918 2763 h.
1945 2714 1986 2789 l..
1999 2729 2088 2779 pro
2105 2714 2354 2779 ignotum
2506 2717 2597 2776 've‚

1476 2788 1532 2827 ut
1555 2789 1604 2828 et
1683 2781 1752 2828 lbi

1781 2780 1832 2827 in
1855 2790 2028 2843 poetis,
2054 2794 2096 2827 v.
2121 2796 2163 2827 c.
2189 2779 2331 2828 ovid.
2427 2790 2488 2830 et.
2514 2782 2596 2840 vii,

1474 2846 1588 2903 404,
1619 2847 1811 2906 Jamque
1831 2847 1996 2893 oderat
2021 2844 2218 2893 steten
2250 2848 2402 2907 proles
2432 2850 2601 2923 ignara

1467 2913 1670 2971 parenti.
1743 2908 1930 2956 Eadem
1967 2917 2124 2967 nocte,
2160 2908 2248 2957 ned
2281 2908 2464 2975 dispari
2499 2910 2600 2959 fato

1474 2972 1576 3021 nati
1600 2982 1728 3021 sunt.
1785 2972 1928 3021 Alter
1948 2971 2002 3019 in
2025 2972 2182 3037 patria
2213 2974 2454 3033 occubuit,
2478 2976 2601 3024 alter

1471 3034 1525 3086 in
1545 3046 1676 3085 terra
1693 3036 1860 3101 longin
1893 3036 2164 3100 uaignotus
2177 3039 2335 3101 jacet:
2361 3040 2420 3088 cf.
2437 3039 2598 3088 Guell.

1472 3101 1540 3159 ix,
1580 3104 1640 3149 12
1673 3101 1704 3149 Ε
1765 3102 1846 3157 Qu
1942 3100 1984 3150 si
2017 3110 2160 3151 vetus
2189 3104 2293 3151 haec
2338 3103 2600 3153 auctoritas

1474 3181 1571 3213 non
1607 3175 1749 3224 esset,
1783 3165 1978 3214 mallem
2023 3166 2201 3225 dicere,
2235 3171 2448 3231 &aarum
2493 3182 2600 3217 esse

1474 3228 1562 3277 fati
1581 3230 1672 3287 sui,
1697 3228 1768 3277 uti
1825 3246 1982 3293 uoque
2002 3230 2137 3279 Serv.

1543 3294 1635 3343 707
1656 3310 1756 3356 sqq.
1841 3294 2052 3355 aquisite
2071 3306 2272 3343 ornatus
2291 3294 2440 3353 locus,
2455 3310 2601 3359 quem

1466 3358 1570 3419 iam
1597 3357 1846 3404 Homerus
1881 3366 2172 3405 tractaverat
2209 3358 2344 3407 Iliad.
2367 3368 2414 3417 λ,
2439 3362 2602 3407 414-

1475 3424 1572 3470 419
1588 3432 1684 3469 tam
1697 3420 1944 3485 praeclare,
1956 3432 2010 3469 ut
2019 3420 2102 3469 vix
2114 3423 2408 3471 contendere
2423 3438 2532 3471 cum
2544 3438 2603 3471 eo

1476 3500 1766 3549 quemquam
1787 3486 1968 3535 audere
1997 3484 2224 3534 debuisse
2251 3486 2397 3534 dicas.
2459 3486 2603 3535 Maro

1477 3560 1640 3598 tamen
1664 3561 1949 3599 ornamenta
1967 3565 2079 3597 cum
2101 3548 2196 3597 alia
2216 3560 2320 3598 tum
2343 3551 2446 3599 haec
2471 3560 2600 3599 attu·
2635 3550 2646 3561 '

1474 3614 1548 3671 lit,
1573 3612 1702 3676 quod
1723 3630 1834 3661 cum
1857 3613 1925 3663 ibi
1947 3612 2236 3677 simpliciter
2266 3623 2396 3663 e⁸set
2418 3628 2601 3662 memo-

1476 3687 1634 3726 ratum
1671 3676 1866 3741 prodire
1909 3692 2084 3742 aprum
2124 3692 2188 3725 ex
2225 3679 2322 3725 alto
2361 3676 2603 3737 fruticeto,

1476 3751 1700 3791 accurate
1723 3742 1830 3791 loca
1849 3740 2110 3805 descripsit
2127 3756 2354 3806 aprorum
2375 3742 2622 3805 frequen-,

1478 3807 1546 3855 tia
1567 3807 1832 3865 nobilitata,
1869 3806 1922 3854 in
1953 3808 2128 3864 Vetula,
2154 3806 2236 3869 qui
2277 3806 2327 3854 in
2367 3806 2606 3870 Ligurum

1477 3872 1656 3921 finibus
1679 3888 1819 3921 mons
1839 3880 1926 3929 est,
1951 3880 2054 3919 tum
2074 3870 2125 3919 in
2143 3874 2315 3933 palude
2333 3874 2606 3928 Laurentia,

1476 3937 1577 3995 ubi,
1605 3936 1777 3985 Horat.
1810 3936 1846 3984 ii
1884 3936 2038 3983 Serm.
2065 3938 2110 3993 4,
2136 3938 2214 3991 42,
2251 3952 2363 3997 aper
2381 3938 2607 3993 Laurens,

1478 4005 1596 4049 ulvis
1618 4008 1664 4048 et
1685 4004 1910 4049 arundine
1928 4003 2130 4063 pinguis.
2191 4000 2342 4047 Porro
2373 3998 2609 4047 nonnulla

1478 4081 1507 4114 a
1524 4066 1732 4114 Marone
1749 4065 1944 4129 egregie
1963 4064 2195 4113 adornata
2211 4075 2340 4121 ⁸unt‚
2359 4073 2417 4111 ut
2431 4079 2476 4111 v.
2495 4064 2606 4114 710.

1478 4131 1739 4179 Ornatiora
1757 4146 1946 4193 quoque
1964 4138 2080 4177 sunt
2101 4144 2193 4177 ves.
2221 4128 2330 4185 712,
2350 4128 2446 4178 713
2464 4142 2609 4191 quam

1477 4194 1608 4258 apud
1627 4194 1914 4242 Homerum.
1951 4195 2114 4249 Irasci,
2137 4208 2180 4239 v.
2209 4192 2318 4249 712,
2343 4192 2404 4241 de
2429 4192 2610 4241 virtute

1479 4267 1529 4305 et
1543 4256 1743 4305 audacia
1756 4257 2093 4321 pugnantium,
2113 4272 2220 4320 quae
2233 4256 2361 4315 facit,
2377 4266 2434 4305 ut
2455 4258 2606 4305 comi-

1480 4336 1574 4369 nus
1593 4320 1971 4382 congrediantur
1995 4321 2070 4369 vel
2091 4336 2202 4369 cum
2225 4320 2340 4369 vitae
2361 4321 2607 4386 periculo:

1481 4396 1532 4433 et
1553 4400 1682 4441 mox,
1707 4394 1774 4432 est
1797 4388 1884 4433 ira
1905 4396 2050 4461 poeta
2071 4386 2260 4450 primu⁸
2282 4386 2496 4444 novavit,
2521 4402 2612 4450 pro

1482 4448 1685 4514 vulgari,
1711 4464 1819 4499 esse
1842 4449 1968 4498 odio.
