3050 4934
1230 253 1572 320 LIBER
1617 253 1751 319 VI.

487 397 711 483 Hujus
739 400 806 464 in
836 401 1189 466 adventum
1209 404 1347 487 jam
1376 425 1550 468 nunc
1577 413 1648 468 et
1675 401 1916 487 Caspia
1946 425 2150 488 regna

321 496 452 562 800
495 499 865 584 Responsis
896 502 1168 568 horrent
1197 503 1437 581 divum,
1468 515 1538 568 et
1567 503 1840 568 Maeotia
1870 503 2092 582 tellus,

485 598 581 663 Et
604 603 1091 687 septemgemini
1122 606 1389 669 turbant
1416 604 1678 688 trepida
1706 606 1874 669 ostia
1902 605 2060 669 Nili.

484 697 631 764 Nec
664 724 819 766 vero
848 701 1119 768 Alcides
1148 714 1399 770 tantum
1422 705 1672 770 telluris
1704 705 1930 782 obivit,

482 799 731 866 Fixerit
758 805 1107 888 aeripedem
1134 828 1393 870 cervam
1418 805 1594 883 licet,
1625 817 1740 869 aut
1769 805 2168 889 Erymanthi·

484 899 747 966 Pacarit
776 925 1062 983 nemora,
1094 917 1162 970 et
1196 906 1481 972 Lernam
1510 905 1948 971 tremefecerit
1976 930 2170 986 arcu3

315 999 444 1063 805
488 1001 660 1080 Nec,
690 1005 805 1088 qui
832 1007 1193 1091 pampineis
1220 1008 1429 1071 victor
1449 1009 1614 1092 juga
1640 1006 1846 1072 flectit
1871 1007 2145 1072 habenis
2151 1056 2190 1086 ,.

482 1101 709 1180 Liber,
740 1126 943 1189 agens
974 1105 1149 1171 celso
1180 1105 1387 1191 Nysoe
1414 1107 1499 1172 de
1531 1109 1772 1172 vertice
1803 1108 2034 1192 tigres.

482 1202 577 1268 Et
606 1205 979 1271 dubitamus
1011 1207 1229 1272 adhuc
1259 1209 1564 1273 virtutem
1593 1210 1950 1274 extendere
1982 1209 2220 1274 factis?

480 1303 624 1369 Aut
649 1317 861 1371 metus
894 1306 1193 1373 Ausonia
1220 1309 1529 1393 prohibet
1556 1310 1912 1374 consistere
1945 1313 2164 1374 terra?

482 1402 653 1477 Quis
684 1407 913 1490 procul
940 1407 1047 1474 ille
1076 1419 1295 1474 autem
1324 1410 1517 1473 ramis
1548 1410 1818 1492 insignis
1849 1408 2050 1474 olivae·

308 1503 439 1567 810
480 1504 685 1571 Sacra
712 1505 975 1573 ferens?
1020 1531 1223 1574 nosco
1252 1511 1463 1575 crines
1492 1511 1854 1593 incanaque
1883 1519 2110 1574 menta

478 1605 689 1690 Regis
720 1607 1038 1687 Romani;
1084 1611 1330 1695 primus
1361 1610 1475 1694 qui
1504 1609 1760 1694 legibus
1789 1611 2020 1674 urbem

477 1706 833 1787 Fundabit,
866 1709 1151 1775 Curibus
1181 1711 1399 1795 parvis
1428 1722 1498 1775 et
1526 1732 1820 1795 paupere
1852 1722 2030 1776 terra

476 1806 729 1872 Missus
759 1809 825 1873 in
855 1810 1195 1895 imperium
1220 1833 1546 1896 magnum.
1621 1811 1746 1875 Cui
1775 1811 2014 1876 deinde
2045 1813 2312 1891 subibit,

479 1907 638 1972 Otia
666 1911 779 1992 qui
809 1923 1067 1995 rumpet
1096 1914 1347 1996 patriae,
1379 1913 1760 1997 residesque
1789 1913 2074 1982 movebit

182 2019 195 2028 ‘
302 2007 431 2072 815
475 2007 709 2073 Tullus
740 2011 807 2074 in
836 2033 1013 2075 arma
1042 2013 1237 2090 virm,
1268 2024 1337 2078 et
1354 2014 1492 2097 jam
1520 2013 1798 2078 desueta
1827 2012 2174 2097 triumphis

474 2107 777 2194 Agmina.
851 2110 1069 2185 Quem
1091 2115 1285 2198 juxta
1316 2115 1612 2199 sequitur
1631 2114 1984 2198 jactantior
2015 2112 2242 2178 Ancus
2249 2161 2268 2191 ,

476 2209 677 2276 Nunc
706 2235 966 2297 quoque
986 2215 1123 2298 jam
1153 2215 1414 2278 nimium
1441 2215 1737 2298 gaudens
1767 2212 2194 2298 popularibus
2226 2217 2424 2282 auris.

477 2311 599 2376 Vis
630 2322 699 2377 et
727 2313 1123 2399 Tarquinios
1152 2336 1367 2399 reges,
1399 2316 1803 2399 animamque
1836 2316 2186 2399 superbam

481 2412 731 2479 Ultoris
764 2414 981 2493 Bruti,
1012 2413 1354 2502 fascesque
1386 2416 1606 2480 videre
1638 2418 1982 2500 receptos?

369 2621 639 2672 799—801.
676 2621 709 2669 S
714 2621 941 2685 plendide
959 2631 1011 2671 et
1027 2624 1119 2672 hoc
1136 2624 1423 2684 enuntiavit,

302 2685 431 2748 quod
474 2685 637 2734 futura
680 2685 892 2760 Augusti
936 2687 1219 2751 magnitudo
1260 2689 1427 2738 multis

300 2749 1167 2877 assmmffisss‘mw:
1190 2754 1428 2879 anm

303 2878 445 2940 signa
464 2878 800 2926 animadversa
816 2879 1025 2928 fuerunt.
1088 2883 1309 2938 Τιινὸαπτ,
1331 2895 1425 2930 tre-

300 2942 502 3004 pidant;
556 2957 669 2990 nam
701 2952 753 2990 et
796 2943 892 3006 ipsi
932 2945 1097 2992 turbas
1126 2945 1314 2993 faciunt
1345 2947 1429 3008 qui

300 3007 665 3070 perturbantur,
688 3016 745 3054 ut
770 3022 899 3071 saepe
930 3007 1059 3056 alibi.
1118 3008 1429 3059 Adulationis

300 3083 459 3132 genus
490 3069 595 3132 isto,
618 3079 837 3134 tempore
870 3085 969 3119 non
1002 3074 1260 3122 obscurum
1308 3083 1425 3132 erat,

302 3133 555 3182 venditare
572 3134 946 3199 imperatoribus
968 3137 1199 3185 vaticinia
1215 3153 1271 3186 ac
1298 3153 1423 3202 pras-

300 3198 451 3261 sagh,
470 3198 647 3260 quibus
664 3197 786 3262 ipsis
801 3202 904 3260 jam
924 3199 1043 3247 olim
1064 3200 1325 3264 imperium
1342 3211 1429 3250 aut

298 3261 510 3324 insignis
531 3261 692 3324 aliqua
712 3263 918 3312 felicitas
936 3264 1107 3312 fuisset
1128 3274 1337 3313 ostensa.

368 3328 640 3374 soz—804.
676 3327 898 3375 Tandem
914 3327 1251 3391 expeditiones
1270 3338 1321 3376 et
1340 3328 1423 3375 iti—

298 3404 421 3438 nera
441 3391 652 3453 Augusti
678 3401 1038 3449 commemorat,
1062 3407 1169 3440 com
1290 3392 1423 3440 tione

299 3454 559 3502 hetaeum
736 3455 891 3518 (apud
926 3456 1049 3503 Hor.
1084 3455 1139 3503 iii
1173 3457 1264 3503 Od.
1294 3457 1339 3512 3,
1365 3455 1421 3516 9)

300 3517 523 3566 Hercule
554 3528 605 3566 et
688 3519 851 3567 accho.
915 3521 1195 3580 AErn'pedem,
1236 3519 1423 3568 Graecis

296 3580 591 3643 χαλκόπους.
643 3585 827 3631 Fiaeerit
857 3583 987 3630 haud
1006 3583 1153 3632 dubie
1186 3583 1246 3632 ad
1268 3584 1421 3631 telum

294 3645 541 3710 pertinen
584 3647 719 3709 atqui
754 3646 925 3694 debuit
954 3661 1097 3694 cerva
1138 3647 1251 3696 viva
1278 3657 1421 3710 capta

296 3725 435 3757 esse:
480 3709 575 3758 vid.
614 3709 839 3774 Apollod-
876 3709 929 3766 ii,
968 3713 1014 3768 5,
1057 3714 1115 3766 ὃς
1150 3721 1235 3759 aut
1272 3711 1422 3773 igitur

297 3773 449 3821 alium
478 3783 725 3822 auctorem
760 3781 971 3832 secutum,
1008 3783 1095 3822 aut
1123 3775 1313 3824 locutm
1347 3783 1423 3822 est

296 3851 473 3902 parum
494 3847 743 3886 accurate:
767 3841 915 3900 figere
936 3853 1026 3902 pro
1047 3854 1235 3902 capere.

366 3903 475 3958 805,
512 3902 620 3949 806.
658 3903 737 3949 De
764 3902 941 3949 Bacchi
972 3919 1035 3950 ex
1072 3903 1215 3952 India
1247 3903 1419 3952 trium-

293 3965 397 4028 pho
429 3965 543 4028 agit,
578 3964 633 4012 in
664 3981 724 4013 ea
756 3965 895 4028 Nysa
938 3969 1055 4015 urbs
1098 3983 1209 4016 cum
1255 3977 1423 4016 monte

301 4029 459 4087 Mero,
479 4029 563 4091 qui
584 4029 765 4092 etipse
788 4030 925 4093 Nysa
946 4031 1119 4080 dictus.
1160 4035 1251 4085 Qui
1272 4035 1423 4094 flectit

280 4093 423 4156 juga,
449 4093 657 4168 ,bijuge-
698 4093 880 4168 tigrem,
904 4100 1163 4158 pomp-'neit
1216 4100 1420 4154 habenis,

294 4157 911 4270 paggpnggsircgmvolgns
926 4171 983 4234 et
1002 4159 1365 4272 imtpleiltiiabim

462 4255 475 4277 ,
595 4255 609 4268 .
688 4237 785 4270 ona
838 4237 961 4271 erm
982 4239 1047 4270 no
1111 4242 1123 4270 :
1192 4241 1223 4271 u
1368 4241 1421 4272 ae

290 4301 381 4348 pro
400 4287 600 4333 dubitas.
652 4287 851 4334 Miscuit
865 4303 1106 4349 personam
1130 4303 1272 4336 suam.
1332 4291 1419 4336 Est

298 4357 453 4396 auen
466 4365 623 4398 emus
639 4368 655 4396 .-
688 4367 789 4398 cm
808 4354 897 4398 ciba·
920 4359 1053 4400 tanta
1072 4355 1137 4399 n't
1151 4359 1422 4414 preparata

294 4417 557 4474 posteritas,
572 4417 759 4463 dubitas
770 4414 1135 4478 virtutemsactis
1148 4419 1388 4466 extendere
1398 4421 1423 4463 Ρ

1490 2629 1546 2673 n'd
1573 2633 1658 2683 est,
1687 2627 1896 2687 gloriam,
1965 2625 2124 2672 Virtus
2155 2623 2286 2672 dicta
2317 2640 2424 2673 esse
2458 2635 2620 2689 potest

1491 2705 1582 2754 pro
1615 2689 1770 2751 gloria
1792 2688 1972 2736 virtute
2007 2695 2161 2752 parta,
2186 2697 2242 2735 ut
2271 2698 2441 2738 contra
2475 2689 2620 2740 κλέος

1491 2769 1583 2818 pro
1599 2753 1780 2801 virtute
1801 2752 2006 2801 dicitur:
2043 2751 2114 2799 ita
2135 2767 2223 2815 pro
2245 2751 2472 2816 simplici,
2489 2763 2614 2803 stre·

1492 2833 1592 2868 nue
1603 2833 1684 2866 res
1695 2831 1878 2880 gerere,
1894 2826 2040 2880 poeta
2053 2825 2222 2864 ornate
2235 2815 2375 2874 dixit,
2385 2822 2616 2876 virtutem,

1492 2881 1708 2930 nominis
1721 2880 1940 2944 gloriam,
1958 2883 2198 2928 extendere
2205 2877 2370 2939 sactis.
2428 2882 2482 2928 Si
2499 2897 2616 2930 vero

1490 2951 1708 2994 viv-tutem
1737 2944 1938 3008 proprie
1969 2943 2148 2992 dictam
2185 2943 2340 3001 malis,
2373 2949 2618 2994 extendere

1492 3009 1678 3058 dictum
1707 3019 1784 3058 est
1815 3023 1905 3072 pro
1925 3007 2130 3069 vulgari,
2161 3021 2404 3066 exercere,
2438 3025 2498 3058 ea
2526 3010 2614 3068 uti,

1492 3074 1710 3136 adeoque
1725 3089 1814 3134 per
1821 3071 1972 3134 saeta.
2029 3073 2290 3120 Extendat-e
2308 3072 2440 3123 enim
2469 3075 2616 3122 modo

1490 3138 1554 3187 ad
1575 3151 1847 3192 numerum,
1867 3136 2014 3183 modo
2032 3135 2102 3184 ad·
2119 3135 2350 3200 temporis
2377 3136 2611 3188 interval-

1488 3201 1608 3258 lum,
1632 3201 1776 3248 modo
1793 3199 1856 3247 ad
1877 3215 1957 3248 res
1979 3199 2200 3248 refertur.

1557 3265 1828 3312 sos—812.
1867 3263 2032 3311 Numa
2063 3279 2166 3320 rex,
2190 3264 2326 3327 pacis
2358 3266 2512 3314 tutela
2532 3281 2611 3314 re-

1488 3325 1822 3389 ligionumque
1853 3342 1972 3374 cura
2011 3327 2102 3375 ius‘
2175 3327 2231 3376 is.
2293 3332 2408 3380 Quis
2434 3334 2611 3391 procul.

1488 3390 1732 3438 Anchises
1753 3399 1805 3436 et
1825 3390 1950 3438 hanc
1973 3399 2026 3438 et
2051 3343 2266 3453 rdfiiiuas
2286 3391 2474 3441 animas
2495 3409 2609 3457 pro-

1486 3455 1738 3518 spectabat
1757 3469 1785 3501 e
1817 3453 2083 3516 long-inquo
2106 3456 2215 3505 764.
2274 3458 2420 3502 Sacra
2431 3455 2610 3516 serem,

1484 3517 1684 3582 proprie
1719 3517 1782 3564 de
1816 3518 2162 3574 sacerdotibus,
2193 3518 2288 3566 vid.
2320 3518 2383 3566 ad
2411 3521 2532 3566 Geo.
2557 3519 2609 3578 ii,

1484 3583 1598 3638 476,
1621 3581 1669 3629 h.
1693 3581 1725 3628 l.
1749 3583 1873 3629 bene
1895 3582 1956 3628 de
1978 3595 2224 3629 sacrorum
2248 3591 2298 3628 et
2319 3581 2610 3644 religionum

1484 3645 1750 3693 conditore.

1553 3709 1824 3758 813—815.
1863 3707 1968 3756 Liv.
1991 3708 2022 3765 i,
2045 3711 2122 3766 22,
2146 3707 2320 3757 Tullus
2339 3709 2608 3760 Hostilius:

1484 3777 1584 3822 Hic
1603 3791 1691 3822 non
1719 3775 1862 3821 solum
1889 3777 2094 3834 pro-rim
2123 3778 2225 3836 regn·
2256 3776 2507 3831 dissimilis,
2529 3779 2614 3822 sed

1472 3837 1679 3898 ferocior
1698 3841 1838 3886 etiam
1859 3839 2048 3885 Romulo
2054 3836 2172 3899 fuit.
2219 3840 2424 3886 Demea
2443 3841 2607 3886 Mum-

1482 3906 1604 3964 phis,
1629 3901 1848 3950 ornatius
1865 3916 2026 3963 quam,
2049 3901 2203 3950 bellis.

1553 3968 1664 4024 816,
1701 3966 1810 4016 817.
1859 3965 1940 4013 De
1975 3967 2117 4012 Anco
2155 3965 2360 4022 Marcio,
2397 3965 2534 4027 quasi
2565 3965 2610 4015 is

1485 4031 1699 4080 favorem
1735 4029 1905 4094 populi
1938 4029 2165 4093 captavit,
2189 4029 2406 4091 adeoque
2435 4044 2605 4093 super·

1485 4096 1594 4144 bior
1615 4096 1668 4143 in
1689 4103 1854 4157 patres
1872 4093 1978 4150 fuit,
2002 4093 2124 4140 alios
2143 4103 2365 4141 auctores
2383 4093 2610 4144 habuisse

1486 4161 1746 4207 Maronem
1771 4173 1971 4206 necesse
1997 4165 2085 4212 est,
2117 4173 2262 4218 quam
2293 4173 2414 4218 quos
2437 4158 2608 4208 Livius

1482 4232 1536 4271 et
1591 4221 1856 4284 Dionysius
1907 4220 2166 4282 ceterique
2217 4230 2486 4282 sequuntur
2524 4223 2610 4286 qui

1483 4287 1546 4335 ad
1569 4301 1658 4334 nos
1675 4294 2018 4348 pervenerunt.

1553 4352 1662 4406 818,
1688 4350 1796 4396 819.
1843 4351 1975 4397 Ultor
2006 4351 2198 4406 Brutus,
2235 4349 2320 4412 qui
2351 4350 2608 4412 Tarquinii

1487 4411 1766 4477 superbiam
1803 4421 1853 4460 et
1891 4413 2030 4462 Sexti
2063 4413 2318 4463 libidinem
2349 4414 2483 4464 ultus
2517 4429 2608 4464 est.
