3050 4934
1189 270 1531 335 LIBER
1577 271 1756 337 Vll.

2491 279 2623 344 443

312 416 437 479 180
478 417 933 504 Saturnusque
965 443 1189 498 senex,
1221 421 1502 506 «latiique
1533 422 1832 487 bifrontis
1865 425 2098 510 image,

478 517 837 585 Vestibulo
852 523 1237 600 adstabant'3
1284 521 1517 606 aliique
1549 524 1633 586 ab
1663 525 1907 607 origine
1938 548 2154 611 reges,

476 618 851 705 Martiaque
882 623 969 686 ob
997 624 1273 706 patriam
1301 625 1656 707 pugnando
1687 623 1954 689 vulnera
1985 629 2183 710 passi.

473 718 819 805 Multaque
851 733 1171 807 praeterea
1200 725 1403 788 sacris
1432 725 1497 788 in
1527 726 1826 808 postibus
1856 749 2053 804 arma,

475 819 733 905 Captivi
760 825 1050 906 pendent
1078 846 1332 902 currus,
1363 847 1708 911 curvaeque
1742 849 2028 905 secui-ee,

306 919 427 983 185
472 921 567 984 Et
595 923 809 987 cristae
838 925 1144 1011 capitum,
1176 936 1245 989 et
1272 936 1608 1010 portarum
1632 928 1920 1011 ingentia
1948 928 2250 1007 claustra,

472 1021 887 1107 Spiculaque,
921 1025 1265 1112 clipeique,
1298 1037 1654 1112 ereptaque
1685 1041 1899 1094 rostra
1928 1032 2182 1095 carinis·

472 1121 627 1206 Ipse
658 1125 979 1197 Quirinali
1008 1126 1191 1203 lituo,
1222 1151 1554 1213 parvaque
1587 1129 1860 1194 sedebat

471 1223 853 1291 Succinctus
885 1228 1134 1306 trabea,
1166 1228 1456 1314 laevaque
1486 1228 1692 1294 ancile
1723 1234 1996 1315 gerebat

469 1324 689 1402 Picus,
722 1327 960 1412 equt‘im
990 1328 1303 1408 domitor;
1350 1351 1546 1413 quem
1575 1342 1770 1416 capta
1799 1335 2101 1418 cupidine
2133 1336 2370 1420 conjux

304 1425 428 1488 190
469 1423 696 1492 Aurea
724 1451 1107 1512 percussum
1134 1431 1337 1515 virga,
1370 1454 1756 1516 versumque
1787 1435 2074 1513 venenis,

468 1525 652 1593 Fecit
680 1550 864 1594 avem
894 1529 1104 1609 Circe,
1138 1533 1506 1616 sparsitque
1539 1531 1862 1597 coloribus
1893 1533 2049 1599 alas.

468 1627 618 1693 Tali
646 1631 819 1695 intus
852 1631 1094 1717 templo
1124 1631 1341 1696 divfim
1369 1635 1709 1717 patriaque
1742 1633 2017 1699 Latinus

469 1727 643 1795 Sede
675 1732 935 1809 sedena,
968 1733 1265 1797 Teucros
1298 1734 1383 1797 ad
1414 1757 1560 1799 sese
1584 1735 1653 1797 in
1681 1745 1855 1799 tecta
1882 1737 2169 1814 vocavit;

466 1829 691 1914 Atque
721 1832 865 1898 haec
893 1835 1203 1918 ingressis
1230 1834 1489 1919 placido
1516 1836 1697 1918 prior
1725 1835 1932 1899 edidit
1961 1857 2114 1900 ore:

297 1931 422 1995 195
549 1933 794 2013 Dicite,
825 1934 1252 2012 Dardanidae,
1284 1957 1495 2020 neque
1527 1937 1697 1999 e‘nim
1726 1937 2048 2001 nescimus
2077 1947 2146 2000 et
2175 1938 2426 2016 urbem,

468 2033 561 2098 Et
590 2055 820 2117 genuS,
851 2037 1187 2121 auditique
1216 2037 1552 2101 advertitis
1583 2057 1846 2121 aequore
1875 2058 2162 2116 cursum,

466 2134 650 2207 Quid
678 2137 899 2220 petitis
922 2140 948 2201 2
992 2159 1141 2220 quae
1170 2159 1367 2202 causa
1394 2147 1594 2214 rates,
1623 2147 1736 2201 aut
1765 2138 1952 2221 cujus
1979 2148 2250 2221 egentes

466 2234 685 2303 Littus
717 2236 801 2300 ad
832 2235 1197 2300 Ausonium
1225 2249 1323 2301 tot
1350 2260 1471 2322 per
1498 2238 1666 2302 vada
1694 2236 1933 2302 caerula
1960 2240 2184 2304 vexit?

464 2335 613 2399 Sive
642 2359 863 2401 errore
892 2339 1035 2414 viae,
1068 2359 1187 2401 seu
1214 2338 1709 2422 tempestatibus
1740 2340 1888 2412 acti,

289 2437 419 2501 200
461 2437 727 2520 (Qualia
754 2437 954 2503 multa
982 2439 1144 2503 mari
1172 2447 1389 2502 nautae
1419 2435 1756 2521 patiuntur
1787 2440 1852 2501 in
1881 2436 2040 2520 alto)

464 2538 772 2603 Fluminis
804 2537 1091 2604 intrastis
1123 2540 1322 2623 ripas,
1353 2547 1681 2622 portuque
1715 2538 1995 2614 sedetis3

464 2638 573 2704 Ne
602 2639 807 2725 fugite
838 2639 1211 2726 hospitium,
1242 2661 1405 2705 neve
1436 2639 1731 2723 ignorate
1762 2637 2032 2706 Latinos

287 2892 419 2940 inter
448 2892 698 2942 columnas
728 2909 926 2957 ponere.
988 2893 1143 2943 Italus
1171 2904 1333 2943 autem
1358 2903 1409 2943 et

288 2955 499 3006 Sabinus
520 2956 566 3004 h.
590 2956 623 3004 l.
655 2957 785 3006 inter
807 2957 971 3006 Latini
993 2961 1200 3022 maJorea
1222 2975 1403 3008 memo-

286 3031 471 3078 rantur,
508 3029 737 3083 tanquam
768 3023 1027 3085 agnatione
1054 3023 1227 3084 Juncti.
1300 3025 1404 3072 An-

286 3083 525 3146 tiquitatis
560 3085 761 3148 genium
800 3085 997 3135 exhibet
1029 3087 1177 3136 etiarn
1214 3087 1267 3136 in
1300 3103 1402 3136 ma-

288 3147 427 3206 teria,
462 3152 597 3198 cedro
609 3169 627 3204 ,-
661 3165 775 3199 nam
796 3151 1063 3199 vetustiora
1084 3151 1225 3214 signa
1244 3151 1411 3214 lignea

288 3221 429 3261 erant
445 3213 523 3260 vel
544 3213 727 3262 fictilia.
782 3213 1257 3277 murator—falcem.-
1279 3214 1409 3262 haud

285 3276 435 3325 dubie
466 3277 529 3324 ad
562 3277 795 3326 Sabinum
832 3287 1053 3342 spectant
1089 3279 1206 3327 hoec.
1272 3281 1406 3336 Fal-r,

284 3349 405 3404 puta
452 3340 515 3388 ad
568 3341 887 3406 amputandas
938 3341 1137 3391 frondes
1190 3342 1405 3405 adjectu

284 3407 457 3466 aliique
478 3408 539 3452 ab
556 3409 731 3470 origine
752 3423 895 3481 reges,
918 3405 966 3453 h.
992 3421 1033 3454 e.
1057 3405 1220 3471 prisci.

354 3471 623 3518 183—186.
670 3470 952 3535 Respicitur
986 3473 1278 3532 onte-fixorum
1316 3470 1403 3518 ha-

282 3532 555 3582 bendorum
590 3549 695 3582 moa
735 3549 765 3582 a
800 3534 867 3582 ud
900 3535 1161 3592 Romanos,
1200 3549 1313 3582 cum
1352 3533 1407 3582 in

284 3595 491 3660 fastigiis
538 3613 637 3646 non
676 3613 725 3646 m
791 3615 821 3645 o
870 3599 1177 3662 templorum,
1226 3597 1313 3646 sed
1356 3607 1408 3646 et

282 3661 583 3736 privatarum
606 3663 813 3736 adium,
854 3663 999 3710 affixa
1035 3672 1199 3710 essent
1238 3662 1407 3710 fictilia

281 3727 807 3852 mama
842 3726 1405 3854 :tsszzzxmffif’ffl

282 3853 405 3901 fides
441 3869 539 3902 non
576 3862 653 3902 est
685 3854 1017 3919 deposcendtu
1062 3869 1175 3902 nam
1208 3853 1407 3902 navales

281 3933 473 3981 pugnas
492 3918 579 3966 vix
592 3918 813 3967 fecerunt
827 3917 1004 3967 Latini.
1042 3918 1239 3967 Possint
1256 3933 1405 3966 nave·

280 3983 611 4096 Mam?
632 3983 797 4095 ’ἱῖἑῖξῖ
818 3982 1403 4096 Ἧὶᾟῖἷὲξιῗῖἔὲωω

281 4109 389 4158 Pici
410 4109 636 4186 inprimis
668 4063 1135 4175 stannoffimpicua,
1160 4127 1304 4174 quam
1329 4111 1400 4158 fa·-

278 4174 375 4222 cile
412 4183 507 4222 erit
529 4191 592 4223 ex
620 4177 667 4223 b.
692 4177 723 4223 1.
760 4175 1033 4240 exprimere
1060 4184 1111 4222 et
1138 4175 1398 4223 delineare.

282 4238 452 4286 Prisca
472 4239 633 4301 aliqua
652 4239 867 4304 gravitas
888 4238 1089 4301 imagini
1110 4237 1265 4286 inest:
1298 4247 1398 4286 tra-

282 4305 443 4350 beatus
464 4311 552 4362 est,
573 4303 657 4366 qui
682 4313 903 4352 veterum
936 4317 1105 4365 reg-um
1138 4311 1243 4350 erat
1263 4302 1399 4350 habi-

280 4375 375 4422 tua,
398 4381 513 4414 cum
548 4370 663 4415 lieno
684 4368 765 4430 (ut
795 4368 917 4416 adeo
950 4366 1169 4430 augurali
1198 4366 1403 4415 scientia

282 4429 467 4479 clarum
492 4431 639 4480 mim
655 4447 853 4481 necesse
872 4431 977 4492 sit),
994 4441 1045 4480 et
1058 4430 1221 4494 prisco
1241 4445 1398 4480 armo-

1472 2910 1580 2944 rum
1616 2911 1796 2958 genere
1835 2897 1992 2943 ancili.
2051 2897 2317 2942 Succinctus
2353 2899 2514 2944 trabea
2551 2906 2598 2946 ee

1472 2961 1600 3017 lituo,
1624 2970 1740 3008 nota
1759 2959 1914 3008 forma
1937 2974 2033 3022 qua
2063 2959 2265 3006 verbum
2295 2956 2422 3008 binis
2445 2959 2594 3025 adap-

1472 3032 1617 3082 tatur,
1641 3040 1752 3072 cum
1774 3023 1834 3071 de
1857 3025 2010 3072 altero
2031 3031 2222 3070 tantum
2241 3023 2439 3087 proprie
2462 3023 2593 3073 dica-

1471 3097 1576 3136 tur:
1601 3087 1724 3136 lituo
1743 3092 1994 3136 immotis:
2014 3087 2186 3136 saltem
2208 3095 2325 3146 erat,
2345 3087 2423 3136 vel
2447 3091 2594 3152 insig-

1471 3155 1560 3210 nis,
1583 3155 1859 3214 conspicua
1922 3154 2204 3205 Quirinalem
2239 3153 2401 3199 lituum
2426 3163 2596 3202 ornate

1472 3213 1612 3273 dixit,
1649 3231 1745 3278 quo
1781 3216 2022 3265 Romulus
2055 3215 2314 3278 aliquando
2347 3231 2465 3264 usus
2503 3225 2592 3276 est,

1472 3278 1698 3343 inprimis
1719 3279 1772 3327 in
1805 3281 1922 3328 urbe
1951 3279 2214 3328 condenda.
2271 3282 2412 3327 Picus
2434 3285 2596 3342 equam

1473 3345 1665 3391 domitor
1680 3362 1696 3390 .·
1775 3343 2094 3392 Homericum
2139 3339 2412 3402 ἱππόδαμος.
2479 3343 2592 3392 vid.

1471 3405 1616 3454 ovid.
1643 3407 1766 3455 Met.
1789 3406 1888 3464 xiv,
1926 3408 2021 3455 320
2047 3423 2148 3470 sqq.
2185 3405 2270 3468 qui
2301 3405 2496 3469 copiose
2519 3407 2592 3455 fa-

1470 3470 1634 3518 bulam
1665 3471 1988 3534 persequitur,
2025 3486 2122 3534 qua
2144 3469 2290 3516 Picus
2312 3485 2341 3516 a
2363 3469 2506 3517 Circe
2536 3470 2590 3518 in

1468 3534 1728 3582 venatione
1761 3550 1820 3582 eo
1973 3543 2064 3592 tus,
2095 3547 2206 3580 eum
2239 3533 2344 3592 ejus
2378 3547 2594 3582 amorem

1469 3598 1748 3662 sprevisset,
1771 3597 1826 3645 in
1845 3613 2010 3661 picum
2029 3603 2244 3644 mutams
2266 3595 2432 3643 fertur.
2472 3599 2590 3645 Con-

1460 3662 1556 3724 juae
1579 3661 1626 3709 h.
1647 3663 1679 3710 l.
1715 3677 1900 3718 amans,
1931 3669 1989 3709 ut
2021 3668 2072 3708 et
2102 3657 2218 3708 alibi
2249 3656 2460 3708 vidimus
2483 3659 2590 3710 1301.

1470 3725 1574 3784 viii,
1599 3727 1671 3774 18.

1553 3791 1658 3838 192.
1713 3789 1820 3838 Exc
1885 3789 1922 3836 ti
1961 3789 2008 3836 h.
2049 3787 2081 3835 l.
2120 3786 2268 3850 legati
2319 3785 2372 3835 in
2413 3790 2590 3850 templo,

1469 3853 1585 3902 inde
1607 3869 1638 3902 a
1657 3869 1702 3901 v.
1732 3853 1827 3904 170
1963 3852 2104 3917 ripto‚
2129 3867 2193 3900 ex
2225 3865 2373 3900 more-
2431 3851 2500 3900 Et
2520 3852 2592 3902 sic

1468 3933 1617 3982 supra
1641 3917 1722 3967 lib.
1748 3917 1780 3975 i,
1806 3919 1900 3966 605
1935 3933 2035 3980 sqq.
2073 3915 2206 3964 Dido
2225 3915 2422 3978 publica
2439 3931 2588 3980 nego·

1468 3981 1538 4030 tia
1559 3984 1888 4045 exequebatur
1909 3981 1962 4029 in
1985 3980 2180 4045 templo.

1538 4047 1628 4095 195
1729 4063 1774 4108 q.
1827 4045 2150 4108 Simplicitate
2201 4051 2252 4091 et
2293 4043 2592 4108 proprietate

1467 4125 1690 4159 commen
1753 4109 1864 4158 bilis
1898 4109 2066 4165 oratio,
2113 4116 2169 4155 ut
2217 4107 2370 4156 altera
2415 4108 2591 4158 Ilionei

1466 4175 1563 4223 fide
1585 4185 1635 4223 et
1655 4173 1994 4237 probabilitate
2013 4187 2126 4220 cum
2148 4169 2400 4234 gravitate.
2433 4176 2588 4221 Audi-

1468 4243 1592 4300 tique
1623 4241 1865 4286 advertitis
1901 4252 2078 4298 σφων-ε
2116 4251 2310 4292 eur-eun,
2344 4236 2592 4311 eleganter

1466 4319 1572 4366 pro,
1597 4301 1700 4349 noti
1729 4301 1859 4349 estis.
1915 4299 2178 4362 Sequentia
2199 4299 2260 4347 iis
2283 4298 2462 4350 similia
2481 4317 2590 4364 quae

1467 4363 2464 4479 ½⁹³22553mfflaffz¹sss2⁰ffiass
2484 4382 2588 4480 u·
