3050 4934
433 239 566 305 494

1327 233 1855 303 AENEIDOS

605 387 773 453 Haec
799 388 912 452 ubi
941 387 1117 452 dicta
1145 386 1350 463 dedit,
1384 385 1547 450 solio
1578 408 1651 450 se
1679 385 1847 451 tollit
1876 387 1960 450 ab
1990 385 2159 465 alto;

605 489 699 552 Et
729 490 1004 574 primum
1034 485 1378 552 Herculeis
1411 489 1657 570 sopitas
1687 487 1947 570 ignibus
1978 508 2125 550 aras

541 661 544 664 ,
605 589 895 666 Excitat,
925 589 1431 673 hesternumque
1463 587 1703 652 Larem
1731 609 2099 672 parvosque
2129 585 2413 652 Penates

608 691 835 754 Laetus
867 691 1037 768 adit3
1083 699 1367 753 mactant
1395 688 1597 754 lectas
1629 689 1713 753 de
1742 711 1921 753 more
1952 689 2255 754 bidentes

433 793 562 856 545
606 790 956 855 Evandrus
988 790 1254 875 pariter,
1285 790 1533 874 pariter
1561 789 1854 874 Trojana
1874 790 2210 874 juventus.

608 893 771 957 Post
796 893 948 957 hinc
979 892 1063 956 ad
1091 913 1289 955 naves
1319 892 1639 975 graditur,
1670 893 2009 975 sociosque
2040 893 2288 956 revisit:

607 995 908 1068 Quorum
937 994 1021 1057 de
1052 1013 1343 1069 numer0‚
1374 993 1486 1076 qui
1517 1013 1661 1056 sese
1692 993 1759 1056 in
1786 991 1959 1056 bella
1990 1002 2367 1076 sequantur,

608 1094 1007 1159 Praestantes
1040 1095 1276 1158 virtute
1306 1091 1501 1177 legit3
1547 1115 1701 1177 pars
1733 1103 1968 1157 caetera
1999 1115 2207 1177 prona

606 1196 845 1261 Fertur
873 1218 1063 1280 aqua,
1097 1195 1444 1278 segnisque
1476 1193 1765 1258 secundo
1795 1194 2027 1259 defluit
2054 1196 2245 1273 amni,

435 1300 578 1364 550-
605 1297 860 1363 Nuntia
887 1307 1164 1360 ventura
1191 1295 1478 1359 Ascanio
1508 1317 1853 1378 rerumque
1883 1297 2240 1380 patrisque.

608 1399 873 1462 Dantur
901 1399 1054 1482 equi
1083 1397 1360 1461 Teucris
1391 1395 1739 1480 Tyrrhena
1766 1397 2140 1480 petentibus
2172 1419 2360 1461 arva:

608 1499 884 1564 Ducunt
910 1508 1240 1562 exsortem
1268 1497 1538 1574 AEneae3
1586 1519 1779 1580 quem
1806 1496 1982 1561 fiilva
2008 1497 2211 1562 leonis

609 1599 807 1666 Pellis
839 1601 976 1664 obit
1003 1610 1233 1674 totum,
1265 1597 1662 1683 praefulgens
1692 1600 2021 1682 unguibus
2052 1599 2287 1663 aureis.

695 1701 896 1766 Fama
924 1701 1098 1765 volat
1125 1723 1392 1784 parvam
1421 1701 1639 1765 subito
1669 1699 1931 1783 vulgata
1958 1723 2079 1785 per
2105 1701 2357 1776 urbem,

437 1805 565 1869 555
610 1804 816 1868 Ocius
845 1805 940 1867 ire
969 1803 1223 1887 equites
1254 1801 1583 1886 Tyrrheni
1614 1801 1701 1865 ad
1728 1799 1945 1864 limina
1975 1803 2171 1885 regis·
2283 1801 2291 1808 '
2353 1809 2365 1818 ”

609 1905 789 1972 Vota
817 1915 996 1970 metu
1024 1903 1359 1989 duplicant
1387 1914 1651 1980 matres,
1683 1904 2082 1987 propiusque
2112 1900 2358 1987 periclo

609 2005 672 2070 It
703 2008 914 2082 timor,
947 2017 1014 2070 et·
1042 2006 1248 2089 major
1275 2004 1512 2068 Martis
1536 2005 1674 2089 jam
1702 2015 1979 2088 apparet
2004 2005 2238 2087 imago·

610 2107 786 2171 Tum
813 2118 1004 2191 pater
1035 2107 1408 2182 EvandruS,
1440 2106 1739 2169 dextram
1771 2105 2145 2190 complexus
2174 2107 2409 2182 euntiS,

611 2208 866 2285 Haeret,
896 2207 1294 2292 inexpletum
1324 2207 1687 2284 lacrimans,
1720 2229 1797 2270 ac
1826 2206 1979 2270 talia
2006 2205 2215 2271 fatur:

503 2421 775 2468 541—544.
818 2420 987 2484 Surgit
1013 2419 1198 2470 AEneas
1224 2429 1272 2467 et
1301 2418 1364 2468 ad
1399 2420 1561 2467 focum

437 2483 615 2532 aedium
645 2484 844 2544 accedit,
884 2485 1094 2534 Penates
1127 2494 1367 2550 precatur.
1432 2487 1557 2532 Her-

437 2552 579 2598 culeis
609 2553 782 2611 sopitas
818 2553 1002 2612 ignibus
1035 2567 1144 2598 aras
1185 2549 1374 2597 doctius
1407 2547 1561 2596 dictas

438 2629 558 2672 esse,
584 2629 728 2676 quam
757 2617 886 2677 ignes
908 2618 1078 2676 sopitos
1108 2617 1158 2661 in
1177 2617 1289 2672 aris,
1325 2613 1401 2661 vel
1435 2616 1564 2674 ignes

437 2693 547 2736 ara,
571 2679 624 2726 in
650 2688 846 2742 promtu
869 2689 944 2727 est
975 2678 1262 2740 intellig-ere.
1318 2677 1561 2725 Hercules

437 2741 532 2790 suit
563 2742 794 2791 Evandro
829 2743 1089 2792 Penatium
1119 2743 1242 2799 loco,
1277 2741 1561 2802 Geniusque

437 2806 560 2854 adeo
589 2821 678 2854 seu
701 2808 799 2854 Lar
821 2807 1127 2856 domesticus.
1183 2807 1353 2854 Larem
1385 2809 1557 2853 hester-

435 2887 544 2919 num
563 2871 622 2929 si,
645 2880 704 2918 ut
723 2871 838 2919 olim
863 2871 972 2934 ipsc
993 2871 1242 2928 faciebam,
1259 2869 1428 2933 JungIs
1448 2885 1561 2917 cum

434 2939 622 2993 excitat,
646 2935 855 2998 accipies
875 2951 966 2998 pro
997 2936 1104 2983 foco
1127 2942 1177 2982 et
1205 2934 1308 2996 igni
1329 2935 1560 2982 hesterno

435 2999 490 3046 in
512 2998 620 3046 foco
639 3009 754 3047 ante
777 3000 981 3055 Larem;
1009 3001 1182 3060 juncta
1202 3007 1258 3045 ut
1289 2998 1402 3054 sint,
1430 3002 1559 3060 ignes

437 3067 486 3110 in
519 3079 606 3110 ara
636 3071 684 3110 et
718 3065 884 3110 Larem
913 3065 1170 3110 hesternum
1199 3065 1398 3116 arefiat,-
1432 3071 1555 3110 atta-

436 3141 552 3174 men
585 3140 820 3190 perquam
843 3125 1019 3173 durum
1041 3134 1118 3173 est
1151 3127 1316 3173 Larem
1350 3119 1420 3172 ita
1453 3125 1556 3174 dic-

437 3199 543 3238 tum
565 3205 686 3238 esse.
743 3189 832 3237 Sin
855 3189 1094 3251 Junxeris,
1119 3207 1228 3237 aras
1245 3194 1430 3248 excitat,
1454 3193 1557 3237 hes-

439 3263 701 3316 ternumque
735 3256 902 3302 Larem
927 3271 1180 3316 parvosque
1211 3257 1409 3302 Penates
1441 3257 1557 3312 adit,

435 3317 488 3366 id
525 3321 652 3380 quod
687 3317 920 3366 sollennis
955 3319 1308 3366 sententiarum
1350 3318 1470 3366 ordo
1505 3318 1559 3366 in

436 3397 582 3459 poeta
613 3383 817 3431 suadere
849 3392 1026 3446 potest,
1061 3383 1156 3432 alio
1190 3383 1334 3431 modo
1369 3383 1561 3431 laboras

438 3463 490 3496 m
514 3448 714 3510 junctis,
739 3447 846 3496 sine
869 3447 968 3496 ulla
998 3447 1048 3495 vi
1083 3457 1131 3495 et
1165 3447 1270 3496 sine
1295 3463 1441 3504 more,
1467 3450 1557 3494 Pe-

437 3516 623 3560 natibus
640 3521 687 3561 et
703 3515 840 3560 Lare.
889 3513 1027 3560 Bene
1043 3511 1170 3560 dixit
1185 3529 1352 3573 parvos
1365 3514 1562 3559 Penates

438 3577 672 3634 Evandri,
715 3593 867 3641 parva
897 3577 1070 3639 sigilla,
1113 3587 1168 3625 ut
1207 3576 1440 3624 humilem
1478 3591 1558 3622 ca-

438 3657 542 3690 sam
593 3643 809 3690 decebat.
893 3645 1026 3697 Adit,
1071 3639 1403 3705 προσέρχεται,
1445 3656 1559 3704 pre-

439 3706 606 3753 cando.
691 3707 830 3763 Puta,
871 3706 975 3754 haec
1015 3705 1122 3753 fieri
1163 3706 1214 3753 in
1253 3705 1563 3769 suscipienda

435 3770 736 3834 profectione
760 3779 810 3818 et
830 3769 1054 3818 adeundo
1075 3769 1368 3817 discrimine.

513 3835 623 3892 546,
663 3835 771 3883 547.
825 3834 956 3882 Navi
997 3850 1027 3881 a
1059 3833 1225 3882 littore
1263 3834 1563 3883 Laurentino

439 3915 582 3948 amne
605 3899 808 3946 adverso
833 3898 1126 3946 Pallantium
1149 3905 1441 3961 pervenerat
1469 3899 1559 3944 AE-

440 3979 557 4012 neas
596 3979 702 4026 sup.
741 3979 786 4012 v.
831 3964 921 4010 90:
966 3979 1095 4010 nunc
1132 3979 1189 4010 ea
1223 3963 1334 4010 navi
1373 3971 1565 4025 partem

439 4028 679 4077 sociorum
711 4027 872 4075 redire
906 4027 967 4075 ad
998 4027 1261 4076 Ascanium
1287 4027 1454 4088 juben
1490 4026 1561 4073 al-

439 4101 544 4140 tera
565 4103 704 4155 parte
727 4092 821 4140 sibi
847 4092 1086 4154 adJuncta,
1113 4101 1164 4138 et
1185 4090 1457 4138 Arcadibus
1479 4106 1560 4137 co-

439 4156 652 4212 mitibus,
678 4166 807 4204 terra
827 4171 913 4219 per
933 4156 1180 4205 Etruriam
1201 4156 1338 4202 Caere
1359 4154 1420 4202 ad
1439 4155 1561 4202 Tar-

439 4221 664 4268 chontem
687 4221 998 4282 (Tyrrhenum
1013 4237 1162 4283 regem
1170 4220 1204 4280 ),
1223 4218 1561 4282 proficiscitur.

446 4287 538 4336 Qua·
559 4300 654 4331 sese
681 4289 726 4330 iu
755 4288 871 4332 bella
893 4293 1168 4346 sequautur.-
1203 4283 1366 4348 paullo
1389 4285 1561 4332 obscu-

439 4349 541 4398 rior
574 4348 842 4403 sententia3
879 4363 993 4396 nam
1015 4349 1076 4396 ad
1104 4348 1284 4396 bellum
1317 4363 1414 4396 non
1449 4364 1564 4412 pro-

441 4411 689 4468 ficiscitur,
710 4411 797 4458 scd
814 4411 874 4458 ad
894 4411 1076 4460 auxilia
1093 4421 1144 4460 et
1161 4412 1444 4460 societatem
1457 4413 1564 4460 Cae-

1622 2429 1903 2468 retanorum
1940 2418 2218 2482 parandam.
2290 2416 2569 2466 Dicendum
2606 2417 2742 2475 sorte,

1660 2493 1818 2532 oetam
1841 2483 2040 2532 omnino
2061 2483 2191 2532 viros
2220 2481 2369 2531 fortes
2390 2481 2635 2532 declarare
2660 2497 2741 2530 vo-

1646 2547 1788 2606 uisse,
1846 2562 2018 2595 uorum
2040 2547 2161 2595 adeo
2192 2547 2244 2594 id
2266 2545 2519 2620 proprium
2541 2555 2670 2594 esset
2692 2555 2744 2594 ut

1627 2612 1801 2660 AEneae
1850 2621 1958 2659 atus
1984 2621 2207 2674 tegerent
2236 2611 2289 2659 in
2312 2611 2591 2659 discrimine
2614 2609 2741 2658 belli.

1626 2677 1707 2724 An
1732 2678 1852 2724 bella
1878 2691 1969 2740 pro
1992 2675 2165 2724 castris
2186 2675 2249 2723 ad
2270 2677 2439 2724 Caerei
2486 2674 2569 2723 An
2704 2674 2745 2722 ‘s

1624 2749 2019 2798 consentaneum,
2044 2751 2095 2788 et
2122 2739 2176 2787 in
2208 2741 2299 2788 hoc
2328 2739 2645 2802 acquiescam,
2704 2739 2742 2777 '-

1624 2819 1737 2854 cere
1756 2815 1951 2868 poetam
1987 2803 2262 2868 respexisse
2284 2804 2343 2852 ad
2374 2804 2427 2852 id
2448 2803 2577 2866 quod
2610 2803 2743 2852 futu-

1625 2885 1735 2917 rum
1752 2879 1869 2928 erat,
1893 2879 1949 2917 ut
1966 2869 2019 2926 ii,
2039 2885 2137 2917 una
2152 2885 2265 2917 cum
2284 2867 2522 2926 Etruscis,
2542 2867 2747 2916 navibus

1622 2933 1751 3046 1{taeccti
1774 2933 1837 2980 ad
1854 2933 1978 2982 ostia
1999 2933 2191 2982 Tiberis
2211 2949 2428 2997 pugnam
2448 2947 2561 2981 cum
2576 2932 2747 2981 Turno

1700 3001 1871 3045 erent?

1689 3063 1960 3110 549—552.
1996 3065 2173 3126 Segnis,
2196 3071 2253 3110 ut
2282 3063 2409 3111 bene
2432 3060 2635 3110 Servius
2658 3075 2743 3108 ex-

1658 3126 1787 3184 licat,
1823 3131 1921 3175 sine
1953 3131 2143 3190 revagio
2156 3146 2174 3182 ‚-
2220 3140 2331 3174 cum
2368 3135 2511 3174 antea
2545 3124 2749 3173 adverso

1660 3191 1825 3240 umine
1857 3190 2118 3240 venissent.
2180 3194 2407 3245 Ast-anm
2448 3197 2749 3246 remanserat

1624 3254 1667 3303 is
1699 3255 1829 3320 apud
1868 3256 2105 3318 Trojanos
2136 3254 2190 3303 in
2226 3254 2397 3302 castris
2430 3255 2521 3302 sub
2557 3252 2751 3302 Tiberis

1624 3320 1762 3367 ostia.
1797 3323 2049 3376 Eram-tem,
2070 3318 2317 3375 eximium,
2344 3317 2593 3380 ἐξαίρει-ον.
2646 3317 2747 3366 Ad-

1625 3384 1819 3432 ducitur
1842 3399 1994 3446 equus
2014 3385 2188 3432 AEneae
2208 3383 2498 3446 praecipuus.

1692 3450 1788 3495 554
1810 3465 1912 3510 sqq.
1950 3449 2063 3495 Non
2090 3448 2217 3495 male
2250 3446 2503 3509 sequentia
2536 3446 2603 3495 ad
2636 3461 2749 3494 sen·

1626 3527 1767 3560 suum
1792 3521 1843 3559 et
1864 3511 2121 3560 affectuum
2146 3521 2367 3559 naturam
2392 3511 2447 3559 in
2470 3510 2555 3558 tali
2584 3525 2750 3559 rerum

1627 3575 1831 3624 articulo
1867 3576 2025 3624 efficta
2058 3586 2107 3623 et
2144 3575 2390 3639 exposita:
2440 3584 2652 3623 matrum
2686 3573 2746 3622 ti-

1626 3656 1753 3696 mor;
1792 3639 2011 3689 Evandri
2032 3640 2164 3688 senis
2182 3652 2293 3688 vota
2314 3655 2371 3688 ac
2392 3654 2586 3704 precem
2622 3647 2753 3686 toms

1626 3705 1880 3753 discessus.

1692 3771 1803 3827 556,
1842 3769 1950 3820 557.
1986 3771 2269 3830 Propiusqns
2305 3771 2478 3830 pavie-10
2516 3769 2568 3814 It
2600 3771 2748 3825 timor,

1626 3834 1915 3897 impeditum
1961 3843 2049 3890 est,
2090 3847 2379 3894 quocunque
2422 3841 2471 3879 te
2515 3830 2749 3879 verteris:

1626 3898 1825 3962 proprie
1854 3901 2045 3959 propius
2079 3901 2147 3944 ire
2176 3899 2379 3958 periculo
2414 3905 2545 3944 esset
2578 3895 2747 4007 Expi-

1629 3977 1761 4010 orem
1799 3978 1907 4010 esse
1942 3961 2173 4024 periculo,
2198 3962 2412 4009 instante
2439 3963 2543 4022 jam
2612 3959 2625 3969 ”
2682 3959 2749 4007 ri-

1630 4027 1789 4082 mine3
1818 4030 2009 4088 propius
2032 4030 2114 4084 ire,
2140 4035 2194 4072 ut
2222 4029 2413 4088 propius
2434 4041 2543 4080 esse,
2568 4039 2645 4087 ap.
2672 4023 2749 4070 si-

1631 4090 1749 4139 lium
1771 4091 1803 4149 i,
1844 4093 1917 4148 13,
1950 4094 2226 4152 propiusque
2250 4087 2390 4152 suere
2422 4091 2607 4150 periclo,
2638 4089 2753 4139 Quis

1628 4172 1845 4216 superare
1876 4158 2049 4212 datum,
2084 4154 2144 4202 de
2169 4153 2405 4202 Romanis
2436 4162 2627 4200 tantum
2654 4165 2751 4198 non

1628 4219 1681 4266 in
1710 4219 1933 4267 ultimum
1970 4219 2232 4268 discrimen
2268 4217 2503 4266 adductis.
2556 4217 2628 4264 At
2647 4216 2694 4263 h.
2718 4215 2751 4262 l.

1629 4282 1967 4346 accipiendum
1988 4285 2094 4341 erit,
2114 4287 2249 4331 tt‘mr
2264 4286 2303 4330 it
2314 4286 2515 4344 propius,
2530 4280 2678 4328 timor
2697 4279 2754 4327 fit

1632 4348 1843 4411 propior,
1862 4349 1909 4396 h.
1926 4348 2081 4411 magis
2097 4347 2261 4405 instat,
2281 4348 2339 4394 fit
2353 4345 2560 4409 gravior,
2579 4343 2751 4402 acrior,

1627 4415 1813 4474 peneto,
1838 4427 1949 4462 cum
1972 4412 2203 4476 periculo,
2228 4411 2446 4475 periculo
2466 4409 2695 4458 instante.
