3050 4934
442 251 574 316 492
1337 250 1866 318 AENEIDOS

617 399 1012 486 Confugere,
1041 412 1111 468 et
1138 402 1352 468 Turni
1377 401 1718 466 defendier
1744 399 2025 483 hospitis
2052 401 2270 464 armis.

621 502 804 587 Ergo
831 505 1034 567 omnis
1062 503 1248 568 furiis
1279 503 1565 567 surrexit
1596 501 1868 566 Etruria
1888 501 2123 584 justis:

444 603 576 669 495
618 603 875 688 Regem
904 605 990 669 ad
1019 603 1406 688 supplicimn
1433 603 1745 687 praesenti
1771 600 1995 666 Marte
2024 610 2398 685 reposcunt.

621 704 748 769 His
779 726 904 788 ego
931 715 1022 782 te,
1053 704 1290 782 AEnea‚
1321 705 1663 769 ductorem
1687 701 1969 768 millibus
2000 703 2259 766 addam.

623 805 802 870 Toto
827 828 1102 890 namque
1134 806 1418 876 fremunt
1447 807 1796 872 condensae
1824 804 2041 896 littore
2072 825 2357 893 puppes,
2373 872 2450 884 „-

623 907 952 992 Signaque
980 907 1152 972 ferre
1175 908 1449 992 jubent;
1493 907 1734 970 retinet
1760 899 2095 990 longoevus
2124 904 2461 990 haruspex

621 1005 787 1071 Fata
813 1029 1122 1076 canense
1135 1005 1211 1075 O
1223 1005 1539 1072 ‘Maeoniae
1566 1007 1821 1072 delecta
1840 1006 2176 1091 juventus,

452 1109 582 1174 500
623 1107 778 1173 Flos
805 1120 1094 1174 veterum
1125 1111 1460 1194 virtusque
1487 1106 1718 1185 virum,
1748 1129 1913 1190 quos
1935 1107 2157 1191 justus
2188 1107 2269 1171 in·
2282 1107 2537 1172 hostem

623 1208 784 1274 Fert
811 1209 1021 1287 dolor,
1051 1221 1120 1275 et
1146 1211 1376 1276 merita
1403 1209 1705 1275 accendit
1732 1207 2105 1272 Mezentius
2136 1209 2268 1287 ira;

627 1310 815 1376 Nulli
841 1311 940 1377 fas
974 1310 1140 1377 Italo
1169 1322 1414 1378 tantam
1445 1311 1843 1395 subjungere
1872 1317 2165 1394 gentem:

630 1412 963 1478 Externos
995 1424 1220 1498 optate
1250 1414 1476 1478 duces.
1553 1412 1729 1476 Tum
1756 1411 2043 1475 Etrusca
2070 1411 2317 1476 resedit

631 1513 782 1579 Hoc
812 1515 984 1580 acies
1015 1536 1269 1598 campo,
1297 1513 1557 1578 monitis
1586 1513 1903 1578 exterrita
1931 1511 2171 1576 divum.

457 1617 586 1682 505
629 1615 782 1700 Ipse
812 1626 1106 1682 oratores
1133 1617 1220 1682 ad
1249 1638 1352 1680 me
1381 1615 1697 1700 regnique
1724 1636 2031 1679 coronam

630 1717 797 1782 Cum
825 1727 1087 1803 sceptro
1113 1719 1308 1794 misit,
1339 1715 1735 1799 mandatque
1764 1715 2041 1798 insignia
2070 1712 2363 1789 Tarcho,

630 1818 992 1886 Succedam
1020 1819 1274 1896 castris,
1306 1817 1784 1902 Tyrrhenaque
1812 1837 2015 1900 regna
2042 1836 2402 1900 capessam.

632 1920 768 1985 Sed
797 1921 954 1986 mihi
981 1922 1170 1985 tarda
1198 1919 1349 2005 gelu
1381 1918 1716 2004 saeclisque
1746 1917 1971 1984 effoeta
2000 1928 2303 1996 senectus

632 2021 890 2087 Invidet
916 2023 1276 2107 imperium,
1311 2042 1605 2104 seraeque
1636 2021 1723 2086 ad
1752 2019 1947 2084 fortia
1973 2019 2167 2084 vires.

461 2123 591 2188 510
632 2122 884 2187 Natmn
911 2121 1317 2199 exhortarer,
1347 2123 1416 2186 ni
1442 2122 1685 2186 mixtus
1714 2130 1919 2185 matre
1952 2119 2215 2185 Sabella

635 2222 812 2287 Hinc
839 2233 1092 2306 partem
1117 2223 1348 2307 patriae
1374 2221 1689 2286 traheret.
1765 2220 1900 2299 Tu,
1930 2221 2117 2306 cujus
2146 2233 2216 2286 et
2242 2223 2429 2286 annis

636 2323 730 2388 Et
756 2324 980 2408 generi
1007 2321 1142 2387 fata
1167 2323 1533 2408 indulgent,
1563 2344 1757 2406 quem
1782 2324 2045 2388 numina
2072 2335 2378 2408 poscunt,

637 2423 1015 2507 Ingredere,
1043 2445 1084 2488 o
1114 2423 1448 2490 Teucrum
1473 2435 1673 2509 atque
1704 2422 1940 2490 Italum
1968 2423 2317 2490 fortissime
2346 2425 2603 2492 ductor.

639 2523 840 2590 Hunc
867 2525 986 2590 tibi
1015 2537 1358 2610 praeterea,
1391 2547 1544 2610 spes
1574 2535 1643 2589 et
1672 2523 1903 2590 solatia
1930 2526 2159 2602 nostri,

468 2629 596 2692 515
640 2625 938 2692 Pallanta
964 2627 1350 2712 adjungamz
1399 2627 1522 2692 sub
1553 2637 1620 2690 te
1651 2625 1929 2691 tolerare
1954 2629 2268 2711 magistro

643 2726 946 2792 Militiam
971 2737 1040 2792 et
1067 2749 1264 2812 grave
1295 2727 1535 2792 Martis
1568 2749 1759 2811 opus,
1790 2737 1905 2792 tua
1934 2749 2201 2795 cernere
2230 2729 2402 2796 facta

645 2827 1028 2906 Assuescat,
1056 2829 1278 2913 primis
1307 2838 1377 2892 et
1404 2839 1470 2892 te
1498 2829 1771 2893 miretur
1799 2821 1883 2894 ab
1914 2831 2120 2894 annis.

643 2931 941 2996 Arcadas
971 2928 1124 2994 huic
1153 2930 1406 3013 equites
1433 2929 1538 2994 bis
1568 2940 1851 3006 centum,
1882 2931 2120 2994 robora
2146 2931 2341 3014 pubis

540 3141 652 3188 495.
687 3142 914 3188 Praesmts'
936 3141 1108 3198 Mam,
1139 3139 1266 3188 bello
1297 3155 1396 3188 non
1427 3139 1593 3197 dileto,
1660 3139 1794 3188 tione
1828 3139 2039 3204 partium
2076 3140 2293 3198 (corone
2320 3150 2371 3189 et
2402 3141 2611 3216 sceptri)
2641 3140 2779 3190 facts.

475 3204 656 3316 quippe
671 3203 764 3252 hoc
787 3203 895 3267 ipso
917 3212 1135 3268 tempore
1155 3203 1210 3252 in
1229 3204 1376 3253 armis
1398 3213 1526 3261 sunt,
1548 3213 1599 3253 et
1660 3206 1945 3266 Blandasque
1974 3208 2176 3268 insignia
2198 3205 2359 3268 simpl.
2386 3205 2541 3254 mittat
2572 3204 2781 3270 insignis

475 3269 560 3332 qui
593 3283 672 3317 em
701 3267 906 3316 classem
1155 3277 1190 3326 t,
1225 3283 1322 3330 qus
1355 3267 1408 3314 in
1444 3267 1599 3316 altum
1660 3267 1817 3330 regni.
1878 3270 2139 3327 Secundam,
2176 3283 2237 3317 eo
2268 3269 2487 3329 consilio,
2524 3279 2582 3318 ut
2614 3285 2779 3319 smee-

475 3332 633 3383 evecti
653 3331 792 3380 littus
815 3333 896 3380 Ru
968 3346 1110 3380 orum
1131 3340 1301 3395 petant
1319 3330 1598 3393 bellumque
1662 3331 1789 3380 dam.

474 3397 689 3446 inferant
709 3395 894 3454 Tun-no,
915 3395 970 3444 ni
999 3395 1304 3444 Mezentium
1325 3395 1388 3444 sd
1407 3395 1595 3460 suppli·
1738 3397 1973 3444 508-51
1987 3398 2029 3444 1.
2080 3399 2240 3446 Saech‘s
2276 3399 2445 3460 eff'oeta,
2490 3397 2655 3462 simpl.

476 3462 608 3511 cium
629 3459 884 3510 dediderit.
1664 3459 1819 3508 annis.
1875 3463 1947 3509 Ns·
1966 3464 2162 3510 αἰτίαι·
2195 3461 2263 3518 ni,
2286 3462 2497 3512 mixtum
2516 3477 2677 3526 genus
2756 3489 2779 3501 ·

550 3527 824 3574 498-600.
875 3523 986 3573 Hoc
1024 3524 1086 3572 de
1129 3523 1338 3572 Etrusco
1373 3520 1599 3588 aruspice
1663 3524 1785 3572 bens
1818 3539 1909 3588 per
1942 3535 2150 3574 matrem
2184 3525 2429 3584 Sabinam.
2466 3536 2659 3591 partem
2696 3543 2779 3592 ps-

477 3599 820 3647 commentum,
835 3589 922 3652 qui
945 3587 1212 3638 Ceretanis
1233 3587 1487 3636 conatibus
1506 3603 1597 3652 op-
1664 3587 1773 3636 trie
1792 3603 1882 3636 seu
1904 3588 2107 3652 originis
2132 3589 2261 3648 hine,
2284 3605 2315 3638 a
2336 3590 2547 3649 Sabinis,
2568 3591 2783 3655 adeoque

477 3665 686 3719 portune
715 3653 990 3712 intercedit,
1025 3663 1082 3702 ut
1113 3653 1176 3702 sd
1209 3653 1383 3702 AEneoe
1411 3652 1598 3700 adven-
1664 3667 1728 3700 ex
1774 3652 1933 3711 Italia,
1976 3653 2193 3712 duceret,
2237 3654 2329 3704 etsi
2380 3664 2521 3718 pan-e
2564 3665 2785 3714 exterra),

479 3729 584 3766 mm
615 3734 693 3768 res
727 3717 990 3776 differam,
1027 3718 1156 3766 inter
1189 3716 1380 3782 potiora
1401 3715 1602 3780 Virgilii
1664 3715 1911 3774 Evandro,
1934 3727 2093 3767 natus.

475 3783 679 3832 inventa
720 3781 1028 3830 referendum
1071 3780 1278 3830 videtur.
1349 3781 1603 3830 Exti-aneo
1728 3782 1841 3839 612,
1872 3782 1983 3830 613.
2023 3781 2123 3838 Qui
2149 3799 2309 3845 gem,
2344 3791 2521 3840 ortum,
2552 3799 2619 3832 ex
2642 3799 2781 3848 pere-

477 3856 640 3896 sutem
675 3845 788 3894 duci
823 3845 1068 3896 exercitus
1103 3845 1498 3902 committendus,
1525 3845 1603 3894 uti
1662 3845 1805 3908 grim
1838 3853 1967 3895 terra
1986 3847 2151 3904 habes,
2172 3862 2287 3896 cum
2318 3846 2495 3896 idonea
2525 3849 2675 3898 rebus
2700 3863 2783 3911 ge·

479 3909 684 3960 Lavinia
705 3919 910 3958 externo
931 3909 1036 3958 viro
1050 3910 1304 3972 jungenda
1323 3909 1404 3958 lib.
1429 3909 1513 3967 vii,
1539 3909 1604 3958 96
1664 3910 1833 3958 rendis
1852 3919 2009 3968 oetate,
2032 3921 2085 3960 et
2111 3925 2257 3974 quem
2276 3915 2479 3969 nucha,
2502 3911 2787 3960 vaticinium

477 3991 580 4038 sqq.
651 3977 759 4024 Flos
796 3982 994 4022 veterum
1033 3977 1264 4036 virtusque
1299 3977 1448 4022 viram
1480 3975 1531 4021 h.
1566 3974 1599 4022 1.
1666 3973 1904 4036 desig-nat.
1972 3977 2236 4038 Ingredere,
2272 3984 2331 4022 ut
2364 3977 2486 4024 Geo-
2522 3974 2555 4032 i,
2589 3978 2671 4034 42,
2702 3978 2784 4024 In·

477 4041 626 4088 robur
659 4038 828 4103 populi
863 4037 949 4101 qui
979 4037 1228 4100 antiquam
1250 4037 1490 4100 originem
1511 4038 1599 4086 ha-
1724 4041 1870 4096 εὰν-ε,
1892 4048 1941 4086 σε
1970 4043 2086 4088 votis
2103 4039 2213 4101 jes·
2236 4055 2357 4088 nm
2382 4056 2589 4090 accuses
2620 4044 2788 4090 vomi.

479 4104 575 4152 bet.
1698 4102 1859 4166 ncipe,
1882 4103 2075 4166 suscipe
2096 4118 2216 4152 rem.

542 4165 831 4217 504—507.
883 4169 986 4214 Hoc
1025 4183 1180 4228 caupo
1215 4167 1470 4224 δεικτικοῖς,
1510 4165 1603 4214 etsi
1733 4167 2005 4218 515-517.
2056 4167 2285 4216 Proeelsri
2324 4183 2497 4218 versus
2532 4168 2791 4219 sententiis

477 4231 630 4280 oculis
667 4230 882 4295 prospici
915 4245 1014 4278 non
1053 4239 1282 4294 poterant
1315 4241 1476 4279 eastra
1511 4232 1605 4279 sub
1669 4239 1721 4279 et
1747 4231 1922 4280 verbis.
1980 4232 2239 4281 Maronem
2260 4231 2425 4282 mirati
2446 4242 2565 4282 mut
2594 4243 2645 4282 et
2676 4231 2784 4282 imi-

477 4295 616 4343 (ζει-ο
637 4295 808 4344 locata.
855 4297 1006 4358 Regni
1026 4311 1259 4350 σον-Μαι
1289 4310 1472 4344 novum
1491 4295 1601 4354 hoc,
1669 4294 1757 4344 tati
1786 4296 1839 4344 in
1860 4296 1953 4344 hoc
1974 4295 2082 4346 loeo
2100 4296 2265 4346 Valet.
2290 4295 2364 4345 ΓΙ.
2388 4297 2421 4356 i.
2446 4299 2543 4348 269
2564 4313 2667 4361 sqq.
2708 4296 2786 4345 Si-

477 4358 566 4406 sed
589 4357 789 4415 dicum,
813 4367 870 4406 ut
899 4362 1032 4421 regni
1062 4363 1292 4421 insigns'u
1327 4369 1379 4408 et
1407 4361 1599 4422 subjec-
1666 4359 1763 4408 lius
1784 4359 1847 4418 iv,
1872 4362 1985 4419 430,
2008 4363 2118 4410 431.

479 4431 582 4470 tum
603 4421 696 4470 hoc
729 4420 874 4480 idem,
898 4431 1127 4486 tanquam
1152 4439 1322 4487 genus,
1343 4439 1599 4474 enumera·
1732 4426 1842 4481 518,
1874 4425 1983 4474 519.
2023 4424 2419 4490 Quadringento-
2451 4426 2641 4489 equites
2676 4425 2787 4476 mit-
