3050 4934
490 249 614 314 138
1307 240 1977 309 GEORGICON

739 398 1003 463 Rursus
1032 420 1189 462 cura
1218 406 1479 481 patrum
1504 395 1768 471 cadere,
1797 403 1866 457 et
1895 391 2250 456 succedere
2279 400 2558 455 matrum

655 500 911 584 Incipit.
1004 499 1277 565 Exactis
1308 498 1598 582 gravidae
1627 518 1828 579 quum
1855 493 2187 557 mensibus
2217 503 2464 569 errant,

490 602 613 665 140
656 600 813 665 Non
840 600 981 665 illas
1012 601 1320 685 gravibus
1352 600 1696 682 quisquam
1715 598 1880 679 juga
1907 596 2152 660 ducere
2181 593 2516 678 plaustris,

655 703 813 767 Non
844 702 1013 767 saltu
1044 723 1357 786 superare
1388 702 1554 765 viam
1584 702 1668 764 sit
1694 720 1954 783 passuS,
1987 708 2056 761 et
2082 697 2218 760 acri

653 804 943 888 Carpere
976 814 1165 888 prata
1192 801 1371 886 fuga,
1403 801 1766 883 fluviosque
1797 801 2022 863 innare
2052 818 2348 881 rapaces.

655 906 945 971 Saltibus
974 908 1041 969 in
1070 908 1290 969 vacuis
1322 914 1618 989 pascant,
1651 913 1719 967 et
1749 901 1942 986 plena
1973 900 2332 965 secundum

653 1007 984 1084 Flumina3
1028 1029 1292 1071 muscus
1321 1007 1458 1083 ubi,
1491 1016 1560 1069 et
1587 1004 1972 1067 viridissima
2001 1002 2288 1085 gramine
2319 1000 2486 1084 ripa,
2589 1000 2592 1005 ’

485 1110 608 1173 145
651 1108 1125 1193 Speluncaeque
1155 1118 1401 1191 tegant,
1430 1117 1498 1169 et
1531 1127 1730 1169 saxea
1759 1104 2080 1188 procubet
2110 1102 2359 1165 umbra.

653 1211 782 1275 Est
808 1210 991 1274 lucos
1022 1209 1213 1273 Silari
1242 1210 1415 1272 circa
1442 1207 1825 1289 ilicibusque
1855 1206 2166 1268 virentem

653 1310 981 1375 Plurimus
1011 1308 1383 1373 Alburnum
1412 1306 1711 1382 volitanS,
1745 1306 1850 1369 cui
1879 1325 2112 1368 nomen
2143 1303 2306 1367 asilo

652 1410 1022 1475 Romanum
1051 1421 1177 1485 est,
1209 1420 1483 1474 oestrum
1512 1407 1703 1471 Graii
1729 1417 1982 1470 vertere
2013 1414 2359 1481 vocantes3

650 1511 895 1596 Asper,
930 1512 1167 1575 acerba
1196 1532 1473 1587 sonant-33
1518 1530 1652 1592 quo
1681 1518 1822 1587 tota
1849 1506 2164 1571 exterrita
2196 1505 2368 1569 silvis
2429 1508 2444 1525 ⁰

484 1614 608 1679 150
652 1612 1031 1697 Diffugiunt
1057 1622 1383 1689 armenta3
1430 1611 1589 1675 furit
1617 1610 1971 1693 mugitibus
2003 1606 2210 1671 aether

652 1715 1053 1792 Concussu8‚
1088 1714 1393 1797 silvaeque
1422 1723 1491 1777 et
1521 1713 1674 1776 sicci
1704 1712 1850 1795 ripa
1878 1709 2193 1793 Tanagri.

650 1817 804 1882 Hoc
832 1817 1161 1901 quondam
1188 1826 1480 1879 monstro
1508 1812 1855 1876 horribiles
1885 1811 2180 1875 exercuit
2207 1810 2338 1873 iras

656 1918 940 1983 Inachiae
970 1917 1149 1981 Juno
1180 1926 1433 2001 pestem
1458 1915 1770 1979 meditata
1789 1915 2110 1997 juvencae.

476 2118 566 2167 pro
597 2102 707 2165 ipsa
738 2115 793 2148 re
824 2115 921 2162 qua
941 2098 1049 2173 quis
1080 2098 1248 2157 utitur,
1273 2097 1489 2159 adeoque
1512 2112 1603 2160 pro
1667 2095 1746 2152 sit,
1782 2095 1994 2143 maxime
2031 2102 2196 2143 tamen
2229 2095 2283 2143 in
2319 2094 2456 2143 silvis
2489 2095 2670 2144 montis
2703 2096 2794 2143 Al-

476 2175 652 2213 natura
673 2174 724 2212 et
754 2162 1039 2212 habitudine
1070 2162 1156 2221 rei,
1181 2170 1420 2224 quatenus
1452 2176 1512 2209 ea
1543 2159 1604 2208 ad
1667 2159 1827 2216 burni,
1865 2162 2009 2220 Juxta
2044 2158 2270 2217 Silarum,
2314 2157 2546 2207 Lucaniae
2575 2158 2796 2218 fluvium,

475 2239 666 2277 cermm
708 2242 852 2277 usum
896 2226 1073 2275 idonea
1114 2234 1203 2284 est,
1250 2225 1443 2274 dicitur.
1520 2224 1604 2273 Sic
1668 2224 1754 2285 qui
1788 2224 2068 2286 Tanagrum
2099 2223 2292 2287 recipit,
2325 2222 2556 2285 frequens
2579 2238 2686 2272 esse
2713 2239 2794 2271 so-

475 2309 626 2358 supra
663 2292 716 2350 ii,
759 2291 870 2349 466,
910 2307 1020 2339 um
1058 2293 1165 2339 olivi
1202 2306 1293 2355 pro
1333 2291 1453 2338 oleo.
1537 2288 1606 2337 Et
1668 2288 1763 2343 let;
1801 2286 1930 2335 unde
1952 2289 2014 2336 ab
2035 2287 2114 2335 his
2140 2287 2260 2337 locis
2283 2302 2314 2336 a
2369 2297 2478 2335 oeta
2505 2287 2792 2337 declaratur.

474 2357 606 2421 apud
629 2358 753 2405 Hor.
779 2354 872 2403 Od.
896 2353 967 2413 iii,
994 2356 1035 2411 1,
1060 2356 1139 2411 42,
1161 2370 1475 2416 purpurarum
1494 2370 1604 2402 usus
1669 2351 1953 2400 Etiamnum
1991 2366 2073 2400 eas
2111 2360 2266 2401 terras
2306 2367 2334 2400 a
2403 2350 2538 2401 asilis
2571 2350 2797 2401 infestari

473 2437 567 2485 pro
598 2435 819 2497 purpura
839 2434 934 2482 qua
956 2419 1064 2482 quis
1087 2418 1254 2467 utitur.
1326 2418 1437 2467 Hoc
1470 2418 1602 2466 idem
1667 2416 1857 2474 docent,
1879 2415 1962 2479 qui
1985 2415 2046 2464 de
2077 2416 2139 2464 iis
2161 2416 2281 2464 locis
2299 2424 2453 2480 agunt
2469 2425 2554 2464 aut
2575 2426 2792 2464 narrant.

472 2486 769 2561 exprimitur
791 2484 945 2533 altero
966 2484 1207 2532 membro:
1237 2499 1294 2531 ne
1316 2485 1463 2541 luxus,
1486 2482 1599 2531 lux-
1667 2482 1761 2529 Est
1799 2490 1964 2529 autem
2006 2482 2164 2538 asilus,
2207 2490 2324 2529 noto
2367 2480 2497 2529 inter
2541 2481 2794 2529 Romano·

474 2564 643 2599 umus
664 2548 925 2614 pinguedo,
950 2550 1134 2597 oblinet
1160 2550 1307 2595 σιῑοοε
1324 2552 1521 2605 'inerte-5,
1549 2548 1598 2595 h.
1665 2544 1878 2603 nomine,
1895 2545 2068 2593 Graeco
2085 2542 2273 2607 οἶστρος
2289 2544 2473 2593 dictus:
2499 2544 2596 2593 vid.
2613 2544 2792 2608 Odyss-

472 2630 538 2663 ne
578 2630 651 2663 eoe
688 2622 854 2678 partes
894 2612 1065 2674 (talem
1110 2610 1280 2659 eadem
1318 2612 1604 2675 metaphora
1667 2628 1720 2671 χ,
1748 2610 1858 2657 300.

472 2678 702 2743 appellat,
736 2692 845 2740 qua,
872 2676 1143 2725 seeundum
1174 2677 1372 2723 Graecos
1398 2675 1481 2737 qui
1514 2675 1597 2723 αὖ·
1737 2674 1842 2724 147.
1886 2674 2106 2731 Velitum,
2129 2674 2177 2721 h.
2203 2689 2244 2721 e.
2277 2673 2533 2731 insectum,
2557 2688 2586 2721 e
2617 2688 2804 2739 vespa·⁴

472 2750 613 2792 mas
648 2742 835 2799 dixere,
872 2744 977 2803 jam
1019 2739 1277 2789 Lucretius
1316 2748 1423 2787 erat
1464 2754 1597 2797 usus,
1665 2752 1774 2787 rum
1807 2752 1987 2800 genere
2021 2738 2137 2800 (nec
2167 2737 2375 2787 multum
2405 2739 2467 2787 ab
2489 2754 2548 2786 eo
2570 2737 2796 2787 diversus

550 2813 782 2919 ms
810 2802 1602 2917 mame...
1663 2800 1813 2914 ..a
2113 2805 2309 2915 2053*
2347 2802 2479 2915 ηεξ
2499 2802 2796 2915 essm

470 2942 531 2982 ut
552 2884 1078 2997 celeriter’cgncffiant
1096 2932 1360 2995 genitalem
1382 2901 1566 2980 auram.
1665 2930 1786 2978 asilo
1815 2900 2031 2994 puitax'nt),
2045 2882 2172 2979 ’silue
2205 2929 2508 2994 proboscide,
2541 2882 2796 2981 atgooepssuer:

540 2998 810 3047 las-156.
851 2997 1142 3047 Admissura
1170 2996 1297 3045 facta
1327 2994 1600 3045 admissarii
1665 3009 1754 3043 seu
1775 2994 1964 3059 spiculo
1995 2994 2048 3043 in
2077 2994 2234 3044 cauda
2261 2994 2555 3053 acutissimo,
2578 3010 2678 3058 quo
2697 3010 2796 3045 ova

471 3076 536 3137 ne
567 3062 801 3125 liguntur,
826 3070 877 3109 et
909 3069 1011 3109 tota
1042 3076 1160 3108 cura
1192 3060 1245 3107 in
1275 3068 1455 3108 matres
1485 3074 1597 3123 gra-
1663 3058 1796 3107 intra
1815 3067 1978 3108 cutem
1999 3068 2330 3109 armentorum
2351 3058 2577 3108 demittit.

469 3140 521 3175 u
547 3124 1003 3238 13903ἳὲἷάἯῶ
1048 3188 1221 3237 vicinat
1262 3188 1425 3252 partui
1464 3198 1596 3245 sunt,
1661 3187 1720 3245 si,
1733 3124 2796 3245 legnanzerfevgdffiznleffeffimuffiom

468 3256 645 3303 erac&
668 3254 877 3316 gravido
898 3256 1125 3301 aiensibus
1150 3260 1323 3301 errant.
1391 3252 1598 3316 Proprie
1661 3266 1871 3301 versum.
1929 3252 2236 3301 Monendum
2259 3260 2390 3308 eretz
2419 3268 2534 3301 nam
2555 3262 2790 3315 argutan-

460 3319 693 3379 plmutm,
728 3317 975 3366 ducunmr
1004 3333 1035 3366 a
1066 3319 1220 3367 bobus
1248 3319 1371 3379 jugo
1396 3316 1595 3378 junctis.
1663 3315 1818 3365 turin
1839 3316 1932 3364 hoc
1944 3317 2048 3377 iam
2069 3325 2260 3365 veteres
2279 3316 2597 3379 grammatici.

469 3381 569 3429 Sed
580 3380 773 3447 poetica
785 3380 911 3430 ratio
919 3380 1167 3444 vulgarem
1180 3381 1395 3431 invertit.
1424 3382 1594 3434 Quan-
1731 3381 1838 3428 149.
1873 3383 2038 3441 Asper,
2067 3380 2344 3438 iracundus,
2379 3380 2462 3443 qui
2497 3380 2641 3430 facile
2669 3396 2792 3429 exa-

469 3460 617 3508 quam
654 3460 773 3494 vero
811 3444 943 3495 idem
980 3454 1279 3512 praeceptum
1320 3443 1382 3493 ad
1421 3459 1596 3507 equam
1661 3445 1900 3493 cer-batur.
1988 3448 2172 3493 Acerba
2223 3462 2402 3502 mans,
2449 3460 2542 3509 pro
2584 3446 2788 3502 παι-δε,

468 3508 718 3573 quadrigis
754 3526 845 3559 seu
878 3509 1005 3573 bigis
1029 3510 1332 3573 ¹iungendam
1364 3507 1595 3573 pertinet,
1661 3508 1812 3556 edens
1843 3509 2028 3557 alarum
2053 3508 2348 3559 membranis
2379 3508 2594 3559 sonitum
2621 3518 2672 3557 et
2703 3525 2790 3559 su·

467 3574 739 3649 orationem
770 3584 934 3625 tamen
961 3584 1120 3649 poeta,
1145 3582 1201 3621 ut
1230 3573 1399 3632 variet,
1422 3572 1487 3621 ad
1506 3588 1594 3636 ge-
1660 3586 1854 3621 surrum
1885 3572 2242 3635 gravissimum.
2310 3573 2392 3622 Ex
2415 3574 2610 3623 Lucret.
2635 3588 2681 3633 v,
2705 3575 2790 3631 34,

468 3654 563 3689 nus
585 3639 820 3691 bovinum
850 3654 1005 3703 magis
1030 3637 1258 3689 deflectit.
1326 3640 1442 3687 Acri
1453 3636 1595 3700 fuga,
1660 3636 1744 3687 ubi
1792 3636 2125 3701 Hesperidum
2177 3636 2306 3687 mala
2358 3652 2573 3697 servans,
2618 3640 2792 3699 Asper,

467 3703 616 3751 celeri
656 3718 815 3751 cursu.
896 3706 1097 3765 Garpm
1128 3710 1274 3764 prata
1296 3701 1435 3763 suga,
1473 3702 1592 3750 duc-
1660 3704 1828 3749 acerba
1851 3710 1996 3759 tuens,
2021 3705 2207 3751 immani
2237 3718 2420 3764 corpore
2439 3718 2650 3764 serpena:
2686 3702 2788 3751 vid.

468 3774 574 3817 tum
596 3768 657 3815 ab
679 3781 753 3823 eo,
777 3766 907 3828 quod
942 3783 1127 3829 carpere
1156 3770 1293 3823 viana,
1320 3768 1489 3827 spacia,
1512 3766 1590 3813 di-
1659 3766 1774 3815 AEn.
1799 3764 1867 3824 ix,
1893 3764 2003 3817 794.

466 3830 636 3889 cimur,
660 3830 778 3879 dum
809 3829 1015 3892 singulis
1048 3828 1298 3893 gressibus
1318 3828 1502 3891 aliquid
1528 3829 1592 3877 de
1727 3832 1833 3889 1⁵0,
1875 3832 1979 3879 151.
2025 3832 2167 3879 Furit
2196 3834 2354 3888 aether,
2387 3840 2586 3880 resonat
2613 3846 2670 3881 re
2761 3858 2787 3873 -

468 3895 627 3959 spatio
646 3892 941 3958 decerpitur,
964 3894 1191 3957 carpitur.
1657 3908 1828 3942 cussus
1871 3894 2120 3943 furentum
2175 3894 2381 3958 mugitu.
2465 3895 2621 3954 Alias,
2749 3896 2790 3945 't

534 3960 643 4033 148,
676 3960 781 4035 ¹4⁴?
820 3960 977 4007 Saltus
996 3961 1143 4015 vacui,
1177 3957 1231 4006 in
1262 3957 1439 4033 quibus
1458 3956 1590 4032 apiae,
1657 3957 1886 4032 mugitus·
1913 3974 2002 4021 per
2033 3959 2286 4036 induerem.
2355 3961 2513 4009 Siccus
2556 3962 2786 4023 Tan-ager,

465 4030 1589 4150 ffiffl1m’0fflff.ffi2wjawzflssss
1654 4020 2610 4151 ἳᾶἒὲἔῖἒὲίΐῖᾋέἳηΐέῗᾱέμπω
2573 4024 2788 4147 εἶξῗῗέ

464 4148 583 4198 dum
604 4166 777 4213 aquam
800 4167 863 4199 ex
884 4151 983 4199 alm
1014 4151 1262 4210 hauriunt,
1293 4151 1465 4200 foetum
1498 4150 1588 4199 eli·
1653 4150 1758 4201 rius
1795 4151 1979 4213 Κρᾶθις,
2017 4166 2094 4215 ap.
2135 4152 2324 4201 Herod.
2365 4168 2408 4209 v,
2446 4154 2524 4201 45.
2591 4154 2788 4204 Habuit

469 4212 600 4261 dant.
1005 4220 1009 4225 ’
1655 4224 1819 4263 autem
1845 4226 1993 4279 poeta
2023 4226 2138 4263 ante
2167 4216 2333 4265 oculos
2367 4216 2573 4265 Homer.
2603 4217 2782 4282 Odyu.

530 4278 798 4327 146—156.
851 4280 1133 4354 Arcendum
1173 4296 1279 4329 esse
1318 4296 1348 4328 a
1385 4278 1588 4342 gravido
1653 4296 1704 4341 χ,
1731 4282 1827 4328 300
1849 4296 1919 4343 sq.
1956 4280 2183 4345 Apollon.
2207 4280 2240 4338 i,
2270 4280 2394 4329 1265
2417 4296 2520 4344 sqq.

462 4356 637 4417 pecore
672 4346 839 4417 afilem
872 4354 955 4417 ait,
998 4344 1082 4407 qui
1126 4361 1237 4394 cum
1272 4345 1325 4393 in
1361 4343 1588 4393 omnibus
1723 4346 1828 4401 152,
1859 4346 1964 4394 158.
1999 4346 2102 4394 Hoc
2123 4352 2333 4402 monstro,
2357 4346 2450 4395 hoe
2471 4344 2608 4402 asilo,
2632 4360 2782 4408 quem

460 4422 667 4468 pascuis,
692 4422 917 4470 mptum·
938 4408 990 4456 ia
1012 4408 1167 4472 pratis
1187 4408 1395 4471 aquosis,
1415 4408 1586 4459 obvius
1651 4408 1868 4467 immisit,
1910 4410 2144 4459 Inachiam
2178 4410 2438 4472 juvencam,
2483 4406 2556 4468 10,
2604 4410 2780 4459 Inachi
