3050 4934
1202 249 1544 316 LIBER
1592 251 1774 315 XII.

2507 256 2635 317 635

490 392 803 474 Pectora;
850 419 1022 462 nunc
1053 401 1205 463 totis
1235 402 1301 463 in
1329 399 1596 463 vulnera
1625 401 1869 463 viribus
1899 400 2050 463 itur.

484 493 873 560 Murranum
900 498 1028 574 hic,
1062 509 1285 563 atavos
1315 511 1383 564 et
1412 522 1678 564 avorum
1707 501 1975 582 antiqua
1989 509 2342 563 'sonantem

313 591 443 654 530
484 591 790 671 Nomina,
822 617 943 679 per
970 619 1291 682 regesque
1322 611 1538 663 actum
1568 621 1776 681 genus
1807 621 1994 662 omne
2029 598 2323 674 Latinos,

486 690 894 778 Praecipitem
925 695 1195 781 scopulo
1224 709 1421 781 atque
1450 699 1732 780 ingentis
1763 699 2020 761 turbine
2053 701 2196 762 saxi

484 791 780 870 Excutit,
811 795 1220 881 effunditque
1252 797 1425 861 solo:
1474 797 1650 860 hunc
1677 796 1818 860 lora
1845 807 1914 860 et
1933 799 2096 881 juga
2127 801 2356 864 subter

483 891 875 960 Provolvere
905 908 1104 974 rotae3
1151 897 1384 961 crebro
1414 919 1614 981 super
1639 896 1882 981 ungula
1913 896 2106 980 pulsu

482 991 711 1069 Incita,
740 1015 861 1058 nec
890 997 1129 1060 domini
1158 1018 1535 1073 memorum,
1566 997 1902 1080 proculcat
1929 1019 2264 1080 equorum.

312 1091 439 1154 535
482 1091 599 1156 Ille
630 1095 843 1158 ruenti
872 1095 1097 1178 Hylle,
1130 1098 1487 1181 animisque
1516 1099 1790 1161 immane
1820 1097 2141 1174 frementi,

482 1191 812 1270 Occurrit,
843 1194 1171 1279 telumque
1201 1207 1430 1262 aurata
1460 1197 1548 1262 ad
1575 1208 1870 1280 tempora
1899 1208 2196 1280 torquet:

481 1291 617 1355 Olli
644 1314 763 1376 per
794 1294 1044 1378 galeam
1070 1296 1207 1360 fixo
1238 1299 1419 1360 stetit
1446 1295 1638 1360 hasta
1667 1299 1958 1362 cerebro.

482 1391 779 1456 Dextera
808 1415 928 1457 nec
958 1405 1071 1458 tua
1098 1405 1187 1471 te,
1222 1395 1496 1460 Graium
1512 1395 1896 1472 fortissime,
1929 1397 2196 1473 Creteu,

482 1490 747 1574 Eripuit
774 1493 1040 1557 Turno:
1087 1517 1207 1560 nec
1238 1495 1311 1559 di
1338 1506 1564 1559 texere
1597 1495 2000 1579 Cupencum,

310 1590 439 1653 540
486 1591 695 1654 AEnea
724 1594 1043 1670 veniente,
1076 1593 1211 1671 sui3
1258 1596 1442 1658 dedit
1472 1596 1663 1659 obvia
1693 1595 1869 1658 ferro

482 1691 797 1769 Pectora3
844 1715 964 1757 nec
992 1695 1229 1757 misero
1259 1693 1449 1778 clipei
1477 1717 1662 1758 mora
1689 1694 1936 1777 profuit
1965 1698 2140 1759 aerei.

479 1791 581 1855 Te
614 1814 873 1875 quoque
907 1793 1273 1857 Laurentes
1302 1795 1628 1869 viderunt,
1663 1793 1879 1870 AEole,
1911 1797 2120 1878 campi

481 1889 846 1972 Oppetere,
876 1902 945 1954 et
973 1890 1103 1956 late
1134 1903 1375 1956 terram
1404 1902 1823 1956 consternere
1855 1903 2080 1976 terg03

478 1989 769 2066 Occidis,
802 1990 1069 2075 Argivae
1100 2014 1293 2074 quem
1323 2014 1453 2056 non
1484 2002 1758 2076 potuere
1775 1981 2148 2082 ‘phalanges

310 2089 436 2151 545
482 2087 813 2165 Sternere,
842 2112 964 2155 nec
997 2090 1237 2156 Priami
1266 2113 1615 2175 regnorum
1644 2113 1910 2155 eversor
1938 2091 2266 2155 Achilles:

477 2188 608 2252 Hic
638 2191 758 2252 tibi
784 2192 1009 2254 mortis
1040 2203 1227 2256 erant
1254 2203 1480 2268 metae3
1526 2192 1760 2255 domus
1789 2191 1919 2254 alta
1955 2193 2079 2255 sub
2111 2191 2267 2268 Ida3

480 2288 789 2370 Lyrnessi
820 2289 1049 2353 domus
1082 2290 1232 2367 alta,
1266 2291 1403 2354 solo
1437 2290 1767 2354 Laurente
1801 2291 2236 2373 sepulchrum.

478 2387 672 2451 Totae
700 2389 867 2452 adeo
898 2410 1225 2453 conversae
1254 2391 1448 2466 acieS,
1481 2411 1834 2471 omnesque
1865 2389 2107 2465 Latini,

481 2486 729 2551 Omnes
763 2487 1200 2552 Dardanidae:
1250 2489 1666 2564 Mnestheus,
1699 2509 1978 2571 acerque
2009 2488 2338 2566 Serestus,

308 2587 435 2649 550
482 2585 573 2649 Et
604 2585 957 2670 Messapus
986 2587 1223 2671 equfim
1253 2590 1553 2663 domitor,
1585 2599 1654 2652 et
1683 2587 1868 2652 fortis
1899 2588 2162 2672 Asylas,

477 2685 973 2769 Tuscorumque
1004 2686 1312 2770 phalanx,
1346 2687 1768 2771 Evandrique
1797 2688 2096 2752 Arcades
2127 2687 2270 2754 aloe.

478 2784 610 2848 Pro
638 2808 707 2849 se
738 2787 1036 2869 quisque,
1068 2787 1187 2849 viri
1216 2809 1463 2850 summa
1489 2789 1784 2852 nituntur
1815 2810 2012 2870 opum
2039 2789 2122 2852 vi.

478 2884 623 2948 Nec
650 2907 854 2961 mora,
886 2907 1007 2949 nec
1034 2888 1329 2968 requies;
1376 2897 1562 2950 vasto
1591 2889 1938 2951 certamine
1965 2888 2266 2952 tendunt.
2292 2923 2311 2934 ·

562 2983 693 3048 Hic
720 2996 997 3049 mentem
1025 2985 1261 3050 AEneae
1289 2987 1588 3069 genetrix
1621 2985 2051 3069 pulcherrima
2075 2989 2271 3065 misit,

306 3157 604 3197 cxaestuante
636 3149 724 3205 ira,
747 3165 892 3212 quam
914 3149 997 3197 vix
1030 3150 1281 3197 continere
1314 3166 1425 3212 pos-

307 3221 435 3260 amt-

374 3275 642 3322 529—584.
678 3277 787 3332 Hic,
808 3275 991 3324 AEneas
1012 3289 1120 3323 esse
1142 3275 1299 3331 debet,
1318 3289 1430 3322 nam

308 3338 541 3386 Latinum
574 3337 774 3386 occidit:
811 3348 862 3385 et
894 3339 953 3385 cf.
991 3338 1077 3385 inf.
1111 3355 1154 3385 v.
1180 3339 1289 3385 6:38.
1347 3341 1427 3385 So·-

304 3409 488 3449 naneem
508 3402 556 3448 h.
581 3409 873 3464 crepantem,
891 3404 1170 3462 potantem,
1193 3401 1344 3454 dixin
1373 3408 1431 3448 ut

306 3465 427 3512 alias
480 3481 639 3512 sonare
697 3473 773 3512 est
830 3465 978 3526 loqui,
1034 3477 1424 3512 commemorare.

308 3531 491 3584 Actum,
558 3537 797 3586 exactum,
854 3529 1067 3584 ductum,
1131 3528 1425 3591 procedentis

306 3605 476 3639 omnes
500 3593 605 3652 eius
639 3595 845 3652 majores
878 3593 1015 3654 regia
1038 3592 1233 3640 firmant
1266 3589 1425 3653 digni-

308 3663 421 3702 tate.
480 3657 680 3702 Turbine
716 3655 857 3702 docte
893 3671 983 3718 pro
1012 3657 1161 3718 Jactni,
1196 3654 1283 3702 sed
1315 3669 1427 3701 cum

306 3717 565 3766 rotationis
597 3717 859 3765 notatione.
910 3718 1199 3765 Provolutus
1237 3717 1319 3764 ille
1352 3725 1429 3764 est

308 3781 475 3828 subter
526 3795 750 3834 ωτι-ωας
809 3781 1071 3844 impeditus
1126 3779 1330 3827 habenis
1377 3787 1428 3826 et

306 3843 441 3891 rotis.
502 3844 580 3891 Ita
602 3847 701 3891 lom
722 3851 773 3891 et
793 3851 905 3891 νοω
939 3859 1053 3891 eum
1081 3843 1427 3906 provolverunt

304 3907 472 3954 subter
500 3909 633 3968 jug-a,
662 3921 873 3954 currum.
931 3906 1067 3968 Equi
1098 3922 1179 3954 nee
1214 3921 1427 3952 memores

303 3972 475 4017 donnini
493 3970 554 4017 ad
578 3969 937 4018 miserationem
961 3969 1077 4017 dicti
1100 3977 1228 4016 sunt.

371 4033 642 4080 685-639.
696 4034 798 4088 me,
841 4033 1049 4080 Turnus.
1125 4034 1309 4079 Aurata
1363 4033 1429 4078 ad

304 4104 521 4156 tempora,
562 4104 731 4143 aurata
771 4095 909 4158 galea
948 4103 1087 4142 tecta.
1156 4098 1274 4142 Fixa
1306 4094 1355 4141 h.
1393 4093 1425 4140 1.

307 4159 553 4206 transfixo.
610 4161 835 4206 Graecum
858 4160 1033 4206 Cretes
1055 4167 1173 4232 puta
1190 4157 1341 4205 fixisse
1362 4169 1427 4204 ex

304 4221 592 4270 Arcadibus.
658 4225 747 4270 Dii
772 4225 846 4270 nui
868 4237 905 4270 s.
940 4220 1156 4284 propitii,
1192 4231 1248 4267 ut
1280 4219 1425 4273 alibi3

306 4300 407 4342 seu,
452 4300 657 4348 quorum
700 4286 754 4332 in
789 4285 943 4332 tutela
984 4293 1113 4338 (ει-αις
1160 4297 1263 4339 seu,
1300 4281 1428 4344 quod

304 4348 537 4410 suspicari
559 4348 687 4404 licet,
712 4348 841 4410 quod
862 4347 945 4396 illc
966 4347 1191 4396 ”cordos
1211 4355 1329 4392 erat.

1560 3151 1833 3197 542—545.
1869 3151 2042 3198 AEolus
2076 3167 2140 3199 ex
2161 3153 2407 3214 Lyrnesso
2443 3153 2617 3216 Mysia

1495 3215 1586 3258 sub
1627 3212 1731 3268 Ida,
1767 3227 1863 3273 qua
1899 3223 2038 3274 parte
2072 3224 2242 3276 postea
2281 3215 2440 3264 AEolis
2479 3215 2614 3278 regio

1496 3274 1682 3336 patuit:
1709 3283 1767 3322 ut
1781 3273 2003 3323 videatur
2024 3287 2166 3337 poeta
2187 3277 2396 3325 fabulam
2417 3278 2612 3340 ignora-

1498 3349 1598 3384 tam
1639 3337 1787 3385 etiam
1819 3338 1868 3384 h.
1894 3337 1925 3384 L
1965 3352 2072 3386 esse
2105 3351 2312 3388 secutus.
2371 3341 2452 3386 Ex
2489 3341 2612 3403 Lyr-

1494 3400 2598 3515 “ww-,mmm

1494 3527 1574 3574 vel
1596 3525 1800 3589 τίκμαρς
1817 3497 2074 3588 ‘quatenus
2095 3499 2206 3588 ipsos
2224 3543 2354 3575 mors
2372 3542 2462 3590 pro
2484 3499 2616 3577 meu:

1494 3599 1582 3637 est.
1640 3590 1779 3636 Alias
1801 3589 1947 3637 etiam
1969 3593 2076 3637 vita
2109 3598 2228 3637 meta
2261 3599 2394 3638 recte
2417 3590 2610 3639 dicitur.

1490 3655 1588 3702 Hic
1623 3656 1710 3700 tibi
1744 3656 1902 3700 mortis
1937 3661 2072 3700 erant
2104 3661 2246 3700 neta.
2318 3655 2616 3718 comparant

1490 3716 1702 3764 colorem
1743 3714 1974 3764 orationis
2007 3731 2119 3763 cum
2157 3715 2294 3764 Iliad.
2341 3734 2387 3774 η,
2425 3719 2530 3774 104,
2571 3735 2614 3774 v,

1492 3779 1602 3826 890.
1660 3778 1758 3826 Sed
1792 3777 1988 3841 proprie
2025 3779 2120 3826 huc
2157 3789 2346 3842 spectat
2384 3779 2532 3828 Iliad,
2563 3797 2613 3837 π,

1491 3840 1602 3897 787,
1627 3840 1718 3890 ἔνθ’
1754 3841 1845 3904 ἄρα
1872 3859 1962 3897 τοι,
1996 3839 2260 3902 Πάτροκλε,
2285 3839 2411 3904 φάνη
2433 3841 2615 3897 βιότοιο

1485 3903 1706 3961 τελευτή.
1767 3907 2000 3952 Conversa
2029 3905 2078 3952 h.
2101 3905 2132 3952 1.
2166 3903 2296 3952 inter
2327 3921 2380 3954 se
2402 3905 2462 3953 ad
2487 3919 2612 3968 pug-

1488 3968 1796 4078 naggzmilic
1810 4037 2000 4078 mentem
2015 4034 2154 4088 misit,
2173 4030 2430 4080 consilium
2447 4030 2612 4079 immi·

1492 4093 1571 4152 sit,
1611 4093 1790 4141 indidit
1812 4094 2008 4142 Venus:
2057 4097 2378 4154 pulcherrima,
2420 4104 2612 4142 tantum

1490 4171 1670 4204 ornans
1711 4157 1975 4219 epitheton.
2033 4157 2094 4204 In
2126 4172 2228 4218 sqq.
2263 4171 2373 4205 cum
2394 4159 2496 4216 jam
2519 4173 2608 4206 no-

1490 4219 1689 4266 vissima
1711 4219 1860 4267 totius
1882 4219 1997 4267 belli
2019 4229 2070 4267 et
2089 4219 2318 4268 carminis
2349 4229 2611 4282 parentum

1492 4281 1766 4392 3332?
1781 4282 2612 4408 jffjiff‘gessfffffiffifflggt
