<?xml version="1.0" encoding="UTF-8"?>
<!DOCTYPE html PUBLIC "-//W3C//DTD XHTML 1.0 Transitional//EN"
    "http://www.w3.org/TR/xhtml1/DTD/xhtml1-transitional.dtd">
<html xmlns="http://www.w3.org/1999/xhtml" xml:lang="en" lang="en">
 <head>
  <title>
</title>
<meta http-equiv="Content-Type" content="text/html;charset=utf-8" />
  <meta name='ocr-system' content='tesseract 3.04.00' />
  <meta name='ocr-capabilities' content='ocr_page ocr_carea ocr_par ocr_line ocrx_word'/>
</head>
<body>
  <div class='ocr_page' id='page_1' title='image "./publiivirgiliim00unkngoog_0119.png"; bbox 0 0 3050 4934; ppageno 0'>
   <div class='ocr_carea' id='block_1_1' title="bbox 467 230 591 296">
    <p class='ocr_par' dir='ltr' id='par_1_1' title="bbox 467 230 591 296">
     <span class='ocr_line' id='line_1_1' title="bbox 467 230 591 296; baseline 0 0"><span class='ocrx_word' id='word_1_1' title='bbox 467 230 591 296; x_wconf 86' lang='lat'>108</span> 
     </span>
    </p>
   </div>
   <div class='ocr_carea' id='block_1_2' title="bbox 1293 220 1964 288">
    <p class='ocr_par' dir='ltr' id='par_1_2' title="bbox 1293 220 1964 288">
     <span class='ocr_line' id='line_1_2' title="bbox 1293 220 1964 288; baseline -0.006 0"><span class='ocrx_word' id='word_1_2' title='bbox 1293 220 1964 288; x_wconf 88' lang='lat' dir='ltr'>GEORGICON</span> 
     </span>
    </p>
   </div>
   <div class='ocr_carea' id='block_1_3' title="bbox 460 367 2525 1772">
    <p class='ocr_par' dir='ltr' id='par_1_3' title="bbox 460 367 2525 1772">
     <span class='ocr_line' id='line_1_3' title="bbox 635 367 2462 463; baseline -0.007 -20"><span class='ocrx_word' id='word_1_3' title='bbox 635 379 730 443; x_wconf 87' lang='lat' dir='ltr'>Et</span> <span class='ocrx_word' id='word_1_4' title='bbox 756 378 901 463; x_wconf 90' lang='lat' dir='ltr'>quis</span> <span class='ocrx_word' id='word_1_5' title='bbox 930 377 1035 442; x_wconf 87' lang='lat' dir='ltr'>cui</span> <span class='ocrx_word' id='word_1_6' title='bbox 1066 374 1264 441; x_wconf 89' lang='lat' dir='ltr'>color.</span> <span class='ocrx_word' id='word_1_7' title='bbox 1342 372 1437 437; x_wconf 87' lang='lat' dir='ltr'>At</span> <span class='ocrx_word' id='word_1_8' title='bbox 1468 371 1854 437; x_wconf 87' lang='lat' dir='ltr'>sceleratum</span> <span class='ocrx_word' id='word_1_9' title='bbox 1881 370 2228 455; x_wconf 80' lang='lat' dir='ltr'><strong>exquirere</strong></span> <span class='ocrx_word' id='word_1_10' title='bbox 2255 367 2462 453; x_wconf 81' lang='lat' dir='ltr'>frigus</span> 
     </span>
     <span class='ocr_line' id='line_1_4' title="bbox 634 474 2256 561; baseline -0.006 -17"><span class='ocrx_word' id='word_1_11' title='bbox 634 477 917 544; x_wconf 87' lang='lat' dir='ltr'>Difficile</span> <span class='ocrx_word' id='word_1_12' title='bbox 948 489 1087 543; x_wconf 85' lang='lat' dir='ltr'>est:</span> <span class='ocrx_word' id='word_1_13' title='bbox 1132 477 1338 561; x_wconf 83' lang='lat' dir='ltr'>piceae</span> <span class='ocrx_word' id='word_1_14' title='bbox 1366 484 1618 539; x_wconf 81' lang='lat' dir='ltr'>tantum</span> <span class='ocrx_word' id='word_1_15' title='bbox 1647 474 1913 557; x_wconf 79' lang='lat' dir='ltr'><strong>taxique</strong></span> <span class='ocrx_word' id='word_1_16' title='bbox 1943 480 2256 537; x_wconf 72' lang='lat' dir='ltr'><strong>nocentes</strong></span> 
     </span>
     <span class='ocr_line' id='line_1_5' title="bbox 634 573 2310 661; baseline -0.007 -15"><span class='ocrx_word' id='word_1_17' title='bbox 634 580 993 657; x_wconf 82' lang='lat' dir='ltr'><strong>Interdum,</strong></span> <span class='ocrx_word' id='word_1_18' title='bbox 1025 590 1139 643; x_wconf 86' lang='lat' dir='ltr'>aut</span> <span class='ocrx_word' id='word_1_19' title='bbox 1166 578 1433 642; x_wconf 84' lang='lat' dir='ltr'>hederae</span> <span class='ocrx_word' id='word_1_20' title='bbox 1458 576 1758 661; x_wconf 86' lang='lat' dir='ltr'>pandunt</span> <span class='ocrx_word' id='word_1_21' title='bbox 1785 573 2060 657; x_wconf 82' lang='lat' dir='ltr'>vestigia</span> <span class='ocrx_word' id='word_1_22' title='bbox 2087 574 2310 656; x_wconf 81' lang='lat' dir='ltr'>nigrae.</span> 
     </span>
     <span class='ocr_line' id='line_1_6' title="bbox 718 674 2398 754; baseline -0.006 -9"><span class='ocrx_word' id='word_1_23' title='bbox 718 682 847 745; x_wconf 81' lang='lat' dir='ltr'>His</span> <span class='ocrx_word' id='word_1_24' title='bbox 877 679 1363 754; x_wconf 79' lang='lat' dir='ltr'>animadversiS‚</span> <span class='ocrx_word' id='word_1_25' title='bbox 1394 688 1636 741; x_wconf 87' lang='lat' dir='ltr'>terram</span> <span class='ocrx_word' id='word_1_26' title='bbox 1663 674 1870 740; x_wconf 83' lang='lat' dir='ltr'>multo</span> <span class='ocrx_word' id='word_1_27' title='bbox 1895 686 2046 739; x_wconf 75' lang='lat' dir='ltr'>ante</span> <span class='ocrx_word' id='word_1_28' title='bbox 2075 682 2398 738; x_wconf 88' lang='lat' dir='ltr'>memento</span> 
     </span>
     <span class='ocr_line' id='line_1_7' title="bbox 460 776 2506 866; baseline -0.005 -19"><span class='ocrx_word' id='word_1_29' title='bbox 460 784 592 847; x_wconf 76' lang='lat'>260</span> <span class='ocrx_word' id='word_1_30' title='bbox 635 782 1053 866; x_wconf 87' lang='lat' dir='ltr'>Excoquere,</span> <span class='ocrx_word' id='word_1_31' title='bbox 1084 790 1153 844; x_wconf 87' lang='lat' dir='ltr'>et</span> <span class='ocrx_word' id='word_1_32' title='bbox 1180 800 1449 863; x_wconf 87' lang='lat' dir='ltr'>magnos</span> <span class='ocrx_word' id='word_1_33' title='bbox 1481 778 1826 842; x_wconf 81' lang='lat' dir='ltr'><strong>scrobibus</strong></span> <span class='ocrx_word' id='word_1_34' title='bbox 1855 776 2200 841; x_wconf 84' lang='lat' dir='ltr'>concidere</span> <span class='ocrx_word' id='word_1_35' title='bbox 2229 784 2506 849; x_wconf 87' lang='lat' dir='ltr'>montes,</span> 
     </span>
     <span class='ocr_line' id='line_1_8' title="bbox 632 877 2148 967; baseline -0.004 -20"><span class='ocrx_word' id='word_1_36' title='bbox 632 882 811 948; x_wconf 88' lang='lat' dir='ltr'>Ante</span> <span class='ocrx_word' id='word_1_37' title='bbox 844 884 1179 967; x_wconf 80' lang='lat' dir='ltr'>supinatas</span> <span class='ocrx_word' id='word_1_38' title='bbox 1207 878 1491 964; x_wconf 87' lang='lat' dir='ltr'>aquiloni</span> <span class='ocrx_word' id='word_1_39' title='bbox 1520 879 1868 943; x_wconf 83' lang='lat' dir='ltr'>ostendere</span> <span class='ocrx_word' id='word_1_40' title='bbox 1898 877 2148 963; x_wconf 86' lang='lat' dir='ltr'>glebas,</span> 
     </span>
     <span class='ocr_line' id='line_1_9' title="bbox 634 976 2418 1064; baseline -0.005 -15"><span class='ocrx_word' id='word_1_41' title='bbox 634 985 853 1059; x_wconf 86' lang='lat' dir='ltr'>Quam</span> <span class='ocrx_word' id='word_1_42' title='bbox 878 984 1099 1048; x_wconf 85' lang='lat' dir='ltr'>laetum</span> <span class='ocrx_word' id='word_1_43' title='bbox 1126 982 1405 1047; x_wconf 77' lang='lat' dir='ltr'>infodias</span> <span class='ocrx_word' id='word_1_44' title='bbox 1436 982 1582 1045; x_wconf 83' lang='lat' dir='ltr'>vitis</span> <span class='ocrx_word' id='word_1_45' title='bbox 1613 1002 1844 1064; x_wconf 88' lang='lat' dir='ltr'>genus.</span> <span class='ocrx_word' id='word_1_46' title='bbox 1922 979 2216 1063; x_wconf 81' lang='lat' dir='ltr'><strong>Optuma</strong></span> <span class='ocrx_word' id='word_1_47' title='bbox 2239 976 2418 1061; x_wconf 88' lang='lat' dir='ltr'>putri</span> 
     </span>
     <span class='ocr_line' id='line_1_10' title="bbox 632 1080 2300 1165; baseline -0.005 -15"><span class='ocrx_word' id='word_1_48' title='bbox 632 1084 818 1150; x_wconf 85' lang='lat' dir='ltr'>Arva</span> <span class='ocrx_word' id='word_1_49' title='bbox 846 1085 1021 1149; x_wconf 81' lang='lat' dir='ltr'>solo:</span> <span class='ocrx_word' id='word_1_50' title='bbox 1066 1085 1135 1148; x_wconf 90' lang='lat' dir='ltr'>id</span> <span class='ocrx_word' id='word_1_51' title='bbox 1166 1083 1343 1147; x_wconf 81' lang='lat' dir='ltr'>venti</span> <span class='ocrx_word' id='word_1_52' title='bbox 1370 1092 1604 1146; x_wconf 86' lang='lat' dir='ltr'>curant</span> <span class='ocrx_word' id='word_1_53' title='bbox 1632 1081 1994 1165; x_wconf 80' lang='lat' dir='ltr'>gelidaeque</span> <span class='ocrx_word' id='word_1_54' title='bbox 2023 1080 2300 1163; x_wconf 85' lang='lat' dir='ltr'>pruinae,</span> 
     </span>
     <span class='ocr_line' id='line_1_11' title="bbox 634 1180 2244 1265; baseline -0.004 -15"><span class='ocrx_word' id='word_1_55' title='bbox 634 1186 728 1251; x_wconf 82' lang='lat' dir='ltr'>Et</span> <span class='ocrx_word' id='word_1_56' title='bbox 756 1185 1081 1251; x_wconf 82' lang='lat' dir='ltr'>labefacta</span> <span class='ocrx_word' id='word_1_57' title='bbox 1112 1205 1375 1248; x_wconf 78' lang='lat' dir='ltr'>movens</span> <span class='ocrx_word' id='word_1_58' title='bbox 1406 1184 1716 1246; x_wconf 88' lang='lat' dir='ltr'>robustus</span> <span class='ocrx_word' id='word_1_59' title='bbox 1738 1182 1978 1265; x_wconf 85' lang='lat' dir='ltr'>jugera</span> <span class='ocrx_word' id='word_1_60' title='bbox 2006 1180 2244 1245; x_wconf 84' lang='lat' dir='ltr'>fossor.</span> 
     </span>
     <span class='ocr_line' id='line_1_12' title="bbox 460 1281 2200 1371; baseline -0.004 -18"><span class='ocrx_word' id='word_1_61' title='bbox 460 1288 589 1353; x_wconf 73' lang='lat'>265</span> <span class='ocrx_word' id='word_1_62' title='bbox 634 1286 752 1365; x_wconf 88' lang='lat' dir='ltr'>At,</span> <span class='ocrx_word' id='word_1_63' title='bbox 786 1287 841 1351; x_wconf 88' lang='lat' dir='ltr'>si</span> <span class='ocrx_word' id='word_1_64' title='bbox 870 1308 1035 1371; x_wconf 88' lang='lat' dir='ltr'>quos</span> <span class='ocrx_word' id='word_1_65' title='bbox 1067 1285 1247 1349; x_wconf 87' lang='lat' dir='ltr'>haud</span> <span class='ocrx_word' id='word_1_66' title='bbox 1274 1283 1406 1347; x_wconf 87' lang='lat' dir='ltr'>ulla</span> <span class='ocrx_word' id='word_1_67' title='bbox 1433 1284 1606 1346; x_wconf 80' lang='lat' dir='ltr'>viros</span> <span class='ocrx_word' id='word_1_68' title='bbox 1637 1282 1964 1366; x_wconf 87' lang='lat' dir='ltr'>vigilantia</span> <span class='ocrx_word' id='word_1_69' title='bbox 1995 1281 2200 1365; x_wconf 57' lang='lat' dir='ltr'>fugin</span> 
     </span>
     <span class='ocr_line' id='line_1_13' title="bbox 633 1384 2525 1473; baseline -0.003 -21"><span class='ocrx_word' id='word_1_70' title='bbox 633 1386 811 1453; x_wconf 84' lang='lat' dir='ltr'>Ante</span> <span class='ocrx_word' id='word_1_71' title='bbox 839 1386 1053 1455; x_wconf 88' lang='lat' dir='ltr'>locum</span> <span class='ocrx_word' id='word_1_72' title='bbox 1084 1384 1351 1449; x_wconf 86' lang='lat' dir='ltr'>similem</span> <span class='ocrx_word' id='word_1_73' title='bbox 1378 1384 1754 1467; x_wconf 81' lang='lat' dir='ltr'>exquirunt,</span> <span class='ocrx_word' id='word_1_74' title='bbox 1785 1384 1898 1447; x_wconf 90' lang='lat' dir='ltr'>ubi</span> <span class='ocrx_word' id='word_1_75' title='bbox 1928 1384 2137 1468; x_wconf 86' lang='lat' dir='ltr'>prima</span> <span class='ocrx_word' id='word_1_76' title='bbox 2165 1392 2435 1467; x_wconf 88' lang='lat' dir='ltr'>paretur</span> <span class='ocrx_word' id='word_1_77' title='bbox 2512 1466 2525 1473; x_wconf 42' lang='grc'>-</span> 
     </span>
     <span class='ocr_line' id='line_1_14' title="bbox 632 1482 2290 1571; baseline -0.005 -17"><span class='ocrx_word' id='word_1_78' title='bbox 632 1488 1003 1553; x_wconf 87' lang='lat' dir='ltr'>Arboribus</span> <span class='ocrx_word' id='word_1_79' title='bbox 1036 1508 1248 1571; x_wconf 85' lang='lat' dir='ltr'>seges,</span> <span class='ocrx_word' id='word_1_80' title='bbox 1280 1494 1349 1549; x_wconf 86' lang='lat' dir='ltr'>et</span> <span class='ocrx_word' id='word_1_81' title='bbox 1378 1507 1510 1569; x_wconf 89' lang='lat' dir='ltr'>quo</span> <span class='ocrx_word' id='word_1_82' title='bbox 1539 1506 1693 1548; x_wconf 81' lang='lat' dir='ltr'>mox</span> <span class='ocrx_word' id='word_1_83' title='bbox 1721 1486 1976 1567; x_wconf 85' lang='lat' dir='ltr'>digesta</span> <span class='ocrx_word' id='word_1_84' title='bbox 2005 1482 2290 1561; x_wconf 82' lang='lat' dir='ltr'>feratur3</span> 
     </span>
     <span class='ocr_line' id='line_1_15' title="bbox 632 1587 2240 1672; baseline -0.006 -16"><span class='ocrx_word' id='word_1_85' title='bbox 632 1591 960 1656; x_wconf 83' lang='lat' dir='ltr'>Mutatam</span> <span class='ocrx_word' id='word_1_86' title='bbox 987 1591 1291 1672; x_wconf 86' lang='lat' dir='ltr'>ignorent</span> <span class='ocrx_word' id='word_1_87' title='bbox 1321 1588 1540 1651; x_wconf 90' lang='lat' dir='ltr'>subito</span> <span class='ocrx_word' id='word_1_88' title='bbox 1565 1608 1648 1650; x_wconf 90' lang='lat' dir='ltr'>ne</span> <span class='ocrx_word' id='word_1_89' title='bbox 1681 1587 1924 1649; x_wconf 89' lang='lat' dir='ltr'>semina</span> <span class='ocrx_word' id='word_1_90' title='bbox 1949 1596 2240 1648; x_wconf 88' lang='lat' dir='ltr'>matrem.</span> 
     </span>
     <span class='ocr_line' id='line_1_16' title="bbox 634 1686 2258 1772; baseline -0.006 -15"><span class='ocrx_word' id='word_1_91' title='bbox 634 1692 815 1766; x_wconf 81' lang='lat' dir='ltr'>Quin</span> <span class='ocrx_word' id='word_1_92' title='bbox 839 1692 1035 1755; x_wconf 84' lang='lat' dir='ltr'>etiam</span> <span class='ocrx_word' id='word_1_93' title='bbox 1062 1688 1211 1754; x_wconf 86' lang='lat' dir='ltr'>coeli</span> <span class='ocrx_word' id='word_1_94' title='bbox 1238 1688 1572 1772; x_wconf 87' lang='lat' dir='ltr'>regionem</span> <span class='ocrx_word' id='word_1_95' title='bbox 1599 1688 1665 1750; x_wconf 92' lang='lat' dir='ltr'>in</span> <span class='ocrx_word' id='word_1_96' title='bbox 1695 1686 1934 1751; x_wconf 85' lang='lat' dir='ltr'>cortice</span> <span class='ocrx_word' id='word_1_97' title='bbox 1965 1686 2258 1769; x_wconf 79' lang='lat' dir='ltr'>signant3</span> 
     </span>
    </p>
   </div>
   <div class='ocr_carea' id='block_1_4' title="bbox 458 1887 1584 2014">
    <p class='ocr_par' dir='ltr' id='par_1_4' title="bbox 458 1887 1584 2014">
     <span class='ocr_line' id='line_1_17' title="bbox 522 1887 1583 1952; baseline -0.008 -12"><span class='ocrx_word' id='word_1_98' title='bbox 522 1892 797 1941; x_wconf 75' lang='lat'><strong>256—258.</strong></span> <span class='ocrx_word' id='word_1_99' title='bbox 833 1888 1035 1952; x_wconf 74' lang='lat' dir='ltr'>Frigida</span> <span class='ocrx_word' id='word_1_100' title='bbox 1055 1896 1185 1937; x_wconf 80' lang='lat' dir='ltr'>terra</span> <span class='ocrx_word' id='word_1_101' title='bbox 1204 1887 1267 1937; x_wconf 86' lang='lat' dir='ltr'>ad</span> <span class='ocrx_word' id='word_1_102' title='bbox 1286 1900 1583 1949; x_wconf 80' lang='lat' dir='ltr'>cognoscen-</span> 
     </span>
     <span class='ocr_line' id='line_1_18' title="bbox 458 1950 1584 2014; baseline -0.008 -9"><span class='ocrx_word' id='word_1_103' title='bbox 458 1956 577 2005; x_wconf 87' lang='lat' dir='ltr'>dum</span> <span class='ocrx_word' id='word_1_104' title='bbox 606 1954 817 2003; x_wconf 73' lang='lat' dir='ltr'>difficilis</span> <span class='ocrx_word' id='word_1_105' title='bbox 848 1962 937 2001; x_wconf 87' lang='lat' dir='ltr'>est.</span> <span class='ocrx_word' id='word_1_106' title='bbox 994 1954 1271 1999; x_wconf 72' lang='lat' dir='ltr'>Scelerattm</span> <span class='ocrx_word' id='word_1_107' title='bbox 1300 1965 1391 2014; x_wconf 84' lang='lat' dir='ltr'>pro</span> <span class='ocrx_word' id='word_1_108' title='bbox 1422 1950 1584 2005; x_wconf 82' lang='lat' dir='ltr'>noxio,</span> 
     </span>
    </p>
   </div>
   <div class='ocr_carea' id='block_1_5' title="bbox 1651 1883 2784 2014">
    <p class='ocr_par' dir='ltr' id='par_1_5' title="bbox 1651 1883 2784 2014">
     <span class='ocr_line' id='line_1_19' title="bbox 1717 1883 2782 1949; baseline 0.003 -18"><span class='ocrx_word' id='word_1_109' title='bbox 1717 1884 1987 1931; x_wconf 60' lang='lat' dir='ltr'>262—26a</span> <span class='ocrx_word' id='word_1_110' title='bbox 2011 1885 2222 1933; x_wconf 84' lang='lat' dir='ltr'>Causam</span> <span class='ocrx_word' id='word_1_111' title='bbox 2234 1883 2474 1947; x_wconf 86' lang='lat' dir='ltr'>coquendi</span> <span class='ocrx_word' id='word_1_112' title='bbox 2489 1884 2582 1933; x_wconf 85' lang='lat' dir='ltr'>soli</span> <span class='ocrx_word' id='word_1_113' title='bbox 2595 1886 2782 1949; x_wconf 84' lang='lat' dir='ltr'>apponi</span> 
     </span>
     <span class='ocr_line' id='line_1_20' title="bbox 1651 1948 2784 2014; baseline 0.002 -17"><span class='ocrx_word' id='word_1_114' title='bbox 1651 1958 1783 2013; x_wconf 82' lang='lat' dir='ltr'>puta.</span> <span class='ocrx_word' id='word_1_115' title='bbox 1837 1950 1968 1997; x_wconf 87' lang='lat' dir='ltr'>Nam</span> <span class='ocrx_word' id='word_1_116' title='bbox 1995 1948 2207 2013; x_wconf 85' lang='lat' dir='ltr'>optimus</span> <span class='ocrx_word' id='word_1_117' title='bbox 2229 1948 2388 1997; x_wconf 82' lang='lat' dir='ltr'>vincis</span> <span class='ocrx_word' id='word_1_118' title='bbox 2411 1950 2632 1998; x_wconf 84' lang='lat' dir='ltr'>serendis</span> <span class='ocrx_word' id='word_1_119' title='bbox 2663 1966 2784 2014; x_wconf 81' lang='lat' dir='ltr'>ager</span> 
     </span>
    </p>
   </div>
   <div class='ocr_carea' id='block_1_6' title="bbox 458 2012 2784 2085">
    <p class='ocr_par' dir='ltr' id='par_1_6' title="bbox 458 2012 2784 2085">
     <span class='ocr_line' id='line_1_21' title="bbox 458 2012 2784 2085; baseline -0.003 -17"><span class='ocrx_word' id='word_1_120' title='bbox 458 2018 748 2085; x_wconf 79' lang='lat' dir='ltr'>pernicioso.</span> <span class='ocrx_word' id='word_1_121' title='bbox 816 2018 996 2065; x_wconf 85' lang='lat' dir='ltr'>Subest</span> <span class='ocrx_word' id='word_1_122' title='bbox 1020 2030 1138 2063; x_wconf 86' lang='lat' dir='ltr'>sane</span> <span class='ocrx_word' id='word_1_123' title='bbox 1164 2014 1301 2062; x_wconf 86' lang='lat' dir='ltr'>notio</span> <span class='ocrx_word' id='word_1_124' title='bbox 1328 2024 1491 2062; x_wconf 84' lang='lat' dir='ltr'>reatus</span> <span class='ocrx_word' id='word_1_125' title='bbox 1522 2028 1587 2060; x_wconf 91' lang='lat' dir='ltr'>ex</span> <span class='ocrx_word' id='word_1_126' title='bbox 1645 2016 1816 2074; x_wconf 70' lang='lat' dir='ltr'>putris,</span> <span class='ocrx_word' id='word_1_127' title='bbox 1848 2028 1934 2061; x_wconf 90' lang='lat' dir='ltr'>seu</span> <span class='ocrx_word' id='word_1_128' title='bbox 1963 2012 2206 2061; x_wconf 86' lang='lat' dir='ltr'>resolutus</span> <span class='ocrx_word' id='word_1_129' title='bbox 2239 2023 2290 2060; x_wconf 91' lang='lat' dir='ltr'>et</span> <span class='ocrx_word' id='word_1_130' title='bbox 2317 2022 2459 2061; x_wconf 87' lang='lat' dir='ltr'>tener</span> <span class='ocrx_word' id='word_1_131' title='bbox 2491 2022 2592 2069; x_wconf 76' lang='lat' dir='ltr'>est3</span> <span class='ocrx_word' id='word_1_132' title='bbox 2621 2020 2784 2075; x_wconf 73' lang='lat' dir='ltr'>putris</span> 
     </span>
    </p>
   </div>
   <div class='ocr_carea' id='block_1_7' title="bbox 441 2076 1590 4447">
    <p class='ocr_par' dir='ltr' id='par_1_7' title="bbox 453 2076 1590 2974">
     <span class='ocr_line' id='line_1_22' title="bbox 458 2076 1585 2145; baseline -0.006 -14"><span class='ocrx_word' id='word_1_133' title='bbox 458 2083 657 2139; x_wconf 80' lang='lat' dir='ltr'>scelere,</span> <span class='ocrx_word' id='word_1_134' title='bbox 678 2081 811 2129; x_wconf 81' lang='lat' dir='ltr'>caede</span> <span class='ocrx_word' id='word_1_135' title='bbox 834 2090 886 2128; x_wconf 87' lang='lat' dir='ltr'>et</span> <span class='ocrx_word' id='word_1_136' title='bbox 905 2080 975 2129; x_wconf 84' lang='lat' dir='ltr'>sic</span> <span class='ocrx_word' id='word_1_137' title='bbox 997 2094 1171 2145; x_wconf 87' lang='lat' dir='ltr'>porro:</span> <span class='ocrx_word' id='word_1_138' title='bbox 1206 2094 1392 2135; x_wconf 83' lang='lat' dir='ltr'>verum,</span> <span class='ocrx_word' id='word_1_139' title='bbox 1414 2076 1500 2125; x_wconf 88' lang='lat' dir='ltr'>ubi</span> <span class='ocrx_word' id='word_1_140' title='bbox 1521 2077 1585 2125; x_wconf 87' lang='lat' dir='ltr'>de</span> 
     </span>
     <span class='ocr_line' id='line_1_23' title="bbox 456 2142 1585 2211; baseline -0.005 -16"><span class='ocrx_word' id='word_1_141' title='bbox 456 2155 605 2211; x_wconf 88' lang='lat' dir='ltr'>poeta</span> <span class='ocrx_word' id='word_1_142' title='bbox 638 2154 689 2193; x_wconf 86' lang='lat' dir='ltr'>et</span> <span class='ocrx_word' id='word_1_143' title='bbox 718 2144 780 2193; x_wconf 89' lang='lat' dir='ltr'>de</span> <span class='ocrx_word' id='word_1_144' title='bbox 814 2143 1032 2208; x_wconf 85' lang='lat' dir='ltr'>epitheto</span> <span class='ocrx_word' id='word_1_145' title='bbox 1061 2142 1306 2205; x_wconf 81' lang='lat' dir='ltr'>quaeritur,</span> <span class='ocrx_word' id='word_1_146' title='bbox 1338 2142 1391 2188; x_wconf 90' lang='lat' dir='ltr'>in</span> <span class='ocrx_word' id='word_1_147' title='bbox 1423 2151 1585 2205; x_wconf 87' lang='lat' dir='ltr'>etymo</span> 
     </span>
     <span class='ocr_line' id='line_1_24' title="bbox 456 2205 1585 2268; baseline -0.005 -9"><span class='ocrx_word' id='word_1_148' title='bbox 456 2226 559 2259; x_wconf 84' lang='lat' dir='ltr'>non</span> <span class='ocrx_word' id='word_1_149' title='bbox 592 2209 711 2257; x_wconf 85' lang='lat' dir='ltr'>licet</span> <span class='ocrx_word' id='word_1_150' title='bbox 738 2208 940 2265; x_wconf 80' lang='lat' dir='ltr'>haerere,</span> <span class='ocrx_word' id='word_1_151' title='bbox 975 2208 1045 2255; x_wconf 84' lang='lat' dir='ltr'>ita</span> <span class='ocrx_word' id='word_1_152' title='bbox 1076 2216 1132 2254; x_wconf 86' lang='lat' dir='ltr'>ut</span> <span class='ocrx_word' id='word_1_153' title='bbox 1170 2207 1236 2255; x_wconf 82' lang='lat' dir='ltr'>sit</span> <span class='ocrx_word' id='word_1_154' title='bbox 1266 2206 1423 2255; x_wconf 86' lang='lat' dir='ltr'>solum</span> <span class='ocrx_word' id='word_1_155' title='bbox 1456 2205 1585 2268; x_wconf 87' lang='lat' dir='ltr'>quod</span> 
     </span>
     <span class='ocr_line' id='line_1_25' title="bbox 459 2270 1583 2333; baseline -0.006 -9"><span class='ocrx_word' id='word_1_156' title='bbox 459 2283 644 2323; x_wconf 85' lang='lat' dir='ltr'>enecat.</span> <span class='ocrx_word' id='word_1_157' title='bbox 696 2276 816 2321; x_wconf 67' lang='lat' dir='ltr'>Tan·</span> <span class='ocrx_word' id='word_1_158' title='bbox 828 2280 914 2321; x_wconf 85' lang='lat' dir='ltr'>aut</span> <span class='ocrx_word' id='word_1_159' title='bbox 928 2280 1117 2320; x_wconf 83' lang='lat' dir='ltr'>certum</span> <span class='ocrx_word' id='word_1_160' title='bbox 1132 2285 1289 2333; x_wconf 74' lang='lat' dir='ltr'>genus</span> <span class='ocrx_word' id='word_1_161' title='bbox 1304 2270 1583 2333; x_wconf 79' lang='lat' dir='ltr'>intelligen-</span> 
     </span>
     <span class='ocr_line' id='line_1_26' title="bbox 456 2334 1590 2398; baseline -0.005 -11"><span class='ocrx_word' id='word_1_162' title='bbox 456 2336 590 2396; x_wconf 85' lang='lat' dir='ltr'>dum,</span> <span class='ocrx_word' id='word_1_163' title='bbox 609 2344 695 2385; x_wconf 87' lang='lat' dir='ltr'>aut</span> <span class='ocrx_word' id='word_1_164' title='bbox 715 2336 813 2385; x_wconf 88' lang='lat' dir='ltr'>alio</span> <span class='ocrx_word' id='word_1_165' title='bbox 833 2337 925 2385; x_wconf 81' lang='lat' dir='ltr'>sub</span> <span class='ocrx_word' id='word_1_166' title='bbox 944 2336 1067 2383; x_wconf 84' lang='lat' dir='ltr'>coelo</span> <span class='ocrx_word' id='word_1_167' title='bbox 1088 2334 1245 2398; x_wconf 81' lang='lat' dir='ltr'>mag-is</span> <span class='ocrx_word' id='word_1_168' title='bbox 1262 2334 1457 2383; x_wconf 87' lang='lat' dir='ltr'>noxiam</span> <span class='ocrx_word' id='word_1_169' title='bbox 1481 2338 1590 2397; x_wconf 83' lang='lat' dir='ltr'>ejus</span> 
     </span>
     <span class='ocr_line' id='line_1_27' title="bbox 456 2398 1584 2457; baseline -0.004 -6"><span class='ocrx_word' id='word_1_170' title='bbox 456 2411 683 2451; x_wconf 76' lang='lat' dir='ltr'>nami-am</span> <span class='ocrx_word' id='word_1_171' title='bbox 715 2416 823 2449; x_wconf 83' lang='lat' dir='ltr'>esse</span> <span class='ocrx_word' id='word_1_172' title='bbox 854 2414 1055 2449; x_wconf 78' lang='lat' dir='ltr'>necesse</span> <span class='ocrx_word' id='word_1_173' title='bbox 1087 2407 1175 2447; x_wconf 85' lang='lat' dir='ltr'>est.</span> <span class='ocrx_word' id='word_1_174' title='bbox 1246 2400 1325 2447; x_wconf 91' lang='lat' dir='ltr'>De</span> <span class='ocrx_word' id='word_1_175' title='bbox 1358 2414 1430 2457; x_wconf 82' lang='lat' dir='ltr'>ea,</span> <span class='ocrx_word' id='word_1_176' title='bbox 1462 2398 1584 2447; x_wconf 87' lang='lat' dir='ltr'>item</span> 
     </span>
     <span class='ocr_line' id='line_1_28' title="bbox 455 2462 1580 2527; baseline -0.004 -12"><span class='ocrx_word' id='word_1_177' title='bbox 455 2466 519 2515; x_wconf 87' lang='lat' dir='ltr'>de</span> <span class='ocrx_word' id='word_1_178' title='bbox 528 2468 697 2514; x_wconf 76' lang='lat' dir='ltr'>hedera</span> <span class='ocrx_word' id='word_1_179' title='bbox 709 2469 860 2527; x_wconf 71' lang='lat' dir='ltr'>nigra,</span> <span class='ocrx_word' id='word_1_180' title='bbox 869 2464 1023 2513; x_wconf 83' lang='lat' dir='ltr'>multa</span> <span class='ocrx_word' id='word_1_181' title='bbox 1035 2464 1141 2513; x_wconf 90' lang='lat' dir='ltr'>loca</span> <span class='ocrx_word' id='word_1_182' title='bbox 1153 2462 1398 2527; x_wconf 78' lang='lat' dir='ltr'>congessit</span> <span class='ocrx_word' id='word_1_183' title='bbox 1406 2463 1580 2511; x_wconf 82' lang='lat' dir='ltr'>Cerda.</span> 
     </span>
     <span class='ocr_line' id='line_1_29' title="bbox 454 2527 1584 2593; baseline -0.004 -13"><span class='ocrx_word' id='word_1_184' title='bbox 454 2534 675 2580; x_wconf 69' lang='lat' dir='ltr'>Pau-anne</span> <span class='ocrx_word' id='word_1_185' title='bbox 695 2533 905 2591; x_wconf 61' lang='lat' dir='ltr'>mugio,</span> <span class='ocrx_word' id='word_1_186' title='bbox 927 2527 1109 2577; x_wconf 80' lang='lat' dir='ltr'>indicia</span> <span class='ocrx_word' id='word_1_187' title='bbox 1130 2530 1353 2593; x_wconf 79' lang='lat' dir='ltr'>praebent</span> <span class='ocrx_word' id='word_1_188' title='bbox 1372 2527 1584 2590; x_wconf 78' lang='lat' dir='ltr'>frigoris.</span> 
     </span>
     <span class='ocr_line' id='line_1_30' title="bbox 456 2592 1584 2655; baseline -0.004 -12"><span class='ocrx_word' id='word_1_189' title='bbox 456 2594 573 2643; x_wconf 72' lang='lat' dir='ltr'>Nisi</span> <span class='ocrx_word' id='word_1_190' title='bbox 603 2593 665 2642; x_wconf 82' lang='lat' dir='ltr'>ad</span> <span class='ocrx_word' id='word_1_191' title='bbox 690 2592 879 2641; x_wconf 81' lang='lat' dir='ltr'>radices</span> <span class='ocrx_word' id='word_1_192' title='bbox 908 2593 1105 2649; x_wconf 73' lang='lat' dir='ltr'>referas,</span> <span class='ocrx_word' id='word_1_193' title='bbox 1129 2592 1305 2655; x_wconf 85' lang='lat' dir='ltr'>quibus</span> <span class='ocrx_word' id='word_1_194' title='bbox 1334 2592 1437 2640; x_wconf 86' lang='lat' dir='ltr'>solo</span> <span class='ocrx_word' id='word_1_195' title='bbox 1468 2601 1584 2640; x_wconf 88' lang='lat' dir='ltr'>sunt</span> 
     </span>
     <span class='ocr_line' id='line_1_31' title="bbox 454 2654 1580 2719; baseline -0.004 -12"><span class='ocrx_word' id='word_1_196' title='bbox 454 2659 625 2715; x_wconf 66' lang='lat' dir='ltr'>affixa,</span> <span class='ocrx_word' id='word_1_197' title='bbox 646 2665 705 2704; x_wconf 85' lang='lat' dir='ltr'>ut</span> <span class='ocrx_word' id='word_1_198' title='bbox 724 2656 847 2704; x_wconf 88' lang='lat' dir='ltr'>adeo</span> <span class='ocrx_word' id='word_1_199' title='bbox 862 2654 1045 2703; x_wconf 84' lang='lat' dir='ltr'>dictum</span> <span class='ocrx_word' id='word_1_200' title='bbox 1068 2656 1135 2703; x_wconf 85' lang='lat' dir='ltr'>sit</span> <span class='ocrx_word' id='word_1_201' title='bbox 1152 2671 1243 2719; x_wconf 88' lang='lat' dir='ltr'>pro</span> <span class='ocrx_word' id='word_1_202' title='bbox 1264 2656 1358 2703; x_wconf 87' lang='lat' dir='ltr'>sim</span> <span class='ocrx_word' id='word_1_203' title='bbox 1392 2655 1490 2714; x_wconf 85' lang='lat' dir='ltr'>lici,</span> <span class='ocrx_word' id='word_1_204' title='bbox 1510 2655 1580 2703; x_wconf 87' lang='lat' dir='ltr'>ibi</span> 
     </span>
     <span class='ocr_line' id='line_1_32' title="bbox 453 2720 1584 2783; baseline -0.004 -12"><span class='ocrx_word' id='word_1_205' title='bbox 453 2728 694 2771; x_wconf 83' lang='lat' dir='ltr'>crescunt.</span> <span class='ocrx_word' id='word_1_206' title='bbox 774 2720 961 2767; x_wconf 84' lang='lat' dir='ltr'>Verum</span> <span class='ocrx_word' id='word_1_207' title='bbox 1014 2728 1171 2783; x_wconf 76' lang='lat' dir='ltr'>poetae</span> <span class='ocrx_word' id='word_1_208' title='bbox 1224 2720 1355 2768; x_wconf 72' lang='lat' dir='ltr'>cons·</span> <span class='ocrx_word' id='word_1_209' title='bbox 1382 2720 1481 2767; x_wconf 83' lang='lat' dir='ltr'>‘um</span> <span class='ocrx_word' id='word_1_210' title='bbox 1531 2728 1584 2767; x_wconf 82' lang='lat' dir='ltr'>et</span> 
     </span>
     <span class='ocr_line' id='line_1_33' title="bbox 456 2782 1580 2847; baseline -0.003 -13"><span class='ocrx_word' id='word_1_211' title='bbox 456 2784 715 2835; x_wconf 66' lang='lat' dir='ltr'>sententia!</span> <span class='ocrx_word' id='word_1_212' title='bbox 732 2791 873 2832; x_wconf 88' lang='lat' dir='ltr'>tenor</span> <span class='ocrx_word' id='word_1_213' title='bbox 890 2782 1087 2831; x_wconf 82' lang='lat' dir='ltr'>firmant</span> <span class='ocrx_word' id='word_1_214' title='bbox 1104 2784 1315 2845; x_wconf 79' lang='lat' dir='ltr'>priorem</span> <span class='ocrx_word' id='word_1_215' title='bbox 1336 2784 1580 2847; x_wconf 86' lang='lat' dir='ltr'>interpre-</span> 
     </span>
     <span class='ocr_line' id='line_1_34' title="bbox 456 2846 1582 2909; baseline -0.003 -11"><span class='ocrx_word' id='word_1_216' title='bbox 456 2849 719 2903; x_wconf 75' lang='lat' dir='ltr'>tationem3</span> <span class='ocrx_word' id='word_1_217' title='bbox 762 2863 877 2896; x_wconf 86' lang='lat' dir='ltr'>nam</span> <span class='ocrx_word' id='word_1_218' title='bbox 912 2846 973 2894; x_wconf 87' lang='lat' dir='ltr'>de</span> <span class='ocrx_word' id='word_1_219' title='bbox 1013 2846 1361 2909; x_wconf 79' lang='lat' dir='ltr'>cognoscendis</span> <span class='ocrx_word' id='word_1_220' title='bbox 1396 2859 1446 2896; x_wconf 92' lang='lat' dir='ltr'>et</span> <span class='ocrx_word' id='word_1_221' title='bbox 1480 2848 1582 2896; x_wconf 81' lang='lat' dir='ltr'>dis-</span> 
     </span>
     <span class='ocr_line' id='line_1_35' title="bbox 456 2910 1143 2974; baseline -0.007 -12"><span class='ocrx_word' id='word_1_222' title='bbox 456 2912 625 2962; x_wconf 86' lang='lat' dir='ltr'>cendis</span> <span class='ocrx_word' id='word_1_223' title='bbox 646 2911 737 2961; x_wconf 83' lang='lat' dir='ltr'>soli</span> <span class='ocrx_word' id='word_1_224' title='bbox 760 2910 948 2959; x_wconf 83' lang='lat' dir='ltr'>naturis</span> <span class='ocrx_word' id='word_1_225' title='bbox 968 2910 1143 2974; x_wconf 78' lang='lat' dir='ltr'>agitur.</span> 
     </span>
    </p>

    <p class='ocr_par' dir='ltr' id='par_1_8' title="bbox 441 2973 1588 4447">
     <span class='ocr_line' id='line_1_36' title="bbox 522 2973 1584 3025; baseline -0.002 0"><span class='ocrx_word' id='word_1_226' title='bbox 522 2978 794 3025; x_wconf 78' lang='lat'>259-262</span> <span class='ocrx_word' id='word_1_227' title='bbox 828 2975 1030 3023; x_wconf 80' lang='lat' dir='ltr'>Transit</span> <span class='ocrx_word' id='word_1_228' title='bbox 1060 2974 1123 3021; x_wconf 85' lang='lat' dir='ltr'>ad</span> <span class='ocrx_word' id='word_1_229' title='bbox 1152 2973 1403 3022; x_wconf 76' lang='lat' dir='ltr'>vinearum</span> <span class='ocrx_word' id='word_1_230' title='bbox 1436 2975 1584 3023; x_wconf 78' lang='lat' dir='ltr'>satio·</span> 
     </span>
     <span class='ocr_line' id='line_1_37' title="bbox 456 3037 1588 3104; baseline -0.003 -14"><span class='ocrx_word' id='word_1_231' title='bbox 456 3056 587 3099; x_wconf 88' lang='lat' dir='ltr'>nem,</span> <span class='ocrx_word' id='word_1_232' title='bbox 602 3041 664 3089; x_wconf 90' lang='lat' dir='ltr'>de</span> <span class='ocrx_word' id='word_1_233' title='bbox 683 3040 859 3104; x_wconf 75' lang='lat' dir='ltr'>quibm</span> <span class='ocrx_word' id='word_1_234' title='bbox 875 3038 1071 3102; x_wconf 82' lang='lat' dir='ltr'>copiose</span> <span class='ocrx_word' id='word_1_235' title='bbox 1091 3037 1193 3100; x_wconf 78' lang='lat' dir='ltr'>agit</span> <span class='ocrx_word' id='word_1_236' title='bbox 1208 3037 1271 3086; x_wconf 89' lang='lat' dir='ltr'>ad</span> <span class='ocrx_word' id='word_1_237' title='bbox 1286 3054 1329 3084; x_wconf 84' lang='lat' dir='ltr'>v.</span> <span class='ocrx_word' id='word_1_238' title='bbox 1344 3038 1467 3093; x_wconf 74' lang='lat'>4193</span> <span class='ocrx_word' id='word_1_239' title='bbox 1494 3040 1588 3087; x_wconf 79' lang='lat' dir='ltr'>etsi</span> 
     </span>
     <span class='ocr_line' id='line_1_38' title="bbox 456 3101 1584 3168; baseline -0.005 -13"><span class='ocrx_word' id='word_1_240' title='bbox 456 3105 611 3155; x_wconf 88' lang='lat' dir='ltr'>multa</span> <span class='ocrx_word' id='word_1_241' title='bbox 640 3103 930 3168; x_wconf 79' lang='lat' dir='ltr'>interposita</span> <span class='ocrx_word' id='word_1_242' title='bbox 958 3112 1087 3161; x_wconf 85' lang='lat' dir='ltr'>sunt,</span> <span class='ocrx_word' id='word_1_243' title='bbox 1110 3118 1220 3163; x_wconf 82' lang='lat' dir='ltr'>quae</span> <span class='ocrx_word' id='word_1_244' title='bbox 1242 3101 1425 3150; x_wconf 82' lang='lat' dir='ltr'>vitibus</span> <span class='ocrx_word' id='word_1_245' title='bbox 1450 3117 1584 3149; x_wconf 87' lang='lat' dir='ltr'>com-</span> 
     </span>
     <span class='ocr_line' id='line_1_39' title="bbox 456 3165 1584 3229; baseline -0.004 -10"><span class='ocrx_word' id='word_1_246' title='bbox 456 3168 626 3219; x_wconf 85' lang='lat' dir='ltr'>munia</span> <span class='ocrx_word' id='word_1_247' title='bbox 654 3176 771 3217; x_wconf 88' lang='lat' dir='ltr'>sunt</span> <span class='ocrx_word' id='word_1_248' title='bbox 800 3182 913 3215; x_wconf 86' lang='lat' dir='ltr'>cum</span> <span class='ocrx_word' id='word_1_249' title='bbox 944 3165 1054 3215; x_wconf 84' lang='lat' dir='ltr'>aliis</span> <span class='ocrx_word' id='word_1_250' title='bbox 1086 3165 1368 3215; x_wconf 79' lang='lat' dir='ltr'>arboribus:</span> <span class='ocrx_word' id='word_1_251' title='bbox 1406 3174 1455 3213; x_wconf 88' lang='lat' dir='ltr'>et</span> <span class='ocrx_word' id='word_1_252' title='bbox 1480 3166 1584 3229; x_wconf 87' lang='lat' dir='ltr'>pri-</span> 
     </span>
     <span class='ocr_line' id='line_1_40' title="bbox 456 3229 1586 3294; baseline -0.004 -12"><span class='ocrx_word' id='word_1_253' title='bbox 456 3248 592 3282; x_wconf 87' lang='lat' dir='ltr'>mum</span> <span class='ocrx_word' id='word_1_254' title='bbox 625 3232 825 3294; x_wconf 87' lang='lat' dir='ltr'>quidem</span> <span class='ocrx_word' id='word_1_255' title='bbox 858 3233 915 3279; x_wconf 76' lang='lat' dir='ltr'>de</span> <span class='ocrx_word' id='word_1_256' title='bbox 933 3229 1167 3293; x_wconf 69' lang='lat' dir='ltr'>faciendis</span> <span class='ocrx_word' id='word_1_257' title='bbox 1198 3233 1431 3278; x_wconf 69' lang='lat' dir='ltr'>scrobibus</span> <span class='ocrx_word' id='word_1_258' title='bbox 1444 3249 1462 3283; x_wconf 82' lang='lat'>,-</span> <span class='ocrx_word' id='word_1_259' title='bbox 1499 3230 1586 3279; x_wconf 89' lang='lat' dir='ltr'>sed</span> 
     </span>
     <span class='ocr_line' id='line_1_41' title="bbox 456 3294 1586 3361; baseline -0.003 -16"><span class='ocrx_word' id='word_1_260' title='bbox 456 3312 601 3361; x_wconf 82' lang='lat' dir='ltr'>quam</span> <span class='ocrx_word' id='word_1_261' title='bbox 674 3296 845 3343; x_wconf 83' lang='lat' dir='ltr'>ulchre</span> <span class='ocrx_word' id='word_1_262' title='bbox 878 3304 931 3343; x_wconf 84' lang='lat' dir='ltr'>et</span> <span class='ocrx_word' id='word_1_263' title='bbox 960 3304 1129 3343; x_wconf 81' lang='lat' dir='ltr'>emate</span> <span class='ocrx_word' id='word_1_264' title='bbox 1162 3294 1255 3342; x_wconf 82' lang='lat' dir='ltr'>hoc</span> <span class='ocrx_word' id='word_1_265' title='bbox 1284 3304 1586 3359; x_wconf 59' lang='lat' dir='ltr'>praeceptum</span> 
     </span>
     <span class='ocr_line' id='line_1_42' title="bbox 455 3358 1584 3423; baseline -0.004 -13"><span class='ocrx_word' id='word_1_266' title='bbox 455 3360 615 3410; x_wconf 81' lang='lat' dir='ltr'>tribus</span> <span class='ocrx_word' id='word_1_267' title='bbox 684 3360 725 3407; x_wconf 84' lang='lat' dir='ltr'>‘s</span> <span class='ocrx_word' id='word_1_268' title='bbox 754 3358 976 3408; x_wconf 78' lang='lat' dir='ltr'>versibus</span> <span class='ocrx_word' id='word_1_269' title='bbox 1009 3360 1263 3407; x_wconf 79' lang='lat'><strong>259—261</strong></span> <span class='ocrx_word' id='word_1_270' title='bbox 1300 3374 1361 3423; x_wconf 87' lang='lat' dir='ltr'>pr</span> <span class='ocrx_word' id='word_1_271' title='bbox 1426 3358 1584 3406; x_wconf 80' lang='lat' dir='ltr'>osuitl</span> 
     </span>
     <span class='ocr_line' id='line_1_43' title="bbox 456 3421 1588 3474; baseline -0.004 0"><span class='ocrx_word' id='word_1_272' title='bbox 456 3424 783 3474; x_wconf 85' lang='lat' dir='ltr'>Serendarum</span> <span class='ocrx_word' id='word_1_273' title='bbox 814 3422 989 3472; x_wconf 79' lang='lat' dir='ltr'>vitium</span> <span class='ocrx_word' id='word_1_274' title='bbox 1022 3431 1123 3471; x_wconf 87' lang='lat' dir='ltr'>tres</span> <span class='ocrx_word' id='word_1_275' title='bbox 1152 3431 1269 3471; x_wconf 76' lang='lat' dir='ltr'>sunt</span> <span class='ocrx_word' id='word_1_276' title='bbox 1300 3438 1349 3471; x_wconf 86' lang='lat' dir='ltr'>m</span> <span class='ocrx_word' id='word_1_277' title='bbox 1414 3421 1458 3469; x_wconf 76' lang='lat' dir='ltr'>i:</span> <span class='ocrx_word' id='word_1_278' title='bbox 1500 3431 1588 3470; x_wconf 87' lang='lat' dir='ltr'>aut</span> 
     </span>
     <span class='ocr_line' id='line_1_44' title="bbox 452 3486 1584 3554; baseline -0.004 -15"><span class='ocrx_word' id='word_1_279' title='bbox 452 3489 507 3539; x_wconf 88' lang='lat' dir='ltr'>in</span> <span class='ocrx_word' id='word_1_280' title='bbox 548 3489 795 3554; x_wconf 72' lang='lat' dir='ltr'>pastinato</span> <span class='ocrx_word' id='word_1_281' title='bbox 832 3488 975 3551; x_wconf 79' lang='lat' dir='ltr'>(agro</span> <span class='ocrx_word' id='word_1_282' title='bbox 1012 3487 1066 3534; x_wconf 86' lang='lat' dir='ltr'>in</span> <span class='ocrx_word' id='word_1_283' title='bbox 1110 3496 1267 3535; x_wconf 84' lang='lat' dir='ltr'>totum</span> <span class='ocrx_word' id='word_1_284' title='bbox 1306 3486 1452 3543; x_wconf 81' lang='lat' dir='ltr'>fosso,</span> <span class='ocrx_word' id='word_1_285' title='bbox 1486 3502 1584 3547; x_wconf 87' lang='lat' dir='ltr'>quo</span> 
     </span>
     <span class='ocr_line' id='line_1_45' title="bbox 452 3549 1581 3611; baseline -0.004 -8"><span class='ocrx_word' id='word_1_286' title='bbox 452 3569 569 3603; x_wconf 83' lang='lat' dir='ltr'>mox</span> <span class='ocrx_word' id='word_1_287' title='bbox 588 3554 883 3603; x_wconf 85' lang='lat' dir='ltr'>ferramento</span> <span class='ocrx_word' id='word_1_288' title='bbox 902 3552 1103 3610; x_wconf 72' lang='lat' dir='ltr'>bifiuco,</span> <span class='ocrx_word' id='word_1_289' title='bbox 1236 3552 1371 3600; x_wconf 88' lang='lat' dir='ltr'>&#39;num</span> <span class='ocrx_word' id='word_1_290' title='bbox 1388 3549 1581 3611; x_wconf 81' lang='lat' dir='ltr'>dicitur,</span> 
     </span>
     <span class='ocr_line' id='line_1_46' title="bbox 450 3616 1584 3683; baseline -0.002 -16"><span class='ocrx_word' id='word_1_291' title='bbox 450 3619 682 3683; x_wconf 79' lang='lat' dir='ltr'>deligitur</span> <span class='ocrx_word' id='word_1_292' title='bbox 719 3616 985 3678; x_wconf 81' lang='lat' dir='ltr'>surculus),</span> <span class='ocrx_word' id='word_1_293' title='bbox 1018 3625 1106 3665; x_wconf 87' lang='lat' dir='ltr'>aut</span> <span class='ocrx_word' id='word_1_294' title='bbox 1138 3632 1192 3664; x_wconf 86' lang='lat' dir='ltr'>m</span> <span class='ocrx_word' id='word_1_295' title='bbox 1232 3616 1368 3665; x_wconf 80' lang='lat' dir='ltr'>sulco</span> <span class='ocrx_word' id='word_1_296' title='bbox 1406 3624 1491 3663; x_wconf 84' lang='lat' dir='ltr'>aut</span> <span class='ocrx_word' id='word_1_297' title='bbox 1531 3616 1584 3665; x_wconf 86' lang='lat' dir='ltr'>in</span> 
     </span>
     <span class='ocr_line' id='line_1_47' title="bbox 450 3678 1581 3744; baseline -0.004 -12"><span class='ocrx_word' id='word_1_298' title='bbox 450 3684 634 3733; x_wconf 81' lang='lat' dir='ltr'>scrobe.</span> <span class='ocrx_word' id='word_1_299' title='bbox 682 3684 945 3744; x_wconf 66' lang='lat' dir='ltr'>&amp;coquere</span> <span class='ocrx_word' id='word_1_300' title='bbox 964 3678 1177 3739; x_wconf 66' lang='grc' dir='ltr'>πέττειν,</span> <span class='ocrx_word' id='word_1_301' title='bbox 1194 3678 1451 3737; x_wconf 65' lang='grc' dir='ltr'>πιπίνειν,</span> <span class='ocrx_word' id='word_1_302' title='bbox 1478 3696 1581 3729; x_wconf 86' lang='lat' dir='ltr'>ma-</span> 
     </span>
     <span class='ocr_line' id='line_1_48' title="bbox 448 3744 1580 3808; baseline -0.004 -12"><span class='ocrx_word' id='word_1_303' title='bbox 448 3762 631 3805; x_wconf 84' lang='lat' dir='ltr'>cerare,</span> <span class='ocrx_word' id='word_1_304' title='bbox 660 3746 879 3808; x_wconf 79' lang='lat' dir='ltr'>adeoque</span> <span class='ocrx_word' id='word_1_305' title='bbox 908 3746 1277 3808; x_wconf 74' lang='lat' dir='ltr'>exoequendum</span> <span class='ocrx_word' id='word_1_306' title='bbox 1306 3745 1439 3802; x_wconf 86' lang='lat' dir='ltr'>dare,</span> <span class='ocrx_word' id='word_1_307' title='bbox 1462 3744 1580 3802; x_wconf 89' lang='lat' dir='ltr'>sole,</span> 
     </span>
     <span class='ocr_line' id='line_1_49' title="bbox 447 3808 1579 3875; baseline -0.004 -14"><span class='ocrx_word' id='word_1_308' title='bbox 447 3812 577 3875; x_wconf 73' lang='lat' dir='ltr'>gelu,</span> <span class='ocrx_word' id='word_1_309' title='bbox 610 3810 829 3875; x_wconf 78' lang='lat' dir='ltr'>pruinis3</span> <span class='ocrx_word' id='word_1_310' title='bbox 884 3818 941 3857; x_wconf 87' lang='lat' dir='ltr'>ut</span> <span class='ocrx_word' id='word_1_311' title='bbox 979 3823 1055 3873; x_wconf 83' lang='lat' dir='ltr'>ap.</span> <span class='ocrx_word' id='word_1_312' title='bbox 1092 3808 1281 3857; x_wconf 88' lang='lat' dir='ltr'>Colum.</span> <span class='ocrx_word' id='word_1_313' title='bbox 1316 3809 1384 3865; x_wconf 85' lang='lat' dir='ltr'>xi,</span> <span class='ocrx_word' id='word_1_314' title='bbox 1418 3810 1465 3865; x_wconf 78' lang='lat'>3,</span> <span class='ocrx_word' id='word_1_315' title='bbox 1505 3811 1579 3856; x_wconf 71' lang='lat'>13.</span> 
     </span>
     <span class='ocr_line' id='line_1_50' title="bbox 446 3871 1582 3929; baseline -0.006 -4"><span class='ocrx_word' id='word_1_316' title='bbox 446 3876 563 3925; x_wconf 81' lang='lat' dir='ltr'>Jam</span> <span class='ocrx_word' id='word_1_317' title='bbox 610 3878 887 3924; x_wconf 71' lang='lat' dir='ltr'>concidimus</span> <span class='ocrx_word' id='word_1_318' title='bbox 938 3882 1116 3921; x_wconf 86' lang='lat' dir='ltr'>terram</span> <span class='ocrx_word' id='word_1_319' title='bbox 1170 3875 1419 3929; x_wconf 70' lang='lat' dir='ltr'>scrobibus,</span> <span class='ocrx_word' id='word_1_320' title='bbox 1462 3871 1582 3920; x_wconf 82' lang='lat' dir='ltr'>dum</span> 
     </span>
     <span class='ocr_line' id='line_1_51' title="bbox 448 3935 1578 3994; baseline -0.004 -7"><span class='ocrx_word' id='word_1_321' title='bbox 448 3941 645 3989; x_wconf 82' lang='lat' dir='ltr'>scrobes</span> <span class='ocrx_word' id='word_1_322' title='bbox 654 3941 851 3988; x_wconf 80' lang='lat' dir='ltr'>crebroe</span> <span class='ocrx_word' id='word_1_323' title='bbox 865 3936 1085 3994; x_wconf 78' lang='lat' dir='ltr'>facimus,</span> <span class='ocrx_word' id='word_1_324' title='bbox 1092 3935 1355 3984; x_wconf 76' lang='lat' dir='ltr'>incidimus</span> <span class='ocrx_word' id='word_1_325' title='bbox 1366 3937 1418 3983; x_wconf 86' lang='lat' dir='ltr'>in</span> <span class='ocrx_word' id='word_1_326' title='bbox 1432 3946 1578 3984; x_wconf 74' lang='lat' dir='ltr'>tetra.</span> 
     </span>
     <span class='ocr_line' id='line_1_52' title="bbox 449 4000 1578 4065; baseline -0.004 -13"><span class='ocrx_word' id='word_1_327' title='bbox 449 4004 577 4051; x_wconf 80' lang='lat' dir='ltr'>Cum</span> <span class='ocrx_word' id='word_1_328' title='bbox 594 4012 757 4052; x_wconf 85' lang='lat' dir='ltr'>autem</span> <span class='ocrx_word' id='word_1_329' title='bbox 770 4003 929 4051; x_wconf 69' lang='lat' dir='ltr'>vinee</span> <span class='ocrx_word' id='word_1_330' title='bbox 946 4000 999 4049; x_wconf 89' lang='lat' dir='ltr'>in</span> <span class='ocrx_word' id='word_1_331' title='bbox 1016 4000 1220 4049; x_wconf 77' lang='lat' dir='ltr'>collibus</span> <span class='ocrx_word' id='word_1_332' title='bbox 1236 4000 1339 4048; x_wconf 84' lang='lat' dir='ltr'>fere</span> <span class='ocrx_word' id='word_1_333' title='bbox 1350 4000 1578 4065; x_wconf 84' lang='lat' dir='ltr'>planten-</span> 
     </span>
     <span class='ocr_line' id='line_1_53' title="bbox 446 4068 1578 4131; baseline -0.004 -15"><span class='ocrx_word' id='word_1_334' title='bbox 446 4075 723 4123; x_wconf 68' lang='lat' dir='ltr'>tur,noutu</span> <span class='ocrx_word' id='word_1_335' title='bbox 732 4077 969 4116; x_wconf 86' lang='lat' dir='ltr'>memorat</span> <span class='ocrx_word' id='word_1_336' title='bbox 980 4074 1138 4131; x_wconf 80' lang='lat' dir='ltr'>poeta.</span> <span class='ocrx_word' id='word_1_337' title='bbox 1168 4068 1322 4114; x_wconf 74' lang='lat' dir='ltr'>Geebae</span> <span class='ocrx_word' id='word_1_338' title='bbox 1334 4069 1578 4127; x_wconf 68' lang='lat' dir='ltr'>supinate,</span> 
     </span>
     <span class='ocr_line' id='line_1_54' title="bbox 448 4130 1576 4193; baseline -0.002 -14"><span class='ocrx_word' id='word_1_339' title='bbox 448 4140 579 4179; x_wconf 73' lang='lat' dir='ltr'>terra</span> <span class='ocrx_word' id='word_1_340' title='bbox 616 4130 860 4193; x_wconf 72' lang='lat' dir='ltr'>ligonibus</span> <span class='ocrx_word' id='word_1_341' title='bbox 898 4130 1105 4180; x_wconf 77' lang='lat' dir='ltr'>inversa.</span> <span class='ocrx_word' id='word_1_342' title='bbox 1171 4132 1391 4193; x_wconf 70' lang='lat' dir='ltr'>Aquiloni</span> <span class='ocrx_word' id='word_1_343' title='bbox 1428 4138 1576 4178; x_wconf 71' lang='lat' dir='ltr'>osten-</span> 
     </span>
     <span class='ocr_line' id='line_1_55' title="bbox 448 4194 1576 4259; baseline 0 -16"><span class='ocrx_word' id='word_1_344' title='bbox 448 4198 570 4252; x_wconf 78' lang='lat' dir='ltr'>dere,</span> <span class='ocrx_word' id='word_1_345' title='bbox 594 4210 853 4259; x_wconf 73' lang='lat' dir='ltr'>exponere,</span> <span class='ocrx_word' id='word_1_346' title='bbox 878 4205 935 4243; x_wconf 90' lang='lat' dir='ltr'>ut</span> <span class='ocrx_word' id='word_1_347' title='bbox 956 4196 1093 4243; x_wconf 82' lang='lat' dir='ltr'>flanti</span> <span class='ocrx_word' id='word_1_348' title='bbox 1114 4195 1297 4259; x_wconf 65' lang='lat' dir='ltr'>pervim</span> <span class='ocrx_word' id='word_1_349' title='bbox 1326 4194 1440 4243; x_wconf 84' lang='lat' dir='ltr'>sint.</span> <span class='ocrx_word' id='word_1_350' title='bbox 1468 4194 1576 4243; x_wconf 85' lang='lat' dir='ltr'>He-</span> 
     </span>
     <span class='ocr_line' id='line_1_56' title="bbox 448 4258 1576 4325; baseline 0 -17"><span class='ocrx_word' id='word_1_351' title='bbox 448 4258 567 4308; x_wconf 84' lang='lat' dir='ltr'>siod.</span> <span class='ocrx_word' id='word_1_352' title='bbox 588 4258 725 4321; x_wconf 74' lang='grc' dir='ltr'>Ἔργ.</span> <span class='ocrx_word' id='word_1_353' title='bbox 758 4260 883 4315; x_wconf 63' lang='lat'>6123</span> <span class='ocrx_word' id='word_1_354' title='bbox 920 4260 1119 4309; x_wconf 83' lang='lat' dir='ltr'>Nemes.</span> <span class='ocrx_word' id='word_1_355' title='bbox 1150 4262 1335 4325; x_wconf 77' lang='lat' dir='ltr'>Cyneg.</span> <span class='ocrx_word' id='word_1_356' title='bbox 1370 4261 1479 4317; x_wconf 81' lang='lat'>208,</span> <span class='ocrx_word' id='word_1_357' title='bbox 1506 4268 1576 4308; x_wconf 72' lang='lat' dir='ltr'>te-</span> 
     </span>
     <span class='ocr_line' id='line_1_57' title="bbox 441 4325 1576 4387; baseline 0.001 -16"><span class='ocrx_word' id='word_1_358' title='bbox 441 4326 640 4387; x_wconf 72' lang='lat' dir='ltr'>pidoque</span> <span class='ocrx_word' id='word_1_359' title='bbox 671 4326 903 4373; x_wconf 72' lang='lat' dir='ltr'>ostenden</span> <span class='ocrx_word' id='word_1_360' title='bbox 934 4327 1051 4379; x_wconf 70' lang='lat' dir='ltr'>ooli.-</span> <span class='ocrx_word' id='word_1_361' title='bbox 1086 4334 1137 4373; x_wconf 87' lang='lat' dir='ltr'>et</span> <span class='ocrx_word' id='word_1_362' title='bbox 1173 4326 1293 4374; x_wconf 78' lang='lat' dir='ltr'>Stat.</span> <span class='ocrx_word' id='word_1_363' title='bbox 1328 4326 1483 4374; x_wconf 86' lang='lat' dir='ltr'>Theb.</span> <span class='ocrx_word' id='word_1_364' title='bbox 1510 4325 1576 4383; x_wconf 80' lang='lat' dir='ltr'>vi,</span> 
     </span>
     <span class='ocr_line' id='line_1_58' title="bbox 450 4389 1132 4447; baseline 0 -10"><span class='ocrx_word' id='word_1_365' title='bbox 450 4389 529 4447; x_wconf 80' lang='lat'>90,</span> <span class='ocrx_word' id='word_1_366' title='bbox 552 4390 675 4437; x_wconf 63' lang='lat' dir='ltr'>lacot</span> <span class='ocrx_word' id='word_1_367' title='bbox 694 4390 927 4437; x_wconf 59' lang='lat' dir='ltr'>madero</span> <span class='ocrx_word' id='word_1_368' title='bbox 949 4390 1132 4437; x_wconf 71' lang='lat' dir='ltr'>Phoebo.</span> 
     </span>
    </p>
   </div>
   <div class='ocr_carea' id='block_1_8' title="bbox 1645 2076 2786 3933">
    <p class='ocr_par' dir='ltr' id='par_1_9' title="bbox 1647 2076 2784 2326">
     <span class='ocr_line' id='line_1_59' title="bbox 1647 2076 2784 2141; baseline 0.002 -16"><span class='ocrx_word' id='word_1_369' title='bbox 1647 2086 1814 2125; x_wconf 86' lang='lat' dir='ltr'>autem</span> <span class='ocrx_word' id='word_1_370' title='bbox 1837 2078 1894 2125; x_wconf 82' lang='lat' dir='ltr'>fit</span> <span class='ocrx_word' id='word_1_371' title='bbox 1913 2078 2088 2135; x_wconf 87' lang='lat' dir='ltr'>ventis,</span> <span class='ocrx_word' id='word_1_372' title='bbox 2108 2076 2299 2141; x_wconf 87' lang='lat' dir='ltr'>pruina,</span> <span class='ocrx_word' id='word_1_373' title='bbox 2319 2086 2370 2125; x_wconf 89' lang='lat' dir='ltr'>et</span> <span class='ocrx_word' id='word_1_374' title='bbox 2391 2092 2552 2141; x_wconf 86' lang='lat' dir='ltr'>opere.</span> <span class='ocrx_word' id='word_1_375' title='bbox 2599 2082 2784 2141; x_wconf 66' lang='lat' dir='ltr'>Iugera</span> 
     </span>
     <span class='ocr_line' id='line_1_60' title="bbox 1651 2139 2516 2206; baseline -0.002 -17"><span class='ocrx_word' id='word_1_376' title='bbox 1651 2139 1880 2203; x_wconf 72' lang='lat' dir='ltr'>labefacta</span> <span class='ocrx_word' id='word_1_377' title='bbox 1920 2142 2124 2206; x_wconf 82' lang='lat' dir='ltr'>pulchre</span> <span class='ocrx_word' id='word_1_378' title='bbox 2505 2142 2516 2152; x_wconf 89' lang='lat'>&#39;</span> 
     </span>
     <span class='ocr_line' id='line_1_61' title="bbox 1649 2205 2782 2269; baseline 0.003 -17"><span class='ocrx_word' id='word_1_379' title='bbox 1649 2205 1924 2269; x_wconf 77' lang='lat' dir='ltr'>pastinatur</span> <span class='ocrx_word' id='word_1_380' title='bbox 1974 2220 2061 2253; x_wconf 87' lang='lat' dir='ltr'>seu</span> <span class='ocrx_word' id='word_1_381' title='bbox 2113 2205 2138 2253; x_wconf 83' lang='lat' dir='ltr'>f</span> <span class='ocrx_word' id='word_1_382' title='bbox 2196 2205 2321 2260; x_wconf 66' lang='lat' dir='ltr'>iturs</span> <span class='ocrx_word' id='word_1_383' title='bbox 2373 2205 2602 2254; x_wconf 81' lang='lat' dir='ltr'>fodiendo</span> <span class='ocrx_word' id='word_1_384' title='bbox 2645 2207 2782 2255; x_wconf 87' lang='lat' dir='ltr'>enim</span> 
     </span>
     <span class='ocr_line' id='line_1_62' title="bbox 1649 2269 2428 2326; baseline 0.001 -10"><span class='ocrx_word' id='word_1_385' title='bbox 1649 2278 1863 2326; x_wconf 76' lang='lat' dir='ltr'>movetur,</span> <span class='ocrx_word' id='word_1_386' title='bbox 1887 2270 2174 2326; x_wconf 82' lang='lat' dir='ltr'>concutitur,</span> <span class='ocrx_word' id='word_1_387' title='bbox 2199 2269 2428 2318; x_wconf 85' lang='lat' dir='ltr'>mollitur.</span> 
     </span>
    </p>

    <p class='ocr_par' dir='ltr' id='par_1_10' title="bbox 1645 2332 2786 3679">
     <span class='ocr_line' id='line_1_63' title="bbox 1717 2332 2784 2397; baseline 0.003 -17"><span class='ocrx_word' id='word_1_388' title='bbox 1717 2334 1988 2381; x_wconf 77' lang='lat'><strong>265—268.</strong></span> <span class='ocrx_word' id='word_1_389' title='bbox 2027 2332 2378 2396; x_wconf 74' lang='lat' dir='ltr'>Diligentiores</span> <span class='ocrx_word' id='word_1_390' title='bbox 2403 2333 2784 2397; x_wconf 77' lang='lat' dir='ltr'>patresfamilias</span> 
     </span>
     <span class='ocr_line' id='line_1_64' title="bbox 1649 2396 2783 2462; baseline 0.003 -17"><span class='ocrx_word' id='word_1_391' title='bbox 1649 2397 1702 2445; x_wconf 89' lang='lat' dir='ltr'>in</span> <span class='ocrx_word' id='word_1_392' title='bbox 1745 2396 2010 2447; x_wconf 88' lang='lat' dir='ltr'>seminario</span> <span class='ocrx_word' id='word_1_393' title='bbox 2067 2398 2387 2462; x_wconf 82' lang='lat' dir='ltr'>(plantarium</span> <span class='ocrx_word' id='word_1_394' title='bbox 2431 2414 2488 2446; x_wconf 86' lang='lat' dir='ltr'>ac</span> <span class='ocrx_word' id='word_1_395' title='bbox 2529 2397 2783 2448; x_wconf 81' lang='lat' dir='ltr'>vitiarium</span> 
     </span>
     <span class='ocr_line' id='line_1_65' title="bbox 1649 2462 2780 2525; baseline 0.001 -15"><span class='ocrx_word' id='word_1_396' title='bbox 1649 2462 1797 2511; x_wconf 86' lang='lat' dir='ltr'>etiam</span> <span class='ocrx_word' id='word_1_397' title='bbox 1812 2462 2008 2521; x_wconf 82' lang='lat' dir='ltr'>vocant)</span> <span class='ocrx_word' id='word_1_398' title='bbox 2025 2462 2235 2510; x_wconf 87' lang='lat' dir='ltr'>educant</span> <span class='ocrx_word' id='word_1_399' title='bbox 2246 2462 2385 2520; x_wconf 83' lang='lat' dir='ltr'>vites,</span> <span class='ocrx_word' id='word_1_400' title='bbox 2400 2478 2520 2525; x_wconf 87' lang='lat' dir='ltr'>quas</span> <span class='ocrx_word' id='word_1_401' title='bbox 2533 2462 2713 2511; x_wconf 88' lang='lat' dir='ltr'>deinde</span> <span class='ocrx_word' id='word_1_402' title='bbox 2727 2463 2780 2511; x_wconf 87' lang='lat' dir='ltr'>in</span> 
     </span>
     <span class='ocr_line' id='line_1_66' title="bbox 1649 2526 2779 2591; baseline 0.002 -18"><span class='ocrx_word' id='word_1_403' title='bbox 1649 2526 1844 2575; x_wconf 80' lang='lat' dir='ltr'>vineam</span> <span class='ocrx_word' id='word_1_404' title='bbox 1867 2526 2173 2575; x_wconf 82' lang='lat' dir='ltr'>transferant.</span> <span class='ocrx_word' id='word_1_405' title='bbox 2207 2530 2408 2575; x_wconf 74' lang='lat' dir='ltr'>Arbores</span> <span class='ocrx_word' id='word_1_406' title='bbox 2431 2527 2529 2575; x_wconf 84' lang='lat' dir='ltr'>h.1.</span> <span class='ocrx_word' id='word_1_407' title='bbox 2553 2542 2646 2591; x_wconf 88' lang='lat' dir='ltr'>pro</span> <span class='ocrx_word' id='word_1_408' title='bbox 2662 2528 2779 2576; x_wconf 83' lang='lat' dir='ltr'>viti—</span> 
     </span>
     <span class='ocr_line' id='line_1_67' title="bbox 1647 2590 2780 2655; baseline 0.001 -16"><span class='ocrx_word' id='word_1_409' title='bbox 1647 2590 1765 2646; x_wconf 75' lang='lat' dir='ltr'>bus3</span> <span class='ocrx_word' id='word_1_410' title='bbox 1807 2601 1864 2638; x_wconf 87' lang='lat' dir='ltr'>ut</span> <span class='ocrx_word' id='word_1_411' title='bbox 1893 2606 1956 2638; x_wconf 87' lang='lat' dir='ltr'>ex</span> <span class='ocrx_word' id='word_1_412' title='bbox 1991 2600 2092 2639; x_wconf 87' lang='lat' dir='ltr'>tota</span> <span class='ocrx_word' id='word_1_413' title='bbox 2123 2590 2342 2639; x_wconf 86' lang='lat' dir='ltr'>oratione</span> <span class='ocrx_word' id='word_1_414' title='bbox 2371 2600 2528 2655; x_wconf 77' lang='lat' dir='ltr'>patet3</span> <span class='ocrx_word' id='word_1_415' title='bbox 2563 2591 2658 2640; x_wconf 80' lang='lat' dir='ltr'>etsi</span> <span class='ocrx_word' id='word_1_416' title='bbox 2683 2608 2780 2640; x_wconf 66' lang='lat' dir='ltr'>cm-</span> 
     </span>
     <span class='ocr_line' id='line_1_68' title="bbox 1645 2654 2784 2717; baseline 0.003 -15"><span class='ocrx_word' id='word_1_417' title='bbox 1645 2655 1868 2717; x_wconf 83' lang='lat' dir='ltr'>teroquin</span> <span class='ocrx_word' id='word_1_418' title='bbox 1885 2655 2033 2703; x_wconf 85' lang='lat' dir='ltr'>etiam</span> <span class='ocrx_word' id='word_1_419' title='bbox 2049 2654 2254 2703; x_wconf 86' lang='lat' dir='ltr'>aliarum</span> <span class='ocrx_word' id='word_1_420' title='bbox 2271 2656 2498 2703; x_wconf 82' lang='lat' dir='ltr'>arborum</span> <span class='ocrx_word' id='word_1_421' title='bbox 2515 2658 2784 2705; x_wconf 78' lang='lat' dir='ltr'>seminan’a</span> 
     </span>
     <span class='ocr_line' id='line_1_69' title="bbox 1645 2719 2778 2781; baseline 0.002 -14"><span class='ocrx_word' id='word_1_422' title='bbox 1645 2728 1773 2767; x_wconf 80' lang='lat' dir='ltr'>sunt.</span> <span class='ocrx_word' id='word_1_423' title='bbox 1817 2720 2006 2767; x_wconf 85' lang='lat' dir='ltr'>Curant</span> <span class='ocrx_word' id='word_1_424' title='bbox 2027 2719 2114 2776; x_wconf 88' lang='lat' dir='ltr'>illi,</span> <span class='ocrx_word' id='word_1_425' title='bbox 2134 2729 2192 2768; x_wconf 85' lang='lat' dir='ltr'>ut</span> <span class='ocrx_word' id='word_1_426' title='bbox 2211 2722 2348 2777; x_wconf 74' lang='lat' dir='ltr'>loeus,</span> <span class='ocrx_word' id='word_1_427' title='bbox 2367 2724 2448 2767; x_wconf 73' lang='lat' dir='ltr'>ubi</span> <span class='ocrx_word' id='word_1_428' title='bbox 2463 2724 2618 2781; x_wconf 62' lang='grc' dir='ltr'>μήπω</span> <span class='ocrx_word' id='word_1_429' title='bbox 2633 2738 2778 2781; x_wconf 76' lang='lat' dir='ltr'>pare-</span> 
     </span>
     <span class='ocr_line' id='line_1_70' title="bbox 1649 2782 2778 2846; baseline 0.003 -16"><span class='ocrx_word' id='word_1_430' title='bbox 1649 2792 1728 2831; x_wconf 72' lang='lat' dir='ltr'>tur</span> <span class='ocrx_word' id='word_1_431' title='bbox 1755 2782 1936 2831; x_wconf 79' lang='lat' dir='ltr'>vitibus</span> <span class='ocrx_word' id='word_1_432' title='bbox 1969 2800 2110 2846; x_wconf 68' lang='lat' dir='ltr'>seges,</span> <span class='ocrx_word' id='word_1_433' title='bbox 2149 2784 2196 2831; x_wconf 81' lang='lat' dir='ltr'>h.</span> <span class='ocrx_word' id='word_1_434' title='bbox 2235 2784 2551 2832; x_wconf 87' lang='lat' dir='ltr'>seminarium</span> <span class='ocrx_word' id='word_1_435' title='bbox 2585 2784 2778 2842; x_wconf 83' lang='lat' dir='ltr'>vitium,</span> 
     </span>
     <span class='ocr_line' id='line_1_71' title="bbox 1649 2846 2784 2911; baseline 0.002 -16"><span class='ocrx_word' id='word_1_436' title='bbox 1649 2846 1798 2895; x_wconf 83' lang='lat' dir='ltr'>simili</span> <span class='ocrx_word' id='word_1_437' title='bbox 1815 2846 2014 2911; x_wconf 79' lang='lat' dir='ltr'>ingenio</span> <span class='ocrx_word' id='word_1_438' title='bbox 2032 2864 2089 2896; x_wconf 84' lang='lat' dir='ltr'>ac</span> <span class='ocrx_word' id='word_1_439' title='bbox 2105 2858 2280 2896; x_wconf 79' lang='lat' dir='ltr'>namra</span> <span class='ocrx_word' id='word_1_440' title='bbox 2297 2849 2362 2896; x_wconf 80' lang='lat' dir='ltr'>sit</span> <span class='ocrx_word' id='word_1_441' title='bbox 2377 2863 2522 2910; x_wconf 82' lang='lat' dir='ltr'>quam</span> <span class='ocrx_word' id='word_1_442' title='bbox 2539 2849 2675 2897; x_wconf 77' lang='lat' dir='ltr'>locus</span> <span class='ocrx_word' id='word_1_443' title='bbox 2691 2866 2784 2911; x_wconf 71' lang='lat' dir='ltr'>quo</span> 
     </span>
     <span class='ocr_line' id='line_1_72' title="bbox 1649 2910 2784 2975; baseline 0.002 -16"><span class='ocrx_word' id='word_1_444' title='bbox 1649 2928 1750 2959; x_wconf 69' lang='lat' dir='ltr'>mox</span> <span class='ocrx_word' id='word_1_445' title='bbox 1775 2915 1956 2974; x_wconf 74' lang='lat' dir='ltr'>digesta</span> <span class='ocrx_word' id='word_1_446' title='bbox 1973 2910 2179 2974; x_wconf 74' lang='lat' dir='ltr'>feratur,</span> <span class='ocrx_word' id='word_1_447' title='bbox 2211 2922 2330 2961; x_wconf 83' lang='lat' dir='ltr'>nota</span> <span class='ocrx_word' id='word_1_448' title='bbox 2360 2912 2591 2975; x_wconf 87' lang='lat' dir='ltr'>loquendi</span> <span class='ocrx_word' id='word_1_449' title='bbox 2623 2912 2784 2961; x_wconf 76' lang='lat' dir='ltr'>sonna</span> 
     </span>
     <span class='ocr_line' id='line_1_73' title="bbox 1651 2975 2784 3041; baseline 0.004 -18"><span class='ocrx_word' id='word_1_450' title='bbox 1651 2984 1708 3023; x_wconf 88' lang='lat' dir='ltr'>ut</span> <span class='ocrx_word' id='word_1_451' title='bbox 1749 2975 1956 3024; x_wconf 87' lang='lat' dir='ltr'>alterum</span> <span class='ocrx_word' id='word_1_452' title='bbox 1999 2976 2052 3024; x_wconf 90' lang='lat' dir='ltr'>in</span> <span class='ocrx_word' id='word_1_453' title='bbox 2095 2976 2408 3041; x_wconf 84' lang='lat' dir='ltr'>participium</span> <span class='ocrx_word' id='word_1_454' title='bbox 2447 2986 2678 3034; x_wconf 86' lang='lat' dir='ltr'>mutetur,</span> <span class='ocrx_word' id='word_1_455' title='bbox 2723 2988 2784 3027; x_wconf 86' lang='lat' dir='ltr'>ut</span> 
     </span>
     <span class='ocr_line' id='line_1_74' title="bbox 1651 3040 2784 3103; baseline 0.004 -17"><span class='ocrx_word' id='word_1_456' title='bbox 1651 3055 1695 3087; x_wconf 80' lang='lat' dir='ltr'>v.</span> <span class='ocrx_word' id='word_1_457' title='bbox 1720 3056 1761 3087; x_wconf 87' lang='lat' dir='ltr'>c.</span> <span class='ocrx_word' id='word_1_458' title='bbox 1785 3040 1870 3088; x_wconf 82' lang='lat' dir='ltr'>inf.</span> <span class='ocrx_word' id='word_1_459' title='bbox 1897 3041 2021 3096; x_wconf 71' lang='lat'><strong>3183</strong></span> <span class='ocrx_word' id='word_1_460' title='bbox 2056 3042 2104 3089; x_wconf 79' lang='lat' dir='ltr'>h.</span> <span class='ocrx_word' id='word_1_461' title='bbox 2135 3041 2188 3088; x_wconf 91' lang='lat' dir='ltr'>in</span> <span class='ocrx_word' id='word_1_462' title='bbox 2211 3054 2354 3103; x_wconf 86' lang='lat' dir='ltr'>quem</span> <span class='ocrx_word' id='word_1_463' title='bbox 2383 3041 2702 3090; x_wconf 66' lang='lat' dir='ltr'>nansferaun·</span> <span class='ocrx_word' id='word_1_464' title='bbox 2729 3054 2784 3090; x_wconf 83' lang='lat' dir='ltr'>et</span> 
     </span>
     <span class='ocr_line' id='line_1_75' title="bbox 1649 3102 2782 3165; baseline 0.004 -16"><span class='ocrx_word' id='word_1_465' title='bbox 1649 3102 1912 3165; x_wconf 80' lang='lat' dir='ltr'>digeratur,</span> <span class='ocrx_word' id='word_1_466' title='bbox 1954 3104 2060 3153; x_wconf 81' lang='lat' dir='ltr'>sive</span> <span class='ocrx_word' id='word_1_467' title='bbox 2103 3104 2366 3153; x_wconf 77' lang='lat' dir='ltr'>vitiarium.</span> <span class='ocrx_word' id='word_1_468' title='bbox 2443 3106 2508 3153; x_wconf 90' lang='lat' dir='ltr'>In</span> <span class='ocrx_word' id='word_1_469' title='bbox 2549 3108 2782 3155; x_wconf 78' lang='lat' dir='ltr'>sennone</span> 
     </span>
     <span class='ocr_line' id='line_1_76' title="bbox 1649 3166 2782 3233; baseline 0.004 -20"><span class='ocrx_word' id='word_1_470' title='bbox 1649 3166 1864 3228; x_wconf 85' lang='lat' dir='ltr'>pedestri</span> <span class='ocrx_word' id='word_1_471' title='bbox 1897 3169 2112 3217; x_wconf 71' lang='lat' dir='ltr'>diceresz</span> <span class='ocrx_word' id='word_1_472' title='bbox 2161 3169 2323 3217; x_wconf 87' lang='lat' dir='ltr'>locum</span> <span class='ocrx_word' id='word_1_473' title='bbox 2354 3168 2564 3218; x_wconf 81' lang='lat' dir='ltr'>similem</span> <span class='ocrx_word' id='word_1_474' title='bbox 2597 3170 2648 3217; x_wconf 75' lang='lat' dir='ltr'>ei</span> <span class='ocrx_word' id='word_1_475' title='bbox 2681 3186 2782 3233; x_wconf 87' lang='lat' dir='ltr'>quo</span> 
     </span>
     <span class='ocr_line' id='line_1_77' title="bbox 1651 3232 2786 3296; baseline 0.006 -20"><span class='ocrx_word' id='word_1_476' title='bbox 1651 3244 1768 3277; x_wconf 84' lang='lat' dir='ltr'>mox</span> <span class='ocrx_word' id='word_1_477' title='bbox 1799 3232 1994 3279; x_wconf 84' lang='lat' dir='ltr'>feratur.</span> <span class='ocrx_word' id='word_1_478' title='bbox 2063 3234 2212 3295; x_wconf 54' lang='grc' dir='ltr'>δορυ,</span> <span class='ocrx_word' id='word_1_479' title='bbox 2237 3234 2352 3296; x_wconf 85' lang='lat' dir='ltr'>quia</span> <span class='ocrx_word' id='word_1_480' title='bbox 2380 3238 2554 3282; x_wconf 55' lang='lat' dir='ltr'>nnana</span> <span class='ocrx_word' id='word_1_481' title='bbox 2579 3234 2702 3284; x_wconf 77' lang='lat' dir='ltr'>dicit</span> <span class='ocrx_word' id='word_1_482' title='bbox 2729 3246 2786 3283; x_wconf 83' lang='lat' dir='ltr'>et</span> 
     </span>
     <span class='ocr_line' id='line_1_78' title="bbox 1649 3296 2776 3363; baseline 0.007 -23"><span class='ocrx_word' id='word_1_483' title='bbox 1649 3310 1813 3350; x_wconf 75' lang='lat' dir='ltr'>serere,</span> <span class='ocrx_word' id='word_1_484' title='bbox 1847 3296 2092 3343; x_wconf 82' lang='lat' dir='ltr'>communi</span> <span class='ocrx_word' id='word_1_485' title='bbox 2127 3297 2371 3355; x_wconf 81' lang='lat' dir='ltr'>vocabulo,</span> <span class='ocrx_word' id='word_1_486' title='bbox 2403 3314 2500 3361; x_wconf 86' lang='lat' dir='ltr'>quo</span> <span class='ocrx_word' id='word_1_487' title='bbox 2535 3308 2588 3346; x_wconf 85' lang='lat' dir='ltr'>et</span> <span class='ocrx_word' id='word_1_488' title='bbox 2617 3298 2776 3363; x_wconf 82' lang='lat' dir='ltr'>scrip-</span> 
     </span>
     <span class='ocr_line' id='line_1_79' title="bbox 1651 3358 2786 3427; baseline 0.008 -23"><span class='ocrx_word' id='word_1_489' title='bbox 1651 3366 1782 3405; x_wconf 87' lang='lat' dir='ltr'>tores</span> <span class='ocrx_word' id='word_1_490' title='bbox 1825 3358 1896 3406; x_wconf 85' lang='lat' dir='ltr'>rei</span> <span class='ocrx_word' id='word_1_491' title='bbox 1947 3359 2144 3407; x_wconf 72' lang='lat' dir='ltr'>rusticae</span> <span class='ocrx_word' id='word_1_492' title='bbox 2185 3360 2246 3407; x_wconf 88' lang='lat' dir='ltr'>de</span> <span class='ocrx_word' id='word_1_493' title='bbox 2294 3362 2452 3411; x_wconf 83' lang='lat' dir='ltr'>vineis</span> <span class='ocrx_word' id='word_1_494' title='bbox 2496 3362 2786 3427; x_wconf 74' lang='lat' dir='ltr'>plantandis</span> 
     </span>
     <span class='ocr_line' id='line_1_80' title="bbox 1651 3420 2778 3490; baseline 0.007 -22"><span class='ocrx_word' id='word_1_495' title='bbox 1651 3430 1882 3477; x_wconf 64' lang='lat' dir='ltr'>utuntur-3</span> <span class='ocrx_word' id='word_1_496' title='bbox 1937 3423 2008 3471; x_wconf 89' lang='lat' dir='ltr'>sic</span> <span class='ocrx_word' id='word_1_497' title='bbox 2051 3432 2102 3471; x_wconf 90' lang='lat' dir='ltr'>et</span> <span class='ocrx_word' id='word_1_498' title='bbox 2145 3420 2406 3487; x_wconf 71' lang='grc' dir='ltr'><strong><em>σπέρματα,</em></strong></span> <span class='ocrx_word' id='word_1_499' title='bbox 2447 3436 2499 3474; x_wconf 86' lang='lat' dir='ltr'>et</span> <span class='ocrx_word' id='word_1_500' title='bbox 2537 3427 2778 3490; x_wconf 61' lang='grc' dir='ltr'>πείρασι</span> 
     </span>
     <span class='ocr_line' id='line_1_81' title="bbox 1649 3485 2779 3550; baseline 0.007 -17"><span class='ocrx_word' id='word_1_501' title='bbox 1649 3485 1866 3548; x_wconf 87' lang='lat' dir='ltr'>adeoque</span> <span class='ocrx_word' id='word_1_502' title='bbox 1907 3504 2034 3550; x_wconf 73' lang='lat' dir='ltr'>seges</span> <span class='ocrx_word' id='word_1_503' title='bbox 2071 3496 2150 3535; x_wconf 85' lang='lat' dir='ltr'>est</span> <span class='ocrx_word' id='word_1_504' title='bbox 2191 3488 2510 3538; x_wconf 85' lang='lat' dir='ltr'>surculorum.</span> <span class='ocrx_word' id='word_1_505' title='bbox 2587 3490 2779 3541; x_wconf 82' lang='lat' dir='ltr'>Eadem</span> 
     </span>
     <span class='ocr_line' id='line_1_82' title="bbox 1649 3550 2780 3617; baseline 0.006 -19"><span class='ocrx_word' id='word_1_506' title='bbox 1649 3550 1710 3599; x_wconf 85' lang='lat' dir='ltr'>ab</span> <span class='ocrx_word' id='word_1_507' title='bbox 1731 3551 1836 3613; x_wconf 70' lang='lat' dir='ltr'>agri</span> <span class='ocrx_word' id='word_1_508' title='bbox 1857 3550 2048 3599; x_wconf 87' lang='lat' dir='ltr'>cultura</span> <span class='ocrx_word' id='word_1_509' title='bbox 2070 3552 2224 3616; x_wconf 84' lang='lat' dir='ltr'>petita</span> <span class='ocrx_word' id='word_1_510' title='bbox 2245 3552 2436 3601; x_wconf 83' lang='lat' dir='ltr'>ratione</span> <span class='ocrx_word' id='word_1_511' title='bbox 2457 3554 2624 3617; x_wconf 83' lang='lat' dir='ltr'>paullo</span> <span class='ocrx_word' id='word_1_512' title='bbox 2645 3566 2780 3614; x_wconf 85' lang='lat' dir='ltr'>ante,</span> 
     </span>
     <span class='ocr_line' id='line_1_83' title="bbox 1647 3616 2782 3679; baseline 0.004 -16"><span class='ocrx_word' id='word_1_513' title='bbox 1647 3631 1775 3673; x_wconf 71' lang='lat' dir='ltr'>arva,</span> <span class='ocrx_word' id='word_1_514' title='bbox 1805 3618 1980 3678; x_wconf 67' lang='lat' dir='ltr'>glebas,</span> <span class='ocrx_word' id='word_1_515' title='bbox 2001 3616 2191 3679; x_wconf 76' lang='lat' dir='ltr'>jugera,</span> <span class='ocrx_word' id='word_1_516' title='bbox 2225 3616 2286 3664; x_wconf 89' lang='lat' dir='ltr'>de</span> <span class='ocrx_word' id='word_1_517' title='bbox 2317 3616 2474 3665; x_wconf 75' lang='lat' dir='ltr'>vineis</span> <span class='ocrx_word' id='word_1_518' title='bbox 2504 3617 2646 3677; x_wconf 75' lang='lat' dir='ltr'>dixit,</span> <span class='ocrx_word' id='word_1_519' title='bbox 2669 3630 2728 3667; x_wconf 86' lang='lat' dir='ltr'>ut</span> <span class='ocrx_word' id='word_1_520' title='bbox 2747 3637 2782 3669; x_wconf 80' lang='lat' dir='ltr'>a</span> 
     </span>
    </p>

    <p class='ocr_par' dir='ltr' id='par_1_11' title="bbox 1645 3680 2785 3933">
     <span class='ocr_line' id='line_1_84' title="bbox 1823 3680 2777 3745; baseline 0.003 -16"><span class='ocrx_word' id='word_1_521' title='bbox 1823 3680 1833 3690; x_wconf 87' lang='lat'><strong><em>‘</em></strong></span> <span class='ocrx_word' id='word_1_522' title='bbox 1867 3695 2090 3729; x_wconf 79' lang='lat' dir='ltr'>sermone</span> <span class='ocrx_word' id='word_1_523' title='bbox 2111 3680 2366 3729; x_wconf 79' lang='lat' dir='ltr'>recederet</span> <span class='ocrx_word' id='word_1_524' title='bbox 2389 3682 2582 3745; x_wconf 86' lang='lat' dir='ltr'>poetica</span> <span class='ocrx_word' id='word_1_525' title='bbox 2601 3684 2777 3733; x_wconf 85' lang='lat' dir='ltr'>oratio.</span> 
     </span>
     <span class='ocr_line' id='line_1_85' title="bbox 1649 3747 2785 3819; baseline 0.005 -28"><span class='ocrx_word' id='word_1_526' title='bbox 1649 3747 1851 3792; x_wconf 70' lang='lat' dir='ltr'>Sationis</span> <span class='ocrx_word' id='word_1_527' title='bbox 1899 3752 2050 3793; x_wconf 71' lang='lat' dir='ltr'>autent</span> <span class='ocrx_word' id='word_1_528' title='bbox 2092 3747 2182 3793; x_wconf 76' lang='lat' dir='ltr'>duo</span> <span class='ocrx_word' id='word_1_529' title='bbox 2229 3762 2416 3819; x_wconf 69' lang='lat' dir='ltr'>genera,</span> <span class='ocrx_word' id='word_1_530' title='bbox 2457 3748 2656 3795; x_wconf 67' lang='lat' dir='ltr'>nalledi</span> <span class='ocrx_word' id='word_1_531' title='bbox 2705 3752 2785 3797; x_wconf 68' lang='lat' dir='ltr'>vel</span> 
     </span>
     <span class='ocr_line' id='line_1_86' title="bbox 1645 3809 2784 3867; baseline 0.005 -12"><span class='ocrx_word' id='word_1_532' title='bbox 1645 3812 1927 3865; x_wconf 70' lang='lat' dir='ltr'>viviradicis,</span> <span class='ocrx_word' id='word_1_533' title='bbox 1963 3809 2152 3857; x_wconf 86' lang='lat' dir='ltr'>Colum.</span> <span class='ocrx_word' id='word_1_534' title='bbox 2189 3809 2262 3866; x_wconf 77' lang='lat' dir='ltr'>iii,</span> <span class='ocrx_word' id='word_1_535' title='bbox 2302 3812 2376 3867; x_wconf 82' lang='lat'>14,</span> <span class='ocrx_word' id='word_1_536' title='bbox 2413 3812 2470 3865; x_wconf 74' lang='lat'>23</span> <span class='ocrx_word' id='word_1_537' title='bbox 2515 3811 2620 3859; x_wconf 73' lang='lat' dir='ltr'>haec</span> <span class='ocrx_word' id='word_1_538' title='bbox 2659 3822 2784 3861; x_wconf 78' lang='lat' dir='ltr'>aunt</span> 
     </span>
     <span class='ocr_line' id='line_1_87' title="bbox 1645 3875 2780 3933; baseline 0.004 -14"><span class='ocrx_word' id='word_1_539' title='bbox 1645 3876 1830 3919; x_wconf 62' lang='lat' dir='ltr'>nmina.</span> <span class='ocrx_word' id='word_1_540' title='bbox 1899 3875 2134 3921; x_wconf 67' lang='lat' dir='ltr'>Mutum</span> <span class='ocrx_word' id='word_1_541' title='bbox 2161 3877 2314 3922; x_wconf 67' lang='lat' dir='ltr'>subito</span> <span class='ocrx_word' id='word_1_542' title='bbox 2345 3883 2548 3933; x_wconf 63' lang='lat' dir='ltr'>mtrem,</span> <span class='ocrx_word' id='word_1_543' title='bbox 2579 3890 2780 3933; x_wconf 77' lang='lat' dir='ltr'>novam,</span> 
     </span>
    </p>
   </div>
   <div class='ocr_carea' id='block_1_9' title="bbox 2201 2152 2784 2205">
    <p class='ocr_par' dir='ltr' id='par_1_12' title="bbox 2201 2152 2784 2205">
     <span class='ocr_line' id='line_1_88' title="bbox 2201 2152 2784 2205; baseline 0.003 -16"><span class='ocrx_word' id='word_1_544' title='bbox 2201 2156 2258 2189; x_wconf 90' lang='lat' dir='ltr'>ro</span> <span class='ocrx_word' id='word_1_545' title='bbox 2301 2152 2431 2189; x_wconf 84' lang='lat' dir='ltr'>terra</span> <span class='ocrx_word' id='word_1_546' title='bbox 2471 2157 2626 2189; x_wconf 83' lang='lat' dir='ltr'>vmeae</span> <span class='ocrx_word' id='word_1_547' title='bbox 2670 2158 2784 2205; x_wconf 81' lang='lat' dir='ltr'>quae</span> 
     </span>
    </p>
   </div>
   <div class='ocr_carea' id='block_1_10' title="bbox 1645 3935 2860 4001">
    <p class='ocr_par' dir='ltr' id='par_1_13' title="bbox 1645 3935 2860 4001">
     <span class='ocr_line' id='line_1_89' title="bbox 1645 3935 2860 4001; baseline -0.002 -18"><span class='ocrx_word' id='word_1_548' title='bbox 1645 3935 1862 3999; x_wconf 78' lang='lat' dir='ltr'>ignotam</span> <span class='ocrx_word' id='word_1_549' title='bbox 1885 3944 2088 3985; x_wconf 85' lang='lat' dir='ltr'>terram:</span> <span class='ocrx_word' id='word_1_550' title='bbox 2119 3954 2175 3985; x_wconf 77' lang='lat' dir='ltr'>ne</span> <span class='ocrx_word' id='word_1_551' title='bbox 2197 3941 2422 4001; x_wconf 62' lang='lat' dir='ltr'>ignorent,</span> <span class='ocrx_word' id='word_1_552' title='bbox 2446 3938 2662 4001; x_wconf 79' lang='lat' dir='ltr'>adeoque</span> <span class='ocrx_word' id='word_1_553' title='bbox 2684 3956 2782 3989; x_wconf 73' lang='lat' dir='ltr'>nee</span> <span class='ocrx_word' id='word_1_554' title='bbox 2851 3972 2860 3981; x_wconf 88' lang='lat'><strong>.</strong></span> 
     </span>
    </p>
   </div>
   <div class='ocr_carea' id='block_1_11' title="bbox 1642 4001 2782 4448">
    <p class='ocr_par' dir='ltr' id='par_1_14' title="bbox 1645 4001 2780 4113">
     <span class='ocr_line' id='line_1_90' title="bbox 1645 4001 2780 4112; baseline 0.006 -66"><span class='ocrx_word' id='word_1_555' title='bbox 1645 4008 1940 4112; x_wconf 43' lang='lat' dir='ltr'>&#39;assuescanc</span> <span class='ocrx_word' id='word_1_556' title='bbox 1989 4016 2079 4048; x_wconf 90' lang='lat' dir='ltr'>nec</span> <span class='ocrx_word' id='word_1_557' title='bbox 2123 4001 2178 4049; x_wconf 89' lang='lat' dir='ltr'>in</span> <span class='ocrx_word' id='word_1_558' title='bbox 2229 4018 2290 4050; x_wconf 86' lang='lat' dir='ltr'>ea</span> <span class='ocrx_word' id='word_1_559' title='bbox 2329 4002 2604 4067; x_wconf 80' lang='lat' dir='ltr'>proficiant,</span> <span class='ocrx_word' id='word_1_560' title='bbox 2649 4004 2780 4053; x_wconf 82' lang='lat' dir='ltr'>nihil</span> 
     </span>
     <span class='ocr_line' id='line_1_91' title="bbox 1663 4074 1817 4113; baseline 0.006 -1"><span class='ocrx_word' id='word_1_561' title='bbox 1663 4074 1817 4113; x_wconf 69' lang='lat' dir='ltr'>erant.</span> 
     </span>
    </p>

    <p class='ocr_par' dir='ltr' id='par_1_15' title="bbox 1675 4128 2782 4319">
     <span class='ocr_line' id='line_1_92' title="bbox 1711 4128 2782 4194; baseline 0.006 -17"><span class='ocrx_word' id='word_1_562' title='bbox 1711 4128 1982 4178; x_wconf 78' lang='lat'><strong>269—272.</strong></span> <span class='ocrx_word' id='word_1_563' title='bbox 2019 4130 2288 4179; x_wconf 58' lang='lat' dir='ltr'>Providens:</span> <span class='ocrx_word' id='word_1_564' title='bbox 2308 4146 2517 4194; x_wconf 86' lang='lat' dir='ltr'>quoque,</span> <span class='ocrx_word' id='word_1_565' title='bbox 2537 4131 2622 4194; x_wconf 86' lang='lat' dir='ltr'>qui</span> <span class='ocrx_word' id='word_1_566' title='bbox 2649 4131 2782 4183; x_wconf 76' lang='lat' dir='ltr'>vites</span> 
     </span>
     <span class='ocr_line' id='line_1_93' title="bbox 1677 4194 2774 4270; baseline 0.004 -28"><span class='ocrx_word' id='word_1_567' title='bbox 1677 4194 1880 4252; x_wconf 81' lang='lat' dir='ltr'>lantant,</span> <span class='ocrx_word' id='word_1_568' title='bbox 1901 4204 1958 4243; x_wconf 88' lang='lat' dir='ltr'>ut</span> <span class='ocrx_word' id='word_1_569' title='bbox 1985 4194 2246 4243; x_wconf 78' lang='lat' dir='ltr'>restituant</span> <span class='ocrx_word' id='word_1_570' title='bbox 2275 4210 2666 4270; x_wconf 71' lang='lat' dir='ltr'>unamquamque</span> <span class='ocrx_word' id='word_1_571' title='bbox 2687 4214 2774 4247; x_wconf 88' lang='lat' dir='ltr'>eo-</span> 
     </span>
     <span class='ocr_line' id='line_1_94' title="bbox 1675 4258 2778 4319; baseline 0.003 -12"><span class='ocrx_word' id='word_1_572' title='bbox 1675 4276 1754 4307; x_wconf 89' lang='lat' dir='ltr'>em</span> <span class='ocrx_word' id='word_1_573' title='bbox 1787 4258 1901 4317; x_wconf 82' lang='lat' dir='ltr'>situ,</span> <span class='ocrx_word' id='word_1_574' title='bbox 1937 4258 2190 4307; x_wconf 85' lang='lat' dir='ltr'>cardinum</span> <span class='ocrx_word' id='word_1_575' title='bbox 2223 4260 2334 4309; x_wconf 80' lang='lat' dir='ltr'>coeli</span> <span class='ocrx_word' id='word_1_576' title='bbox 2367 4270 2557 4309; x_wconf 72' lang='lat' dir='ltr'>ratione</span> <span class='ocrx_word' id='word_1_577' title='bbox 2591 4262 2778 4319; x_wconf 70' lang='lat' dir='ltr'>habim,</span> 
     </span>
    </p>

    <p class='ocr_par' dir='ltr' id='par_1_16' title="bbox 1642 4323 2782 4448">
     <span class='ocr_line' id='line_1_95' title="bbox 1642 4323 2782 4390; baseline 0.003 -18"><span class='ocrx_word' id='word_1_578' title='bbox 1642 4323 1812 4387; x_wconf 86' lang='lat' dir='ltr'>quoin</span> <span class='ocrx_word' id='word_1_579' title='bbox 1835 4324 2098 4373; x_wconf 84' lang='lat' dir='ltr'>seminario</span> <span class='ocrx_word' id='word_1_580' title='bbox 2115 4334 2330 4374; x_wconf 82' lang='lat' dir='ltr'>steterat.</span> <span class='ocrx_word' id='word_1_581' title='bbox 2386 4328 2500 4378; x_wconf 72' lang='lat' dir='ltr'>Qua</span> <span class='ocrx_word' id='word_1_582' title='bbox 2607 4327 2782 4390; x_wconf 84' lang='lat' dir='ltr'>paullo</span> 
     </span>
     <span class='ocr_line' id='line_1_96' title="bbox 1643 4342 2778 4448; baseline 0.004 -11"><span class='ocrx_word' id='word_1_583' title='bbox 1643 4388 1790 4438; x_wconf 87' lang='lat' dir='ltr'>altius</span> <span class='ocrx_word' id='word_1_584' title='bbox 1831 4388 1894 4437; x_wconf 86' lang='lat' dir='ltr'>ad</span> <span class='ocrx_word' id='word_1_585' title='bbox 1941 4392 2140 4447; x_wconf 70' lang='lat' dir='ltr'>arbores,</span> <span class='ocrx_word' id='word_1_586' title='bbox 2187 4406 2233 4438; x_wconf 83' lang='lat' dir='ltr'>v.</span> <span class='ocrx_word' id='word_1_587' title='bbox 2279 4388 2390 4448; x_wconf 71' lang='lat'>267,</span> <span class='ocrx_word' id='word_1_588' title='bbox 2443 4342 2778 4441; x_wconf 51' lang='lat' dir='ltr'>regen-endum.</span> 
     </span>
    </p>
   </div>
  </div>
 </body>
</html>
