3050 4934
1154 238 1495 306 LIBER
1543 238 1728 305 x11.

2471 229 2596 297 621

458 386 723 466 Attulit,
756 389 1171 474 admovitque
1202 413 1403 476 pecus
1434 389 1864 474 flagrantibus
1893 388 2049 452 aris.

456 489 560 553 Illi
589 491 675 554 ad
706 503 1079 576 surgentem
1110 493 1405 556 conversi
1432 491 1674 555 lumina
1704 489 1906 556 solem

454 589 641 654 Dant
667 590 891 676 fruges
922 594 1217 657 manibus
1248 593 1474 671 salsae,
1504 603 1575 656 et
1603 602 1898 675 tempora
1927 589 2104 654 ferro

457 690 723 754 Summa
750 703 980 757 notant
1004 694 1351 776 pecudum,
1384 694 1762 776 paterisque
1791 690 2020 754 altaria
2048 689 2276 756 liba'nt.

290 791 415 854 175
456 789 633 856 Tum
662 793 807 876 pius
838 793 1093 858 AEneas
1124 793 1351 857 stricto
1384 793 1477 856 sic
1506 814 1664 856 ense
1696 802 2037 875 precatur:

458 891 627 956 Esto
656 914 831 956 nunc
860 893 975 956 Sol
1003 894 1215 969 testis,
1246 904 1314 958 et
1342 892 1485 956 haec
1514 891 1672 955 mihi
1699 891 1914 956 Terra
1941 893 2222 968 vocanti,

461 992 679 1065 Quam
707 1003 979 1077 propter
1008 1004 1225 1058 tantos
1256 993 1441 1077 potui
1469 991 1763 1076 perferre
1792 991 2088 1070 laborem

461 1093 555 1159 Et
584 1105 774 1179 pater
804 1094 1233 1178 omnipotens,
1258 1105 1327 1159 et
1354 1104 1429 1158 tu
1458 1094 1766 1159 Saturnia
1793 1093 1840 1158 J
1842 1115 1995 1171 nnn,

456 1195 607 1260 Jam
636 1194 883 1272 melior,
906 1197 1067 1278 jam,
1098 1196 1269 1273 diva,
1300 1217 1572 1280 precor3
1618 1207 1821 1279 tuque
1851 1195 2094 1261 inclute
2125 1195 2422 1272 Mavors,

294 1296 421 1360 180
465 1295 719 1360 Cuncta
746 1307 861 1360 tuo
894 1298 1004 1379 qui
1034 1295 1227 1374 bella,
1258 1307 1469 1380 pater,
1500 1297 1626 1360 sub
1655 1296 1915 1360 numine
1947 1307 2250 1381 torques;

458 1397 859 1480 Fontesque,
889 1395 1285 1480 Fluviosque
1312 1419 1497 1474 voc0,
1528 1419 1807 1481 quaeque
1837 1397 2140 1463 AEtheris
2171 1396 2286 1462 alti

462 1497 751 1581 Religio,
782 1508 850 1562 et
878 1520 1027 1581 quae
1055 1495 1335 1562 caeruleo
1366 1507 1517 1562 sunt
1547 1499 1810 1562 numina
1838 1509 2076 1582 ponto:

462 1598 755 1662 Cesserit
782 1596 1083 1662 Ausonio
1110 1600 1167 1662 si
1194 1597 1329 1662 fors
1358 1600 1627 1662 victoria
1654 1599 1924 1678 Turno;

468 1699 812 1777 Convenit,
846 1699 1141 1763 Evandri
1169 1701 1374 1763 victos
1404 1700 1746 1764 discedere
1775 1701 1862 1764 ad
1895 1701 2122 1768 urbem
2137 1727 2166 1778 ·;

295 1802 417 1866 185
462 1801 673 1866 Cedet
701 1799 882 1864 Iulus
912 1801 1083 1884 agris
1110 1827 1127 1878 3
1172 1823 1294 1866 nec
1323 1813 1476 1885 post
1502 1823 1682 1865 arma
1711 1799 1842 1865 ulla
1869 1801 2154 1866 rebelles

466 1901 793 1966 AEneadoe
819 1900 1130 1979 referent,
1161 1901 1417 1968 ferrove
1444 1902 1589 1967 haec
1618 1923 1822 1986 regna
1849 1901 2196 1968 lacessent.

465 2003 580 2067 Sin
608 2013 903 2067 nostrum
927 2004 1227 2069 annuerit
1256 2004 1445 2068 nobis
1475 2003 1770 2068 Victoria
1797 2002 2086 2068 Martem

468 2103 590 2185 (Ut
620 2104 839 2188 potius
868 2124 1043 2179 reor,
1068 2115 1137 2168 et
1166 2105 1385 2188 potius
1415 2103 1485 2168 di
1514 2105 1774 2168 numine
1803 2103 2128 2187 firment);

463 2203 623 2268 Non
653 2226 783 2288 ego
807 2225 929 2268 nec
959 2203 1237 2268 Teucris
1269 2203 1471 2268 Italos
1501 2226 1736 2288 parere
1755 2205 2034 2288 jubebo,

300 2307 423 2371 190
467 2305 615 2370 Nec
644 2305 801 2370 mihi
830 2327 1035 2389 regna
1062 2316 1255 2388 pet03
1300 2306 1568 2388 paribus
1601 2327 1672 2369 se
1700 2304 1956 2388 legibus
1983 2305 2194 2372 ambae

468 2405 733 2472 Invictae
761 2416 993 2491 gentes
1024 2415 1267 2470 oeterna
1296 2405 1363 2468 in
1393 2404 1648 2469 foedera
1675 2406 1956 2472 mittant.

468 2509 670 2574 Sacra
700 2509 991 2592 deosque
1023 2507 1229 2571 dabo:
1280 2526 1465 2570 socer
1493 2527 1672 2568 arma
1703 2503 1978 2571 Latinus
2007 2505 2286 2584 habet03

464 2611 811 2695 Imperium
842 2607 1147 2674 sollemne
1176 2628 1398 2672 socer:
1444 2605 1603 2670 mihi
1631 2607 1868 2670 moenia
1897 2605 2142 2671 Teucri

470 2711 907 2786 constituent,
939 2709 1215 2792 urbique
1246 2707 1431 2772 dabit
1465 2705 1736 2770 Lavinia
1765 2729 2017 2772 nomen.

304 2815 424 2879 195
469 2813 577 2877 Sic
607 2812 786 2895 prior
818 2809 1109 2886 AEneas;
1158 2809 1451 2894 sequitur
1484 2809 1576 2872 sic
1608 2808 1842 2873 deinde
1878 2808 2175 2884 Latinus,

365 3063 632 3114 172-174.
692 3064 949 3114 Notandus
980 3079 1087 3114 mos
1118 3064 1291 3114 horum
1337 3079 1415 3113 sa-

295 3143 503 3178 crorum.
550 3128 804 3177 Orientem
821 3137 1097 3193 spectantes
1119 3128 1297 3178 molam
1318 3129 1417 3178 sal-

295 3209 401 3242 um
420 3192 649 3255 injiciunt
668 3193 893 3251 victimae,
916 3193 1043 3258 pilos
1064 3209 1093 3241 e
1126 3193 1284 3241 fronte
1314 3195 1419 3254 ejus

297 3256 591 3306 exscindunt
619 3273 751 3316 ense,
778 3258 861 3320 (cf.
899 3273 1007 3332 cup.
1040 3256 1105 3315 vi,
1135 3258 1247 3314 245,
1280 3255 1417 3319 2460

296 3337 417 3385 quos
435 3321 489 3370 in
518 3321 763 3370 flammam
790 3321 1083 3383 conjiciunt:
1122 3329 1225 3368 tum
1247 3319 1416 3368 vinum

294 3386 347 3434 in
367 3401 503 3435 aram
522 3386 690 3436 libant.
735 3385 868 3436 Fieri
888 3387 992 3434 haec
1011 3385 1073 3434 ad
1092 3384 1415 3434 consecratio-

294 3465 411 3498 nem
454 3449 664 3499 vietimoe
708 3451 923 3514 putanda
965 3459 1094 3500 sunt.
1167 3449 1290 3497 Inde
1330 3448 1415 3497 inf.

297 3515 407 3570 213,
453 3518 545 3562 rite
586 3524 783 3574 saerata
818 3517 1027 3576 pecudes.
1093 3512 1294 3579 Grecis,
1321 3529 1421 3562 uno

297 3579 447 3627 verbo
468 3588 545 3627 est
566 3577 903 3641 κατάρχεσθαι.
948 3581 1137 3628 Pateria
1158 3581 1333 3627 altaria
1356 3580 1415 3624 1⁸·-

298 3646 421 3698 bant,
446 3643 701 3705 exquisite,
724 3643 923 3691 libando
944 3643 1118 3706 rigunt-

366 3707 635 3758 179—184.
659 3710 767 3756 lam
782 3710 953 3765 melior,
963 3707 1189 3772 propitia,
1204 3707 1416 3771 pineum

297 3771 361 3819 ad
379 3770 563 3819 Heleni
578 3772 817 3820 monitum
840 3771 1081 3836 respicere
1094 3780 1295 3834 putatur
1310 3787 1417 3834 sup.

294 3835 377 3883 lib.
402 3835 473 3892 iii,
490 3837 587 3883 435
604 3851 707 3898 sqq.
738 3837 937 3898 Torquet
958 3836 1004 3885 h.
1029 3836 1061 3884 1.
1085 3835 1229 3899 regie,
1250 3835 1417 3884 mode-

294 3899 434 3957 raris,
452 3899 665 3964 proprie,
688 3899 859 3957 flectis,
882 3911 939 3948 ut
960 3915 1169 3949 currum.
1222 3903 1419 3960 Quaeque

294 3966 506 4012 AEtheris
524 3967 613 4012 alu·
634 3966 829 4027 Religio.
878 3964 1099 4012 variavit
1120 3964 1417 4019 orationem

296 4029 343 4076 h.
368 4028 623 4076 AEtherem
645 4027 835 4076 invoco.
906 4029 959 4076 Si
982 4044 1163 4078 numen
1186 4029 1231 4078 ei
1264 4039 1353 4088 eet,
1377 4027 1421 4078 si

294 4092 521 4155 religiose
552 4092 743 4149 colitur,
769 4092 917 4141 etiam
950 4092 1235 4156 religionem
1264 4094 1415 4142 aethe·

295 4156 365 4205 ris
398 4173 506 4205 esse
538 4171 739 4206 necesse
772 4165 875 4206 est:
912 4157 1026 4206 hinc
1060 4172 1203 4205 suum
1234 4174 1419 4219 quaque

296 4231 387 4269 etc.
411 4221 568 4285 petiit.
618 4223 835 4270 Convenit
850 4241 866 4270 .-
900 4219 1177 4283 σνγκείταις
1204 4236 1415 4269 conven-

298 4294 403 4334 tum
426 4295 533 4335 esto
554 4285 607 4334 in
628 4287 735 4344 hoc,
760 4296 829 4335 ut.

368 4350 475 4406 187,
514 4351 621 4399 188.
668 4354 753 4400 ‚sta
796 4357 997 4398 nostrum
1038 4354 1253 4398 annuerit
1294 4351 1422 4397 nobis

308 4415 513 4463 Victoria
555 4417 758 4464 Martem
774 4435 791 4462 .·
844 4425 917 4464 est
962 4414 1149 4462 doctior
1191 4411 1419 4477 loquendi

1483 3062 1610 3112 ratio
1649 3079 1740 3128 pro
1787 3063 1990 3128 vulgari,
2025 3064 2068 3114 si
2113 3065 2343 3115 annuerit
2375 3066 2608 3125 Victoria,

1482 3127 1673 3185 faverit,
1713 3137 1892 3178 nosue
1927 3145 2132 3194 pugnoe;
2179 3131 2310 3193 quod
2353 3132 2408 3180 fit
2450 3131 2610 3182 fausto

1484 3194 1590 3254 ejus
1625 3191 1786 3240 exitu:
1823 3207 1970 3252 nunc,
2003 3211 2114 3243 cum
2149 3211 2238 3259 pro
2273 3211 2438 3260 pugna
2469 3197 2610 3246 Mars

1484 3255 1742 3304 memorari
1773 3255 1940 3314 soleat,
1977 3273 2067 3322 pro
2104 3274 2139 3321 p
2239 3275 2282 3306 oe
2319 3269 2500 3308 eventu
2527 3277 2606 3309 se-

1482 3319 1644 3368 cundo
1685 3327 1888 3368 nostrum
1927 3323 2128 3370 Martem

1483 3383 1764 3442 secundum,
1781 3384 1970 3446 qualem
1987 3401 2078 3434 nos
2159 3395 2330 3434 tamus.
2374 3387 2451 3436 Ita
2469 3387 2608 3436 Mars

1485 3463 1584 3496 non
1616 3448 1760 3496 modo
1791 3463 2020 3512 pugnam,
2056 3466 2080 3499 s
2185 3460 2235 3499 et
2265 3450 2510 3498 fortunam
2556 3461 2608 3500 et

1484 3528 1761 3562 successum
1793 3529 1984 3578 pugnae,
2020 3514 2071 3562 in
2105 3523 2222 3562 noto
2255 3513 2340 3564 illo
2371 3514 2604 3563 denotat:

1482 3594 1610 3639 σφω
1631 3579 1802 3635 Marte,
1827 3588 1883 3626 ut
1913 3595 2019 3642 sup.
2045 3577 2126 3636 vii,
2153 3581 2248 3626 540
2278 3587 2328 3626 et
2357 3579 2418 3628 al.
2485 3581 2609 3628 Reor

1484 3642 1533 3690 h.
1557 3641 1588 3688 l.
1613 3656 1702 3704 pro
1721 3657 1877 3705 spero.

1557 3707 1647 3753 189
1670 3722 1772 3768 sqq.
1811 3705 1934 3755 Haec
1957 3707 2154 3770 egregie
2178 3723 2240 3756 ex
2265 3722 2323 3756 eo
2379 3707 2477 3756 uod
2498 3725 2613 3756 vere

1485 3769 1668 3818 factum
1685 3785 1792 3818 esse
1809 3786 1872 3818 ex
1889 3771 2105 3820 historiis
2118 3781 2310 3820 constat
2385 3774 2610 3822 umbrata

1484 3843 1613 3883 sunt.

1555 3900 1822 3948 190—19³.
1871 3903 2074 3950 paribus
2103 3904 2292 3964 legibus.
2361 3901 2476 3950 Hoc
2503 3903 2608 3964 jam

1484 3963 1830 4028 praemunierat
1859 3975 2006 4028 poeta
2050 3965 2354 4014 oraculorum
2387 3976 2608 4014 veterum

1487 4028 1801 4077 auctoritate:
1839 4029 1897 4077 cf.
1935 4045 2042 4094 sup.
2067 4030 2150 4088 vii,
2175 4031 2283 4078 256.
2352 4034 2496 4078 Sacra
2526 4034 2608 4079 de-

1484 4110 1632 4155 osque,
1656 4093 1809 4142 intell.
1835 4094 2044 4143 Penates
2063 4109 2118 4142 ac
2141 4095 2356 4144 Vestam.
2403 4094 2610 4144 Latinus

1483 4157 1684 4206 habebit
1699 4173 1942 4206 summum
1959 4159 2220 4222 imperium
2241 4174 2352 4207 cum
2367 4161 2482 4220 jure
2503 4161 2606 4208 bel·

1486 4220 1550 4276 li;
1601 4231 1656 4270 ut
1693 4222 1814 4268 adeo
1853 4224 1944 4270 sub
1981 4239 2040 4272 eo
2077 4223 2267 4286 legibus
2305 4223 2408 4272 suis
2441 4223 2612 4274 vivant

1487 4283 1702 4345 TroJani.
1771 4288 1988 4335 Sollemne
2011 4287 2196 4352 accipio
2217 4287 2516 4351 legitimum:
2553 4300 2612 4338 ut

1486 4348 1646 4396 solent
1667 4365 1738 4406 ea,
1763 4363 1871 4411 quae
1887 4350 2106 4413 legitima
2125 4361 2256 4410 sunt,
2279 4353 2488 4402 sollenni
2511 4354 2610 4403 ritu

1486 4412 1684 4476 suscipi,
1711 4412 1850 4462 tradi.

2202 3322 2304 3379 ἐὴ,
2337 3324 2385 3370 h.
2421 3324 2608 3373 excitum
