3050 4934
448 217 582 321 4156

1345 255 1888 326 AENEIDOS

626 409 845 482 Quam
873 419 988 474 tua
1015 431 1124 487 ne,
1157 407 1433 494 spoliata
1461 409 1681 487 armis,
1710 429 1993 474 excussa
2018 409 2355 496 magistro,

624 510 964 576 Deficeret
990 510 1188 575 tantis
1219 510 1400 574 navis
1431 511 1853 595 surgentibus
1882 512 2101 577 undis.

449 611 580 675 355
624 611 798 677 Tres
829 611 1052 676 Notus
1079 612 1388 676 hibernas
1417 612 1731 678 immensa
1757 634 1880 697 per
1908 633 2175 698 aequora
2200 623 2428 678 noctes

623 712 830 778 Vexit
855 735 958 778 me
988 711 1308 778 violentus
1337 735 1545 798 aqua:
1590 715 1701 778 vix
1729 712 1968 779 lumine
1998 725 2236 798 quarto

624 813 950 900 Prospexi
980 813 1254 893 Italiam,
1287 837 1537 880 summa
1564 814 1855 881 sublimis
1885 816 1972 880 ab
2002 817 2202 880 unda.

625 915 972 982 Paullatim
997 917 1322 983 adnabam
1349 927 1579 982 terrae:
1616 917 1755 1002 jam
1784 927 1929 982 tuta
1956 919 2297 995 tenebam3

622 1017 717 1082 Ni
746 1040 910 1103 gens
941 1017 1226 1085 crudelis
1253 1018 1516 1084 madida
1546 1039 1694 1084 cum
1722 1029 1909 1084 veste
1937 1029 2300 1103 gravatum,

449 1119 582 1184 360
625 1118 1184 1204 Prensantemque
1211 1119 1396 1184 uncis
1423 1120 1723 1184 manibus
1752 1119 1970 1204 capita
2000 1141 2236 1204 aspera
2262 1119 2524 1197 montis,

624 1221 830 1286 Ferro
859 1222 1225 1299 invasisset,
1255 1222 1677 1306 praedamque
1704 1221 1933 1305 ignara
1958 1219 2283 1305 putasset.

621 1322 822 1389 Nunc
849 1345 953 1388 me
983 1323 1221 1388 fluctus
1249 1321 1476 1400 habet,
1510 1333 1904 1407 versantque
1932 1323 2000 1386 in
2027 1319 2247 1387 littore
2275 1321 2474 1388 venti.

623 1424 828 1497 Quod
857 1435 922 1489 te
950 1446 1074 1509 per
1101 1422 1250 1490 coeli
1269 1424 1639 1508 jucundum
1664 1422 1881 1488 lumen
1910 1434 1980 1488 et
2008 1445 2229 1501 auras,

622 1523 755 1589 Per
783 1525 1144 1610 genitorem
1173 1547 1313 1603 oro,
1344 1546 1466 1610 per
1495 1545 1649 1610 spes
1682 1525 2009 1609 surgentis
2041 1523 2205 1602 Iuli;

451 1627 582 1691 365
625 1625 834 1710 Eripe
861 1648 965 1691 me
992 1625 1122 1704 his,
1153 1626 1413 1704 invicte,
1443 1625 1663 1690 malis:
1710 1636 1825 1690 aut
1852 1637 1927 1691 tu
1956 1625 2113 1690 mihi
2140 1637 2383 1690 terram

623 1726 850 1812 Injice,
879 1749 1168 1813 namque
1187 1739 1403 1812 potes,
1431 1738 1795 1813 portusque
1824 1729 2085 1812 require
2118 1725 2428 1806 Velinos3

622 1827 768 1893 Aut
795 1839 891 1908 tu,
923 1830 978 1894 si
1005 1851 1138 1915 qua
1165 1829 1269 1892 via
1296 1839 1422 1906 est,
1455 1829 1511 1892 si
1540 1851 1734 1913 quam
1764 1829 1885 1892 tibi
1913 1828 2065 1893 diva
2092 1829 2377 1893 creatrix
2488 1867 2493 1871 ·

625 1931 962 2009 Ostendit,
995 1931 1234 2015 (neque
1263 1930 1458 2007 enim,
1487 1919 1711 2008 credo,
1743 1930 1881 1994 sine
1910 1930 2171 1994 numine
2202 1927 2421 1993 divam

625 2032 924 2097 Flumina
951 2042 1133 2096 tanta
1159 2053 1355 2117 paras
1387 2030 1813 2116 Stygiamque
1842 2032 2067 2096 innare
2096 2029 2457 2116 paludem)

456 2134 588 2199 370
632 2133 746 2197 Da
773 2133 1072 2198 dextram
1101 2132 1363 2210 misero,
1395 2143 1464 2196 et
1493 2143 1711 2196 tecum
1740 2155 1841 2198 me
1870 2131 2026 2198 tolle
2054 2153 2177 2217 per
2204 2132 2454 2210 undas;

627 2234 914 2299 Sedibus
941 2243 1019 2298 ut
1045 2232 1273 2298 saltem
1297 2231 1573 2318 placidis
1606 2234 1673 2297 in
1701 2244 1909 2298 morte
1938 2234 2292 2318 quiescam.

627 2334 820 2400 Talia
847 2335 1024 2401 fatus
1055 2344 1220 2412 erat,
1254 2335 1458 2419 coepit
1485 2356 1687 2418 quum
1716 2333 1873 2398 talia
1900 2345 2121 2399 vates:

627 2435 827 2503 Unde
856 2437 1021 2515 haec,
1052 2458 1095 2500 o
1123 2434 1454 2513 Palinure,
1487 2436 1609 2500 tibi
1636 2445 1770 2500 tam
1800 2435 1945 2500 dira
1972 2434 2259 2519 cupido?

567 2532 572 2537 ’
627 2539 740 2604 Tu
769 2539 1031 2624 Stygias
1060 2538 1438 2603 inhumatus
1468 2559 1697 2622 aquas,
1728 2557 2111 2622 amnemque
2144 2557 2439 2601 severum

455 2643 584 2708 375
630 2641 1070 2708 Eumenidum
1097 2640 1445 2724 adspicies,
1475 2640 1765 2724 ripamve
1794 2638 2082 2724 injussus
2112 2639 2369 2704 adibis?

629 2743 881 2808 Desine
909 2739 1045 2807 fata
1074 2739 1270 2806 defim
1297 2739 1471 2805 flecti
1503 2761 1773 2825 sperare
1802 2740 2159 2825 precando.

631 2844 767 2911 Sed
797 2867 960 2930 cape
989 2844 1165 2910 dicta
1191 2863 1459 2920 memor,
1491 2842 1641 2907 duri
1674 2842 1903 2907 solatia
1930 2863 2161 2906 casus:

629 2945 808 3011 Nam
835 2957 951 3010 tua
977 2944 1255 3020 finitimi,
1285 2942 1479 3027 longe
1505 2941 1769 3027 lateque
1799 2965 1920 3028 per
1950 2943 2152 3008 urbes

632 3046 958 3130 Prodigiis
989 3045 1117 3108 acti
1145 3042 1547 3121 coelestibus,
1580 3066 1733 3108 ossa
1760 3044 2073 3129 piabunt3

458 3149 590 3214 380
635 3147 729 3212 Et
761 3156 1052 3212 statuent
1079 3144 1420 3223 tumulum,
1451 3156 1522 3212 et
1552 3144 1803 3211 tumulo
1832 3145 2167 3212 sollemnia
2192 3146 2487 3226 mittent3

525 3409 634 3458 353.
671 3410 830 3458 Arinis
849 3421 942 3472 pro
970 3399 1299 3469 &ubernaculo
1318 3405 1368 3453 h.
1393 3405 1425 3453 l.
1475 3408 1584 3459 Ex·-

459 3491 592 3524 eussa
629 3476 850 3536 magistro
884 3468 1174 3533 exquisitior
1203 3468 1330 3518 ratio
1361 3485 1452 3534 pro
1473 3469 1584 3517 vul—

477 3537 1063 3654 ωᾴὶ,”””3υ.,“ζιῖῗῃὲῗέἰῖἕ”
1101 3533 1332 3584 “mm
1354 3535 1502 3584 *⁹¹*
1523 3533 1589 3583 ”⁶¹

523 3667 795 3717 855—359.
831 3667 1074 3730 Compara
1105 3665 1268 3713 locum
1306 3664 1369 3711 de
1407 3663 1583 3727 Ulysse

457 3733 632 3797 Odyss.
657 3751 696 3790 ε,
712 3733 807 3780 388
831 3747 932 3794 sqq.
992 3732 1174 3777 Summa
1190 3731 1398 3777 sublimis
1413 3731 1473 3776 ab
1494 3745 1581 3776 tm-

457 3801 534 3855 da,
554 3797 670 3846 ibid.
697 3797 807 3854 898,
829 3791 1050 3855 μεγάλου
1069 3793 1163 3842 ἀπὸ
1184 3791 1392 3854 κύματος
1413 3791 1581 3855 ἀρθείς.

457 3861 720 3910 Palinurus
739 3859 854 3908 navi
869 3873 1105 3906 excussus
1120 3857 1182 3904 ad
1200 3857 1339 3905 littus
1353 3856 1586 3904 Lucaniae

455 3934 752 3984 enataverunt,
794 3923 881 3972 sed
914 3937 945 3971 a
973 3921 1192 3970 barbaris
1237 3921 1426 3970 occisus
1464 3935 1581 3984 pro-

455 3990 700 4040 montorio
731 4003 912 4038 nomen
943 3985 1229 4036 Palinurum
1263 3983 1413 4033 dedit.
1471 3987 1585 4033 Cum

454 4064 578 4105 veste
608 4063 868 4120 gravatum,
910 4061 996 4100 aut
1029 4059 1087 4099 ut
1120 4065 1180 4098 ea
1213 4059 1264 4098 et
1293 4049 1400 4114 ipsa
1439 4049 1587 4098 undis

455 4119 644 4170 haustis
769 4126 979 4174 veretur,
1013 4125 1100 4164 aut
1132 4125 1188 4163 ut
1221 4131 1324 4163 eum
1353 4113 1584 4172 abundet,

454 4184 528 4233 uti
547 4184 622 4234 int
709 4199 794 4232 um
815 4183 869 4230 in
890 4180 1050 4246 poetis
1073 4179 1210 4228 solet.

520 4248 791 4296 seo—366.
835 4249 1134 4294 Preoeantem
1149 4263 1166 4292 .-
1213 4245 1274 4292 ab
1314 4241 1585 4291 Homerico

456 4312 633 4376 Ulysse
658 4330 694 4367 ε,
714 4313 826 4369 428,
849 4311 960 4358 434.
1018 4312 1098 4358 Me
1115 4323 1292 4374 corpus
1311 4323 1418 4358 esse
1439 4306 1583 4356 facile

453 4374 786 4438 unusquisque
829 4373 976 4423 videt.
1045 4376 1216 4422 Portus
1265 4373 1446 4422 Velinus
1491 4387 1583 4437 per

453 4438 703 4507 prolepsin
726 4437 882 4487 dictos
901 4453 931 4486 a
951 4437 1093 4486 Velis
1108 4437 1160 4486 in
1182 4437 1358 4488 iisdem
1375 4436 1496 4486 locis
1517 4437 1582 4485 ad

1652 3405 1939 3454 Palinurum
1966 3405 2353 3470 promontorium
2376 3405 2639 3470 aliquando
2658 3423 2777 3457 con-

1650 3469 1825 3528 denda,
1850 3469 1937 3518 ubi
1958 3469 2165 3520 cadaver
2179 3471 2385 3534 jacebat.

1718 3533 1991 3585 367—371.
2026 3537 2151 3584 Diva
2174 3539 2389 3595 creatrix,
2413 3544 2572 3584 mater
2586 3536 2776 3596 AEneae,

1652 3598 1824 3648 Venus
1839 3617 1851 3654 ς
1876 3611 1933 3648 ut
1948 3615 2107 3648 creare
2114 3615 2216 3676 pro
2228 3615 2415 3664 parere.
2470 3601 2643 3649 Insere
2661 3602 2777 3650 doc-

1648 3661 1749 3710 tius
1802 3679 1913 3711 mm
1937 3663 2129 3727 ingredi
2152 3663 2349 3722 flumen,
2373 3663 2523 3724 adire,
2546 3665 2780 3730 navigare

1648 3743 2005 3841 {affin
2015 3731 2239 3841 &iffi
2246 3729 2418 3842 {¹552
2456 3738 2642 3852 ..522
2658 3730 2781 3858 ¹43¹.

1650 3865 1812 3905 nautae
1838 3871 2034 3922 semper
2070 3873 2098 3905 v
2226 3867 2319 3906 tur.
2376 3857 2565 3907 Versus
2596 3859 2694 3910 370
2716 3875 2779 3908 ex

1652 3921 1793 3969 Iliad.
1814 3924 1863 3983 ψ,
1884 3921 1946 3971 75
1962 3921 2225 3970 subustus:
2248 3921 2330 3970 καί
2343 3939 2423 3983 μοι
2436 3923 2517 3973 δὸς
2530 3923 2625 3981 τὴν
2639 3923 2779 3987 χεῖρ’,

1649 3984 1957 4048 ὀλοφύρομαι,
1980 3985 2190 4034 Patrocli
2212 3987 2399 4036 umbra.

1715 4049 1987 4100 374-380,
2022 4053 2215 4099 Amnem
2246 4067 2447 4100 severum
2484 4051 2557 4112 (h.
2590 4068 2633 4101 e.
2662 4051 2777 4102 tris-

1650 4121 1764 4172 tem,
1784 4113 2108 4176 horrendum)
2142 4117 2447 4164 Remmium
2468 4115 2611 4165 docte
2632 4116 2777 4176 dixit,

1648 4178 1819 4228 eodem
1869 4178 2015 4227 modo
2062 4194 2119 4228 ac
2162 4178 2205 4228 si
2246 4179 2449 4229 deorum
2494 4180 2777 4240 inferorum,

1650 4243 1957 4308 Proserpina
1974 4244 2051 4294 vel
2072 4245 2289 4304 Hecatae,
2314 4245 2601 4310 appellares.
2654 4249 2781 4309 Cape

1646 4324 1825 4365 πεπτω,
1863 4318 1978 4357 tene
2022 4308 2270 4358 memoria.
2328 4311 2453 4357 Nam
2492 4319 2549 4357 ut
2584 4307 2681 4374 γὰρ
2717 4311 2779 4359 ab

1644 4381 2054 4487 ωοιῶ·
2064 4373 2622 4502 1:335...
2632 4377 2775 4488 ⁸:5-

2016 4473 2030 4496 Ι
2450 4473 2464 4498 2
