3050 4934
1241 250 1595 323 LIBER
1641 258 1695 323 Ι.

2515 262 2635 323 193

501 407 626 471 His
659 430 932 473 accensa
965 430 1186 492 super,
1211 409 1494 492 jactatos
1526 432 1789 494 aequore
1822 422 1961 475 toto
2311 485 2320 494 ἱ

365 509 454 571 30
497 508 736 586 Trou,
760 509 1064 594 reliquias
1097 508 1404 574 Danai‘im
1433 522 1631 595 atque
1663 512 1919 575 immitis
1950 511 2213 588 Achilli,
2321 503 2349 594 Χ

498 609 795 674 Arcebat
819 609 1013 695 longe
1049 611 1276 688 Lati03
1322 610 1688 696 multosque
1720 635 1839 697 per
1866 636 2069 677 annos

505 710 839 783 Errabant
866 712 994 776 acti
1025 710 1174 775 fatis
1205 714 1407 775 maria
1435 716 1649 777 omnia
1675 716 1936 779 circum.

503 811 740 877 Tantae
769 812 955 877 molis
987 824 1128 877 erat
1157 812 1520 878 Romanam
1550 816 1833 880 condere
1864 827 2143 900 gentem.

2186 878 2232 893 0„-

586 911 720 979 Vix
749 936 786 978 e
818 923 1176 999 conspectu
1207 914 1444 979 Siculae
1475 915 1720 980 telluris
1750 918 1819 980 in
1848 916 2051 983 altum

369 1016 456 1078 35
501 1013 670 1080 Vela
699 1014 966 1091 dabant,
1000 1014 1132 1079 laeti
1159 1025 1228 1078 et
1259 1038 1522 1098 spumas
1554 1016 1705 1081 salis
1735 1040 1865 1081 aere
1895 1020 2208 1097 ruebant;

505 1116 729 1189 Quum
759 1116 960 1193 Juno,
992 1128 1308 1180 aeternum
1339 1140 1605 1182 servans
1638 1119 1760 1183 sub
1791 1130 2058 1203 pectore
2090 1120 2345 1198 vulnuS,

500 1217 666 1282 Haec
699 1240 954 1283 secum:
1003 1218 1206 1283 Mene
1235 1220 1496 1302 incepto
1526 1219 1846 1284 desistere
1878 1223 2135 1299 victam,

497 1318 645 1383 Nec
679 1342 872 1403 posse
906 1318 1094 1384 Italia
1123 1318 1536 1385 Teucrorum
1564 1333 1859 1387 avertere
1888 1346 2109 1407 regem
2134 1328 2147 1387 !

501 1420 768 1506 Quippe
801 1432 986 1486 vetor
1013 1422 1188 1486 fatis.
1267 1421 1571 1488 Pallasne
1602 1447 1879 1489 exurere
1909 1425 2182 1491 classem

371 1523 457 1587 40
499 1523 840 1609 Argivum,
873 1536 1069 1608 atque
1098 1525 1276 1608 ipsos
1307 1526 1522 1608 potuit
1554 1528 1972 1611 submergere
2002 1517 2225 1613 pontu,

413 1731 444 1789 ‘‚
481 1740 558 1780 est
592 1731 864 1796 repositum
901 1730 956 1778 in
991 1730 1156 1779 animo
1189 1732 1297 1787 alte,
1334 1746 1448 1795 pro-

323 1747 488 1845 me.
547 1795 888 1860 Comparanda
908 1804 1072 1843 autem
1101 1810 1214 1843 cum
1235 1795 1314 1844 his
1339 1796 1446 1844 Ho-

327 1860 510 1909 merica
554 1860 612 1909 11.
647 1878 698 1919 ω,
733 1862 942 1908 26-30.
1012 1860 1239 1907 Formam
1277 1860 1447 1907 adum-

325 1925 486 1973 bravit
518 1925 704 1973 Statius
726 1925 881 1973 Theb.
905 1924 938 1981 i,
965 1924 1074 1971 246.
1133 1923 1268 1972 Hinc
1303 1923 1447 1972 ovid.

329 1988 515 2037 Fastor.
554 1989 616 2046 vi,
651 1992 731 2047 43,
770 1992 924 2037 Causa
959 1991 1128 2049 duplex
1149 1985 1246 2036 ’ἰν-ιε
1261 2008 1278 2037 .·
1318 1996 1454 2050 rapto

331 2056 594 2116 Ganymede
630 2057 867 2107 dolebavm·
913 2056 1083 2101 Forma
1119 2068 1291 2115 quoque
1331 2055 1454 2101 Ideo

311 2117 480 2181 jndice
509 2122 632 2166 victa
659 2134 760 2165 mea
781 2126 864 2166 eet.
921 2118 1166 2165 Caeterum
1188 2132 1358 2165 versus
1379 2126 1456 2165 est

327 2197 392 2230 ex
429 2181 765 2231 ornatissimis.
843 2184 1021 2244 Spreta
1059 2182 1238 2243 intineris
1269 2179 1452 2243 sor-ma,

327 2246 570 2309 adjectum
591 2247 653 2294 ad
671 2246 1011 2295 declarandam
1026 2244 1200 2307 judicii
1223 2245 1451 2293 indolem.

327 2314 493 2373 Spreta
498 2310 668 2373 forma,
691 2320 766 2359 est
783 2310 996 2359 Junonis
1011 2309 1323 2373 pulchritudo
1340 2310 1451 2373 pul-

325 2374 592 2424 chritudini
629 2375 836 2423 Veneris
868 2373 1174 2439 posthabita;
1211 2382 1274 2429 et,
1299 2390 1450 2436 quan-

327 2439 587 2503 doquidem
609 2439 661 2487 id
682 2456 794 2488 cum
817 2440 848 2486 J
851 2438 1028 2487 unonis
1049 2437 1228 2499 injuria
1257 2437 1452 2496 factum,

326 2504 419 2552 hoc
453 2502 662 2568 plenius,
703 2512 870 2565 epretae
891 2502 1060 2564 forma
1093 2502 1282 2565 injuria.
1358 2504 1448 2550 Ge-

329 2586 413 2617 nm
444 2571 653 2625 invisum,
675 2576 877 2632 propter
904 2567 1204 2624 Dardanum,
1229 2566 1370 2613 Jovis
1401 2575 1454 2614 et

328 2632 552 2690 meon-ae,
584 2631 788 2696 pellicis,
823 2630 934 2679 filiae
971 2630 1198 2687 Atlantis,
1229 2628 1398 2686 fllium,
1423 2645 1454 2677 a

328 2713 424 2761 quo
446 2695 648 2758 Trojani
665 2696 848 2744 ducunt
871 2694 1121 2759 originem.
1157 2696 1304 2755 Rapit·
1327 2694 1450 2753 (vid.

331 2761 445 2809 AEn.
484 2777 529 2818 v,
573 2759 693 2822 255)
741 2762 1020 2822 Ganymedis
1056 2762 1254 2815 honores,
1303 2758 1448 2804 mini-

327 2824 532 2873 sterium
659 2824 866 2881 ulorum,
899 2824 960 2871 ad
992 2821 1121 2885 quod
1143 2822 1453 2885 Ganymedes

329 2900 562 3001 ’Ἢ
605 2904 696 3001 ‘23³³
719 2886 1456 3014 natust

459 2988 472 3010 ι
562 2987 574 3000 ·
663 2970 705 3000 u
1087 2984 1100 3007 ι
1350 2969 1362 3005 i

328 3017 394 3066 sit
428 3020 685 3081 junctura:
734 3018 797 3064 Ia
831 3022 1456 3077 ’semem—memorque—et

329 3085 516 3145 insuper
535 3084 610 3129 his
627 3098 832 3137 accensa,
855 3083 1042 3129 arcebat
1057 3098 1074 3126 .-
1103 3078 1197 3127 vid.
1219 3078 1282 3127 ad
1304 3096 1348 3128 v.
1375 3080 1452 3127 25.

329 3149 569 3209 Reliquias
591 3148 818 3202 Danaam,
842 3160 872 3192 a
897 3144 1084 3193 Danais
1105 3153 1156 3191 et
1177 3144 1238 3191 ab
1262 3142 1454 3191 Achille

328 3210 525 3259 relictos
547 3210 812 3273 Trojanos3
848 3208 932 3271 qui
954 3207 1256 3256 Achivorum
1283 3222 1455 3255 manus

329 3274 612 3339 effugerant.
683 3274 808 3323 Mox
833 3274 997 3321 mauu
1025 3288 1179 3330 annos,
1203 3272 1251 3319 h.
1277 3286 1318 3319 e.
1343 3286 1454 3336 sep-

333 3350 446 3387 tem.

397 3406 474 3462 32,
515 3405 592 3451 8³.
641 3406 752 3451 Actu·
777 3399 917 3463 satis,
956 3416 1056 3449 nou
1091 3409 1192 3449 tam
1227 3399 1457 3461 quoniam

330 3469 422 3517 hoc
453 3467 667 3516 sunonis
695 3466 862 3515 odium
895 3466 1040 3513 fatale
1073 3473 1206 3519 erat;
1246 3464 1332 3513 sed
1363 3480 1452 3529 po-

331 3530 696 3645 {22:13333'3
718 3529 900 3644 MA&
923 3530 1458 3650 ffiffissffisfflffi?

896 3628 909 3653 9

333 3661 460 3709 tatis.
547 3661 609 3709 In
647 3676 818 3725 prosa:
867 3668 968 3708 tam
998 3656 1194 3705 difficile
1239 3666 1358 3713 erat,
1401 3666 1458 3705 ut

331 3724 534 3788 Troiani
577 3724 630 3773 in
673 3724 870 3773 Latium
918 3721 1248 3787 pervenirent,
1293 3720 1458 3783 ibique

332 3789 528 3902 stirpis?i
540 3804 568 3837 e
591 3804 686 3852 qua
709 3787 921 3837 Romani
943 3786 1116 3835 orituri
1139 3796 1318 3844 essent,
1343 3801 1455 3833 auc-

613 3863 680 3901 nl.

339 3865 478 3967 mx.
516 3868 630 3975 ᾗ,
659 3926 716 3966 ut
748 3916 800 3965 in
825 3917 1058 3980 Odyssea,
1091 3914 1141 3962 in
1165 3914 1350 3987 medias
1380 3928 1462 3987 res

334 3981 577 4047 abripitur
597 3981 762 4030 lector.
807 3979 1065 4036 Quomodo
1087 3978 1220 4027 enim
1243 3994 1270 4026 e
1295 3977 1462 4025 Sicilia

335 4046 551 4105 solverit,
577 4046 775 4103 AEneas
792 4044 1000 4108 quitum
1021 4043 1175 4091 classe
1193 4042 1244 4090 in
1267 4042 1461 4116 ltaliam

337 4111 580 4170 tendebat,
623 4110 750 4159 infra
788 4109 1058 4157 videbimus
1093 4108 1184 4155 sub
1221 4107 1371 4155 finem
1399 4106 1459 4154 11-

337 4175 411 4224 bri
435 4174 504 4223 iii.
563 4175 664 4223 Sed
690 4183 978 4249 tempestate
1003 4188 1118 4221 mox
1139 4180 1246 4219 orta
1267 4187 1296 4219 a
1318 4186 1464 4219 cursu

336 4240 588 4297 avertitur,
613 4248 664 4287 et
685 4238 747 4286 ad
771 4238 908 4287 littus
933 4236 1126 4295 Africae,
1151 4246 1342 4284 tantum
1365 4250 1464 4282 non

337 4304 590 4367 naufragio
625 4304 764 4360 facto,
803 4302 1008 4365 ejicitur.
1079 4301 1264 4349 Rerum
1301 4308 1464 4348 autem

337 4368 560 4417 ordinem
580 4368 832 4432 ipsamque
849 4366 970 4415 adeo
987 4364 1252 4413 dictionem
1272 4364 1334 4412 ad
1354 4364 1462 4411 Ho-

335 4432 460 4481 meri
505 4432 788 4497 exemplum
831 4430 1042 4481 instituit
1085 4429 1260 4493 Odyss.
1303 4447 1340 4486 ε,
1381 4426 1465 4477 ubi

1519 1732 1719 1796 Ulysses
1756 1749 1783 1781 e
1822 1733 2061 1797 Calypsus
2096 1734 2257 1783 insula
2300 1737 2517 1785 Ithacam
2554 1756 2638 1801 pe-

1517 1805 1641 1851 tens,
1684 1812 1795 1845 cum
1832 1800 1935 1859 jam
1975 1798 2249 1847 Phaeaciam
2288 1800 2339 1847 in
2378 1814 2643 1865 conspeetu

1515 1862 1730 1919 haberet,
1766 1870 2057 1925 tempestate
2094 1878 2124 1910 a
2160 1864 2395 1928 Neptuno
2433 1865 2645 1914 excitata

1517 1925 1779 1989 naufragus
1824 1934 2002 1974 enatat.
2082 1928 2225 1981 Quod
2270 1928 2338 1976 ibi
2379 1929 2643 1993 Neptunus

1515 1990 1647 2046 facit,
1680 1990 1915 2038 tributum
1940 1990 1987 2038 h.
2014 1991 2043 2038 l.
2070 1991 2230 2050 AEolo,
2255 1993 2478 2055 quodque
2509 1996 2639 2043 Leu-

1517 2054 1703 2111 cothea,
1726 2054 1807 2103 hic
1832 2056 2079 2119 Neptuno.
2142 2056 2201 2104 In
2228 2058 2449 2105 Homero
2480 2068 2643 2107 tamen

1519 2120 1672 2179 major
1701 2134 1865 2167 rerum
1887 2119 2097 2169 varietas
2118 2121 2505 2185 narrationisque
2528 2139 2640 2172 sua-

1519 2182 1659 2231 vitas.

1586 2249 1662 2294 35.
1716 2250 1829 2295 Vela
1858 2251 2047 2306 dabant,
2079 2265 2189 2297 cum
2225 2266 2315 2313 per
2346 2252 2643 2315 epexegesin

1518 2311 1611 2359 hoc
1646 2310 1796 2359 vellet
1834 2311 2093 2375 explicare,
2130 2314 2303 2362 saltem
2338 2316 2501 2365 verbis
2540 2326 2645 2365 erat

1520 2375 1807 2432 ornandum,
1846 2392 1957 2424 cum
1991 2377 2235 2425 sententia
2270 2379 2441 2427 eadem
2474 2396 2641 2430 mane-

1519 2448 1623 2495 ret;
1666 2439 1831 2501 itaque
1869 2457 2051 2501 spumas
2086 2444 2214 2499 salis,
2254 2439 2424 2502 ἅλμης,
2464 2444 2641 2499 maris;

1517 2502 1731 2551 occurrit
1758 2512 1809 2551 et
1836 2503 1966 2553 alibi.
2036 2508 2167 2563 AEre,
2190 2514 2339 2553 aerata
2370 2506 2496 2564 navi,
2528 2508 2643 2569 (nec

1515 2566 1663 2615 modo
1690 2575 1843 2614 rostra
1863 2576 2010 2615 aerata
2033 2567 2119 2615 sed
2146 2578 2197 2615 et
2218 2586 2396 2631 puppes
2416 2579 2576 2619 «ει-σέο
2595 2582 2647 2619 et

1515 2648 1662 2688 aereae,
1700 2640 1757 2677 ut
1788 2631 1901 2679 AEn.
1928 2648 1972 2688 v,
2002 2631 2136 2692 198,)
2166 2636 2375 2692 ruebant,
2400 2636 2643 2693 secabant,

1517 2704 1573 2744 ut
1596 2704 1725 2741 terra
1746 2698 1900 2743 ruitur
1920 2696 2057 2743 sulco
2078 2696 2220 2753 facto,
2245 2698 2445 2747 eruitur.
2506 2702 2643 2757 ἰωή,

1517 2758 1714 2815 alacres,
1744 2758 1913 2817 Italiae,
1946 2760 2165 2808 laborum
2190 2770 2344 2820 metae,
2370 2778 2500 2811 nunc
2533 2773 2640 2813 tan-

1517 2822 1631 2871 dem
1654 2822 1921 2886 propiores,
1946 2822 2185 2885 πρόθυμοι.

1585 2888 1792 2936 36-39.
1826 2890 2069 2936 AEternum
2090 2892 2265 2945 vulnus,
2285 2892 2367 2952 qui
2387 2909 2431 2939 v.
2456 2894 2515 2939 26
2535 2898 2647 2943 saem'

1517 2954 1723 3005 dolone.-
1760 2951 1790 2999 i.
1816 2967 1858 2999 e.
1883 2952 1983 3000 ira:
2020 2952 2089 3000 ita
2117 2955 2203 3002 Gr.
2231 2950 2386 3004 ἕλκος.
2443 2959 2647 3005 Mene-

1519 3018 1739 3064 desistere
1754 3035 1769 3063 .-
1818 3031 1981 3065 nonne
2019 3016 2281 3067 dolendum
2322 3029 2399 3067 est
2438 3035 2517 3069 me
2556 3021 2641 3069 de-

1519 3079 1725 3129 sistere?
1763 3080 2036 3129 infinitivus
2058 3082 2121 3129 ad
2150 3082 2537 3146 indignationem
2558 3085 2645 3134 de-

1517 3144 1797 3193 clarandam
1826 3155 2101 3209 usurpatus.
2156 3146 2461 3197 Adumbrata
2482 3159 2647 3199 autem

1519 3210 1549 3256 J
1556 3208 1735 3256 unonis
1767 3208 2037 3273 indignatio
2068 3226 2132 3258 ex
2159 3211 2331 3275 Odyas.
2360 3232 2397 3270 ε,
2424 3216 2514 3262 281
2541 3230 2645 3278 sqq.

1522 3272 1609 3321 uhi
1639 3272 1815 3321 similis
1836 3274 1991 3322 oratio
2014 3276 2251 3340 Neptuni.
2321 3277 2457 3327 Hinc
2482 3278 2649 3329 nullus

1521 3336 1624 3385 fere
1647 3346 1723 3385 est
1743 3348 1888 3401 poeta
1910 3339 1994 3400 qui
2018 3354 2117 3387 non
2138 3340 2348 3389 eundem
2368 3342 2432 3389 ad
2450 3344 2649 3393 modum

1523 3399 1645 3449 iram
1668 3400 1873 3465 alicujus
1894 3402 1973 3450 dei
1997 3402 2209 3452 finxerit.
2262 3404 2484 3455 Similem
2505 3423 2645 3472 pror-

1521 3480 1605 3513 sus
1637 3465 1798 3513 locum
1820 3466 2011 3515 videbis
2041 3467 2126 3515 inf.
2159 3467 2241 3515 lib.
2270 3468 2349 3526 vii,
2374 3472 2647 3528 286—320,

1521 3543 1683 3641 {¹332
1706 3545 2047 3655 ῗὲῗὲῖιῗῖἐὲ
2054 3534 2649 3659 ’ἑίῗηῖῗὲῗέἐζωῖῗὲ

1523 3667 1576 3705 et
1605 3656 1958 3720 indignationis
1988 3656 2226 3721 impetum
2260 3658 2557 3723 intercepta3
2593 3670 2649 3710 ut

1523 3721 1737 3771 solemus
1780 3720 1833 3769 in
1877 3736 2055 3783 magno
2098 3720 2249 3769 animi
2292 3731 2429 3771 motu
2471 3724 2646 3788 eloqui.

1532 3789 1711 3834 Victum
1742 3784 1937 3849 poetica
1966 3784 2109 3850 copia
2138 3785 2379 3847 adiicitur.
2453 3789 2645 3837 Teucro-

1525 3867 1627 3897 rum
1665 3866 1829 3915 regem,
1869 3850 2058 3898 ducem.
2128 3850 2509 3901 Exclamationis
2548 3853 2646 3916 sig-

1526 3929 1643 3963 num
1666 3930 1757 3979 pro
1774 3914 1915 3977 signo
1937 3914 2331 3978 interrogationis
2352 3926 2465 3979 post
2485 3932 2651 3979 regem

1525 3978 1682 4043 posui.
1744 3982 1923 4041 Quippe
1944 3978 2128 4027 ironice
2154 3990 2441 4042 usurpatum
2464 3980 2559 4029 vid.
2584 3981 2650 4039 iv,

1528 4044 1639 4091 218.
1710 4042 1879 4091 Itonia
1898 4042 2127 4091 convenit
2146 4043 2434 4107 indignanti.

1595 4108 1672 4164 39,
1706 4108 1784 4154 40.
1834 4106 2002 4155 Potuit
2034 4117 2196 4154 tamen
2231 4108 2406 4167 Pallas,
2446 4110 2653 4173 (quanto

1529 4170 1686 4233 magis
1730 4186 1834 4235 ego,
1878 4170 1983 4232 46,)
2028 4171 2105 4219 vel
2142 4180 2313 4221 contra
2354 4174 2453 4223 fata
2498 4174 2568 4237 (h.
2608 4191 2651 4223 e.

1531 4236 1751 4299 quamvis
1784 4235 1971 4284 faustus
2006 4234 2191 4283 reditus
2229 4235 2329 4285 fato
2362 4247 2469 4287 erat
2500 4238 2651 4289 desti·

1529 4300 1714 4359 natus),
1753 4300 2053 4348 Achivorum
2086 4300 2290 4349 classem
2328 4302 2513 4352 coelesti
2550 4303 2653 4378 igni

1531 4365 1814 4412 comburere
1842 4374 1892 4411 et
1926 4363 2153 4413 fluctibus
2187 4366 2481 4429 opprimere,
2508 4384 2656 4417 umus

1533 4427 1700 4490 Ajacis
1723 4427 1985 4477 ulciscendi
2016 4444 2175 4479 causa.
2246 4430 2443 4481 Fabulae
2476 4431 2655 4481 fundus

1458 4494 1541 4539 2c
