3050 4934
471 198 557 259 88

1288 191 1960 257 GEORGICON

644 346 972 429 Denique,
1006 344 1162 428 quid
1194 366 1427 429 vesper
1458 366 1644 411 serus
1673 344 1890 422 vehat,
1921 345 2097 408 unde
2129 365 2392 409 serenas

645 447 903 511 Ventus
932 457 1088 529 agat
1114 446 1348 523 nubes,
1378 446 1538 530 quid
1569 448 1812 529 cogitet
1839 444 2145 510 humidus
2175 443 2450 521 Auster,

643 547 759 611 Sol
789 548 905 611 tibi
937 548 1123 636 signa
1150 547 1368 612 dabit:
1417 546 1636 611 Solem
1665 548 1812 631 quis
1843 547 2062 611 dicere
2091 544 2327 609 falsum

641 650 953 716 Audeat?
1000 650 1118 715 Ille
1148 652 1345 715 etiam
1372 673 1581 717 caecos
1613 653 1855 715 instare
1885 649 2202 715 tumultus

470 754 599 817 1165
642 753 837 837 Saepe
870 764 1110 829 monet,
1142 752 1568 836 fraudemque
1599 763 1667 816 et
1697 762 1928 836 operta
1959 763 2320 815 tumescere
2351 748 2544 814 bella.

640 853 755 917 Ille
786 853 981 917 ctiam
1010 853 1335 917 exstincto
1364 855 1708 917 miseratus
1741 852 2002 917 Caesare
2034 852 2335 929 Romam,

643 955 869 1027 Quum
900 964 1100 1038 caput
1129 954 1411 1018 obscura
1440 954 1718 1019 nitidum
1747 952 2078 1036 ferrugine
2110 953 2296 1028 texit,

642 1056 979 1140 Impiaque
1010 1066 1320 1119 aeternam
1352 1056 1706 1119 timuerunt
1737 1052 1975 1117 saecula
2003 1063 2281 1117 noctem.

644 1156 973 1241 Tempore
1004 1178 1375 1239 quanquam
1404 1154 1514 1219 illo
1546 1153 1738 1218 tellus
1768 1176 2053 1239 quoque,
2084 1165 2155 1218 et
2182 1174 2449 1236 aequora
2475 1153 2682 1235 ponti,

469 1257 599 1321 470
644 1256 1091 1341 Obscoenique
1122 1278 1341 1332 canes,
1372 1256 1890 1340 importunaeque
1922 1254 2242 1331 volucres,

642 1358 846 1442 Signa
876 1356 1141 1420 dabant.

1236 1355 1518 1429 Quoties
1551 1355 1910 1440 Cyclopum
1939 1354 2256 1419 effervere
2285 1354 2354 1419 in
2383 1375 2577 1438 agros

645 1459 947 1523 Vidimus
978 1457 1333 1522 undantem
1362 1458 1574 1541 ruptis
1604 1448 1980 1521 fornacibus
2011 1456 2308 1532 AEtnam‚

644 1559 1205 1644 Flammarumque
1234 1558 1467 1642 globos
1496 1557 1980 1642 liquefactaque
2009 1556 2266 1622 volvere
2298 1560 2486 1621 saxa!

648 1660 1001 1725 Armorum
1032 1662 1315 1726 sonitum
1346 1670 1487 1723 toto
1521 1658 1882 1723 Germania
1907 1657 2076 1723 coelo

476 1764 609 1826 475
652 1761 921 1841 Audiit;
967 1761 1241 1827 insolitis
1272 1770 1680 1838 tremuerunt
1707 1760 1990 1825 motibus
2021 1758 2252 1844 Alpes.

646 1863 802 1928 Vox
831 1886 1094 1948 quoque
1124 1884 1246 1948 per
1272 1862 1453 1927 lucos
1484 1860 1683 1945 vulgo
1710 1862 2023 1925 exaudita
2053 1860 2316 1924 silentes

645 1965 926 2048 Ingens;
972 1975 1042 2028 et
1070 1962 1411 2027 simulacra
1438 1963 1648 2026 modis
1677 1960 1988 2046 pallentia
2017 1962 2191 2025 miris

648 2066 811 2129 Visa
840 2065 963 2129 sub
994 2066 1343 2129 obscurum
1370 2064 1619 2140 noctis;
1665 2063 2088 2147 pecudesque
2116 2060 2427 2146 loquutae,

537 2246 811 2294 461—463.
868 2246 1049 2301 Verbo,
1096 2260 1160 2293 ex
1211 2244 1315 2293 sole
1368 2244 1608 2319 praesagia

472 2310 675 2359 omnino
690 2310 903 2375 petimus
920 2308 1205 2365 certissima,
1220 2324 1329 2370 quoe
1346 2324 1475 2357 circa
1490 2324 1601 2357 ves-

473 2390 643 2438 peram
676 2374 788 2422 coeli
818 2373 980 2431 facies,
1012 2388 1187 2421 serena
1216 2388 1279 2421 an
1312 2372 1493 2431 nubila,
1526 2372 1604 2421 fu-

478 2450 587 2487 tura
601 2438 667 2487 sit
680 2456 691 2495 ς
717 2454 746 2486 a
762 2454 857 2501 qua
873 2437 983 2486 coeli
998 2446 1138 2501 parte
1152 2446 1329 2485 ventus
1341 2436 1608 2501 dispellens

479 2505 634 2552 nubes
668 2519 731 2551 an
764 2502 1011 2551 adducens
1040 2500 1231 2566 pluvias
1262 2511 1496 2550 venturus
1527 2502 1605 2550 sit.

478 2570 607 2620 Quid
669 2571 839 2629 cogitet
895 2569 1084 2625 Auster,
1148 2564 1395 2629 praeclare,
1462 2575 1610 2613 vento

474 2631 529 2679 in
563 2646 821 2695 personam
854 2640 1067 2677 mutato:
1106 2638 1162 2677 ut
1192 2645 1269 2693 ap.
1305 2630 1428 2677 Hor.
1464 2632 1606 2691 quod—

473 2693 1610 2820 22‘222353333'3‘50322‘53„ffiutpfflsffl

1074 2793 1085 2805 ·
1591 2792 1605 2817 2

476 2822 599 2869 facie
664 2822 953 2879 truculenta,
1018 2820 1212 2877 minaci,
1274 2821 1604 2885 superciliosa.

478 2889 623 2934 Solem
646 2890 749 2947 qais
766 2890 917 2935 dicere
927 2884 1119 2948 salsum.
1176 2885 1309 2933 Hinc
1333 2886 1466 2935 color
1486 2886 1605 2935 duc-

460 2952 558 2998 'tus
592 2950 763 2999 Manil.
793 2950 845 3009 ii,
876 2952 980 3007 184,
1011 2951 1117 3007 135,
1150 2953 1283 3002 Quod
1296 2948 1494 3011 fortuna
1525 2968 1606 2999 ra-

478 3023 575 3062 tum
596 3014 769 3077 faciat,
806 3018 908 3077 quis
942 3017 1093 3062 dicere
1114 3012 1295 3075 salsum
1327 3017 1527 3072 Audeat,
1566 3023 1612 3063 et

478 3087 622 3127 tantae
647 3080 875 3142 suff-agia
894 3082 1073 3126 vincere
1102 3080 1240 3127 sortis
1254 3084 1279 3125 Ρ
1312 3078 1495 3126 Noster
1503 3077 1607 3141 sal-

478 3160 577 3190 mm
635 3158 691 3190 ro
709 3142 897 3191 fallenti
919 3141 1057 3191 dixit.

610 3209 657 3265 4,
682 3208 791 3253 465.
832 3206 1122 3269 Ingeniosus
1154 3206 1387 3255 transitus
1419 3206 1481 3255 ad
1504 3222 1606 3255 em-

478 3270 639 3318 blema
661 3270 904 3327 carminis,
920 3286 1009 3318 seu
1028 3270 1315 3334 episodium,
1334 3287 1433 3319 non
1451 3270 1605 3320 inele-

475 3348 613 3396 gans,
634 3349 909 3395 quanquam
931 3334 993 3381 sd
1015 3344 1181 3383 nostra
1204 3344 1302 3383 tem
1368 3351 1423 3382 ra
1446 3336 1609 3384 minus

478 3398 919 3453 accommodatum3
945 3414 1040 3460 quo
1154 3408 1202 3446 ta
1221 3399 1305 3447 eti
1327 3398 1411 3447 lud
1431 3399 1606 3457 effecit,

478 3471 533 3511 ut
569 3462 803 3510 varietate
844 3462 1005 3525 aliqua
1078 3462 1425 3525 ‘stingueretur
1458 3479 1606 3527 argu·

476 3526 631 3576 menti
656 3536 809 3584 tenor,
836 3536 885 3575 et
908 3538 1039 3576 esset
1058 3526 1141 3575 ubi
1172 3526 1426 3590 ingenium
1448 3538 1609 3592 poetae

474 3608 529 3641 se
555 3594 741 3653 jactare
782 3601 961 3656 posset.
1035 3594 1185 3641 Caecoe
1220 3596 1441 3641 tumultus
1481 3592 1610 3641 dixit

476 3655 675 3704 bellicos
711 3671 775 3703 ex
814 3658 1003 3705 occulto
1039 3666 1205 3712 natos;
1256 3657 1453 3705 eosdem
1492 3674 1608 3705 mox

460 3717 663 3781 fraudes
686 3729 737 3768 et
756 3719 959 3769 insidias
980 3720 1353 3783 conjurantium,
1380 3730 1429 3769 et
1450 3730 1610 3782 operta

478 3787 597 3831 bella
628 3783 853 3848 explicat.
912 3784 1149 3831 Nostrum
1180 3794 1293 3833 ante
1328 3784 1493 3833 oculos
1517 3786 1604 3833 ha-

477 3848 584 3896 buit
624 3847 796 3897 Manil.
830 3847 862 3906 i,
896 3849 1005 3905 893,
1046 3850 1167 3899 Quin
1201 3856 1249 3895 et
1282 3851 1401 3896 bella
1438 3858 1610 3897 canunt

476 3914 606 3973 ignes
648 3916 908 3975 subitosque
940 3914 1173 3970 tumultus,
1214 3916 1280 3959 Et
1310 3914 1610 3961 clandestinis

478 3981 715 4038 surgentia
724 3976 979 4041 fraudibus
1000 3993 1143 4024 arma.
1206 3978 1469 4025 Tamen-ere
1492 3994 1610 4026 vero

476 4039 749 4102 elegantius
765 4058 911 4103 quam
928 4040 1060 4099 oriri,
1081 4056 1281 4103 surgere
1298 4059 1311 4096 ς
1346 4042 1609 4090 trahuntur

476 4102 610 4151 enim
644 4104 877 4153 attributa
908 4106 1057 4155 maris
1097 4121 1155 4153 ac
1187 4105 1511 4169 procellarum
1545 4107 1609 4155 ad

476 4166 713 4215 bellorum
747 4179 921 4218 motus.
991 4170 1072 4218 Sic
1092 4172 1280 4231 fluctus,
1304 4178 1457 4219 aestue.
1526 4172 1608 4220 Sic

476 4240 528 4277 et
560 4230 704 4293 οἲδᾷν.
773 4232 1103 4283 Ruhnkenius
1136 4235 1198 4282 sd
1231 4234 1404 4283 Vellei.
1436 4235 1487 4295 ii,
1527 4237 1601 4295 15,

474 4310 523 4357 p.
554 4295 659 4351 115,
684 4296 745 4343 ab
772 4298 997 4346 arborum
1024 4308 1075 4347 et
1094 4300 1371 4363 plantarum
1396 4300 1606 4363 gemmis

476 4356 657 4407 ducere
678 4360 875 4408 mavult.

1735 2244 2011 2293 466—468.
2049 2244 2281 2308 Prodigia
2311 2254 2424 2308 post
2444 2245 2473 2293 J
2480 2244 2568 2293 ulii
2589 2247 2802 2297 Caesar-is

1671 2308 1867 2367 casdem,
1907 2325 2014 2371 quae
2049 2310 2219 2357 eadem
2257 2325 2348 2373 pro
2390 2311 2640 2373 praesag-iis
2681 2312 2802 2361 belli

1671 2373 1831 2422 civilis
1885 2372 2228 2447 subsequentis
2281 2374 2596 2433 habebantur,
2649 2375 2804 2425 etiarn

1671 2437 1917 2485 historicis
1961 2448 2079 2487 satis
2124 2446 2239 2485 sunt
2273 2438 2529 2497 celebrata,
2570 2456 2602 2489 a
2637 2440 2804 2504 poetis

1673 2500 1900 2566 inprimis
1923 2510 2140 2550 tractata.
2197 2498 2415 2566 Ferrngo'
2432 2503 2626 2568 poetica
2647 2505 2801 2553 orati-

1675 2582 1770 2613 one
1791 2582 1880 2630 pro
1903 2566 2126 2629 caligine.
2185 2569 2338 2629 Impia
2371 2570 2540 2615 saecula
2573 2569 2804 2617 homines

1673 2630 1817 2678 istius
1839 2630 1944 2687 aevi,
1969 2646 2066 2692 quo
2092 2630 2298 2694 impium
2329 2630 2517 2680 facinus
2551 2631 2606 2681 in
2632 2634 2801 2681 Caesa-

1675 2708 1780 2741 rem
1801 2694 2114 2743 commissum
2138 2706 2256 2743 erat.
2300 2698 2480 2744 Saeeula
2503 2697 2806 2747 Lucretiano

1673 2772 1808 2806 more
1854 2758 1994 2815 dixit,
2043 2758 2128 2807 ubi
2165 2762 2304 2808 saecla
2333 2758 2552 2821 ferarum
2595 2771 2647 2809 et
2687 2761 2802 2811 alia.

1675 2822 1914 2870 Praeclare
1937 2822 2090 2871 solem
2113 2824 2422 2873 obscuratum
2448 2841 2540 2888 per
2561 2834 2700 2887 caput
2719 2843 2802 2875 ve·

1674 2888 1817 2934 latum
1838 2902 1941 2951 prae
1961 2902 2168 2936 moerere
2189 2898 2390 2953 propter
2407 2889 2648 2938 instantes
2667 2889 2802 2939 cala-

1673 2949 1868 2999 mitates
1889 2951 2117 2999 declarat.

1742 3016 1967 3065 470—47
1973 3018 2016 3062 3.
2043 3018 2251 3064 Obscoem'
2264 3032 2423 3075 canes,
2436 3017 2659 3076 ominosi‚
2675 3019 2812 3068 mala

1675 3078 2038 3143 portendentes,
2071 3089 2126 3127 ut
2151 3084 2420 3141 importuna
2449 3085 2664 3141 mitteres,
2692 3084 2804 3131 odi-

1677 3160 1788 3201 osae,
1812 3144 2043 3201 molestie,
2069 3144 2185 3191 mali
2207 3143 2386 3193 ominis
2401 3160 2564 3195 cantu.
2635 3150 2802 3210 Cyelo-

1669 3225 1795 3271 pum.
1833 3208 1993 3271 Igitur
2016 3208 2271 3271 aliquoties
2293 3209 2446 3259 AEtna
2465 3210 2553 3259 illo
2573 3227 2704 3260 anno
2725 3212 2803 3275 ig-

1675 3272 1818 3321 nibus
1861 3282 2061 3321 arserat.
2141 3273 2288 3321 Esset
2327 3274 2564 3323 hactenus
2605 3286 2806 3340 reperta

1674 3352 1820 3385 causa
1858 3336 2080 3399 caliginis
2127 3337 2277 3386 totius
2319 3339 2451 3387 anni.
2525 3340 2806 3390 AEstuantis

1675 3400 1841 3452 AEtnae
1875 3402 2064 3464 explosi
2096 3400 2236 3463 ignes
2261 3402 2422 3451 verbis
2452 3420 2484 3453 a
2513 3412 2806 3468 tempestate

1674 3464 2810 3596 sszssetfflzsssbffisssffimffss

1673 3608 1834 3642 massa
1847 3603 1952 3642 tum
1972 3594 2246 3657 liquescens
2267 3610 2384 3643 mox
2403 3596 2674 3659 lapidescit.
2711 3598 2810 3647 Est

1673 3674 1784 3721 quae
1806 3658 1952 3721 vulgo
1976 3662 2080 3706 lava
2103 3660 2390 3723 appellatur.

1739 3723 1851 3772 474.
1899 3726 2056 3771 Arma
2097 3722 2150 3771 in
2195 3724 2318 3772 coelo
2363 3724 2468 3773 visa
2511 3741 2642 3789 saepe
2685 3741 2804 3774 nar-

1673 3796 1780 3835 rata
1801 3796 1930 3845 sunt,
1957 3803 2086 3835 nunc
2109 3804 2138 3835 a
2161 3788 2352 3837 Rheno.
2411 3788 2620 3838 Videtur
2639 3789 2684 3837 ei
2717 3806 2803 3839 su-

1672 3850 1951 3961 pprstitioni
1989 3866 2164 3899 aurora
2195 3852 2404 3903 borealis
2435 3852 2676 3917 originem
2713 3855 2804 3903 de-

1727 3930 1820 3962 sse.

1739 3980 1851 4029 475.
1887 3978 2044 4053 Alpes
2063 3995 2193 4043 saepe
2217 3981 2474 4030 tremuisse
2498 3982 2690 4033 Plinius
2713 3999 2804 4033 no-

1675 4042 1799 4091 tavit
1826 4043 1908 4091 lib.
1933 4043 1986 4101 ix,
2017 4054 2133 4091 sect.
2159 4047 2249 4093 82:
2287 4045 2480 4103 mirum,
2511 4047 2604 4095 hoc
2632 4048 2804 4113 prodi-

1673 4107 1810 4170 gium
1825 4123 1957 4157 nunc
1976 4124 2086 4157 raro
2103 4110 2336 4167 nuntiari,
2355 4110 2536 4174 sepius
2551 4111 2614 4161 de
2628 4114 2804 4177 Apen-

1673 4172 1820 4221 ninis.
1879 4174 1963 4221 An
1997 4173 2122 4222 forte
2147 4184 2337 4223 veteres
2365 4174 2540 4237 glaciei
2571 4177 2808 4241 perennis

1670 4235 1838 4286 ruinas
1865 4248 1916 4286 et
1937 4254 2224 4302 percussum
2247 4238 2362 4287 inde
2384 4239 2544 4288 solum
2566 4250 2618 4290 et
2637 4256 2805 4291 aerem

1671 4318 1762 4365 pro
1787 4314 1930 4351 terrae
1953 4314 2088 4351 motu
2111 4303 2359 4351 habuere?

1741 4368 2016 4418 477-480.
2042 4370 2302 4417 Simulat-ra
2324 4367 2505 4419 mirum
2527 4369 2582 4419 in
2604 4370 2808 4420 modum
