3050 4934
1189 272 1527 337 LIBER
1592 273 1725 337 lv.

2487 275 2608 337 331

463 417 895 485 Dissimulent
920 446 934 483 2
984 443 1126 485 sese
1155 421 1425 499 interea,
1457 425 1722 507 quando
1751 425 1994 507 optima
2025 423 2206 489 Dido

464 520 763 597 Nesciat,
792 532 862 584 et
892 531 1107 585 tantos
1138 524 1351 607 rumpi
1378 546 1511 587 non
1543 534 1766 608 speret
1795 547 2072 603 amores,

461 620 901 687 Tentaturum
924 623 1167 701 aditus,
1197 636 1266 689 et
1294 648 1443 709 quoe
1470 625 1840 691 mollissima
1869 627 2049 692 fandi

459 721 815 807 Tempora,
847 726 993 808 quis
1023 726 1221 791 rebus
1249 727 1484 791 dexter
1514 728 1771 792 modus.
1846 728 2052 791 Ocius
2084 750 2304 791 omnes

283 823 417 886 295
462 822 743 908 Imperio
771 825 905 889 laeti
932 838 1191 909 parent,
1223 850 1299 891 ac
1319 830 1511 911 jussa
1539 828 1892 893 facessunt.

543 924 641 989 At
668 928 896 1010 regina
924 926 1111 992 dolos
1142 927 1313 1011 (quis
1344 927 1570 993 fallere
1602 932 1811 1012 possit
1840 941 2158 994 amantem
2177 932 2231 1012 ἲ)

462 1027 841 1103 Praesensit,
872 1038 1217 1111 motusque
1246 1030 1505 1111 excepit
1535 1030 1744 1113 prima
1773 1029 2068 1107 futuros;

459 1128 698 1193 Omnia
728 1136 871 1193 tuta
902 1129 1154 1193 timens·
1235 1128 1491 1193 Eadem
1520 1131 1716 1213 impia
1747 1130 1804 1193 F
1803 1154 1948 1195 ama
1975 1130 2217 1195 furenti

460 1229 717 1295 Detulit
745 1230 981 1293 armari
1004 1229 1300 1307 classem,
1332 1253 1726 1316 cursumque
1759 1234 1994 1315 parari.

281 1331 413 1393 300
459 1330 659 1395 Saevit
685 1332 875 1415 inops
908 1331 1123 1408 animi,
1156 1340 1486 1414 totamque
1516 1333 1782 1397 incensa
1811 1356 1931 1417 per
1962 1335 2190 1397 urbem

460 1430 868 1497 Bacchatur:
916 1429 1125 1515 qualis
1156 1428 1496 1495 commotis
1521 1434 1736 1498 excita
1767 1436 1968 1499 sacris

454 1531 730 1616 Thyias,
764 1532 877 1596 ubi
906 1531 1133 1596 audito
1162 1531 1495 1597 stimulant
1524 1535 1852 1599 trieterica
1881 1534 2148 1599 Baccho

456 1634 685 1717 Orgia,
716 1644 1207 1717 nocturnusque
1239 1646 1427 1697 vocat
1454 1634 1738 1699 clamore
1765 1617 2120 1700 Cithaeron.

452 1734 753 1799 Tandem
779 1734 881 1799 his
913 1734 1177 1799 AEnean
1204 1734 1548 1818 compellat
1577 1736 1844 1800 vocibus
1871 1735 2080 1799 ultro:

278 1837 409 1899 305
454 1835 883 1901 Dissimulare
913 1837 1109 1901 etiam
1138 1834 1443 1919 sperasti,
1474 1835 1752 1919 perfide,
1787 1846 2036 1900 tantum

454 1937 659 2002 Posse
690 1936 916 2002 nefas?
962 1938 1328 2022 tacitusque
1354 1959 1499 2001 mea
1528 1937 1854 2001 decedere
1885 1942 2104 2001 terra?

455 2037 601 2103 Nec
630 2048 696 2103 te
726 2048 951 2103 noster
978 2060 1179 2115 amor,
1210 2059 1333 2103 nec
1362 2047 1427 2102 te
1458 2040 1616 2103 data
1647 2038 1921 2103 dextera
1951 2040 2300 2123 quondam,

454 2139 601 2205 Nec
628 2142 941 2207 moritura
966 2150 1149 2205 tenet
1178 2140 1426 2206 crudeli
1455 2140 1683 2205 funere
1714 2141 1942 2205 Dido?

452 2242 635 2315 Quin
661 2244 856 2308 etiam
884 2242 1161 2307 hiberno
1190 2241 1431 2307 moliris
1464 2242 1678 2307 sidere
1710 2240 2005 2319 classem,

277 2344 409 2408 310
454 2343 548 2408 Et
574 2345 801 2409 mediis
832 2365 1147 2428 properas
1179 2341 1622 2428 Aquilonibus
1650 2344 1745 2406 ire
1776 2365 1897 2426 per
1925 2342 2148 2419 altum,

449 2444 796 2511 Crudelis?
865 2445 1050 2518 Quid
1080 2446 1135 2509 si
1162 2466 1293 2508 non
1322 2466 1479 2507 arva
1508 2442 1716 2507 aliena
1746 2443 2104 2526 domosque

452 2546 717 2631 Ignotas
746 2558 1031 2631 peteres,
1062 2556 1129 2610 et
1158 2544 1368 2629 Troja
1396 2542 1666 2627 antiqua
1695 2546 2028 2606 maneret?

448 2649 655 2734 Troja
678 2669 800 2734 per
824 2648 1147 2713 undosum
1176 2656 1514 2731 peteretur
1545 2643 1862 2710 classibus
1891 2647 2156 2727 aequor?

276 2906 403 2953 clam
426 2904 681 2963 irnstruere,
706 2902 862 2952 socios
892 2902 1089 2951 navales
1118 2918 1400 2961 convocare,

278 2968 511 3033 expedire
534 2977 835 3017 armamenta
861 2967 1065 3025 navalia,
1090 2976 1141 3014 et
1171 2966 1399 3016 dissimu-

276 3034 381 3081 lare
402 3049 499 3096 qua
515 3034 577 3081 de
599 3049 745 3083 causa
766 3033 869 3081 haec
892 3041 1073 3097 praeter
1102 3031 1398 3095 expectatio-

277 3113 394 3146 nem
416 3097 611 3146 saciant.

340 3163 453 3219 293,
480 3164 588 3209 294.
626 3161 739 3219 Pro,
764 3168 1043 3211 tentaturum
1064 3163 1397 3209 aditus—tem-

266 3234 503 3288 pora—st
529 3228 705 3274 modum
742 3225 826 3287 qui
856 3225 921 3273 sit
945 3226 1090 3274 rebus
1120 3224 1322 3286 agendis
1353 3232 1403 3271 et

273 3290 494 3339 consiliis
536 3289 939 3339 accommodatus.
1008 3292 1181 3337 Aditus
1216 3298 1271 3336 ut
1316 3288 1400 3335 inf.

274 3357 390 3412 423,
422 3354 485 3402 de
518 3353 743 3417 alloquio.
799 3355 1087 3411 Nouissima,
1112 3353 1305 3415 quando
1340 3352 1401 3399 de

274 3418 495 3467 d'ncessu
516 3417 773 3466 consilium
798 3417 843 3465 ei
870 3417 1051 3481 exponi
1082 3427 1248 3480 posset
1276 3415 1397 3464 mol-

278 3482 481 3541 lissime,
504 3498 615 3531 cum
639 3481 842 3530 minimo
864 3484 969 3544 ejus
991 3482 1173 3529 dolore.

339 3548 437 3595 29ss
455 3564 557 3621 sqq.
601 3545 815 3609 Egregie
848 3546 1012 3595 omnia
1032 3546 1135 3593 baec
1162 3544 1223 3593 ad
1254 3544 1396 3591 affec·

272 3621 355 3661 tus
386 3626 564 3661 amoris
587 3611 857 3668 veritatem,
880 3610 1128 3671 multoque
1158 3608 1313 3671 magis
1346 3608 1399 3657 in

272 3676 486 3724 Didonis
506 3692 537 3723 a
558 3692 603 3723 v.
628 3678 723 3723 305
748 3690 849 3737 sqq.
873 3673 1105 3722 oratione.

338 3742 612 3791 297-301,
680 3742 877 3800 Excepit
940 3736 1153 3794 auribus,
1218 3751 1394 3792 sensu3

272 3804 633 3853 animadvertit.
682 3806 876 3852 Fun-ento·
895 3818 985 3866 pro
1008 3802 1068 3849 ei.
1124 3804 1277 3863 Impia
1298 3803 1392 3848 Fa-

268 3887 361 3928 aa,
398 3870 447 3917 h.
486 3869 517 3917 l.
554 3883 698 3925 σενι,
721 3866 841 3915 dira.
907 3868 1174 3915 Bacchatur
1206 3878 1397 3915 summa

268 3950 385 3983 cum
408 3933 457 3983 vi
479 3933 663 3983 dictum
718 3948 775 3979 ro
797 3930 1089 3981 discmsitat.

352 4000 624 4046 sol—303.
734 4012 803 4045 aec
848 4005 965 4044 sunt
1007 3994 1273 4044 vetustiora
1314 3993 1398 4041 illa

274 4062 459 4111 Bacchi
492 4062 627 4125 orgia
666 4077 722 4109 ac
761 4076 897 4109 sacra
932 4059 1215 4121 τριετηρικὰ,
1252 4058 1398 4107 tertio

270 4142 465 4189 quoque
518 4142 649 4175 anno
692 4141 722 4173 a
762 4124 1009 4174 Thebanis
1062 4124 1318 4181 celebrata,
1369 4138 1400 4170 a

270 4190 546 4239 Thracibus
580 4190 633 4238 in
660 4189 901 4238 Graeciam
932 4188 1079 4247 illata,
1112 4188 1306 4237 diversa
1335 4188 1397 4236 ab

268 4254 654 4304 Atheniensium
692 4254 959 4317 Dionysiis,
1000 4262 1051 4301 et
1088 4252 1217 4301 inter
1260 4267 1397 4301 sacra

272 4319 469 4369 rudium
487 4318 739 4367 hominum
755 4318 1102 4367 enthusiastica
1114 4317 1275 4382 primo
1291 4317 1397 4364 loco

272 4384 589 4433 numeranda.
649 4384 806 4432 Extra
839 4384 1008 4432 urbem
1042 4382 1095 4431 in
1121 4391 1286 4431 monte
1309 4380 1393 4430 Ci-

274 4449 491 4499 thaerone
514 4449 767 4499 nocturnis
782 4448 1080 4499 discursibus
1100 4446 1274 4509 religio
1292 4447 1396 4495 haec

1467 2916 1646 2951 arcana
1663 2918 1692 2951 a
1718 2898 2002 2951 mulieribus
2030 2917 2222 2965 quoque
2251 2902 2590 2965 frequentaba-

1470 2975 1562 3015 tur.
1621 2967 1757 3015 Hinc
1793 2966 1986 3029 singula
2017 2966 2068 3014 in
2098 2966 2176 3015 his
2199 2966 2420 3017 versibus
2452 2969 2588 3018 illus-

1468 3031 1652 3079 tranda.
1718 3034 1994 3079 commovere
2028 3047 2162 3079 sac-ra
2199 3048 2300 3079 voc.
2339 3032 2591 3097 proprium

1468 3095 1521 3143 in
1544 3095 1693 3144 sacris
1715 3094 1858 3143 initio
1879 3095 2168 3143 caerimoniae
2199 3096 2336 3144 facto.
2395 3097 2592 3146 Scilicet

1466 3160 1781 3223 proferuntur
1798 3159 1946 3218 cistae,
1972 3176 2100 3218 vasa,
2136 3160 2459 3209 instituuntur
2481 3162 2587 3227 thy-

1466 3224 1554 3283 asi,
1577 3224 1728 3272 chori.
1795 3226 1976 3272 Baccho
2001 3227 2175 3281 audito,
2198 3224 2316 3273 dum
2339 3226 2590 3285 clamatur,

1470 3288 1526 3335 Io
1549 3288 1766 3336 Bacche!
1809 3292 1950 3351 Orgia
1971 3292 2208 3336 stimulant
2229 3290 2486 3350 Baccham,
2512 3290 2587 3341 in—

1466 3352 1691 3426 cenditur
1725 3353 1829 3414 ejus
1861 3352 2061 3427 animus
2088 3352 2216 3400 inter
2250 3370 2412 3403 sacras
2438 3371 2585 3405 caere-

1466 3417 2227 3543 mffissff'ssffisffie‘ssavsseffiss
2243 3419 2467 3530 ⁸1¹3?le
2501 3498 2584 3529 ex-

1462 3544 1792 3655 ffimlalttiioeze
1821 3553 1934 3591 ante
1974 3544 2140 3654 oguloiz
2171 3544 2351 3654 hfihere
2372 3544 2590 3657 'atebaffi

1518 3623 1598 3655 am
1779 3622 1849 3655 eae
1904 3621 2001 3669 spu
2135 3622 2200 3669 po
2237 3622 2314 3654 on.
2370 3622 2434 3665 iv,

1463 3687 1596 3733 sqq.;
1633 3669 1826 3719 diversa
1859 3679 2022 3718 tamen
2065 3670 2258 3719 Medeae
2297 3680 2347 3720 et
2381 3671 2590 3723 Didonis

1461 3734 1678 3783 conditio
1699 3751 1755 3784 ac
1779 3734 1985 3793 formas,
2007 3734 2102 3783 nisi
2120 3735 2248 3797 quod
2270 3744 2474 3799 utraque
2530 3753 2586 3785 u-

1461 3799 1628 3847 dorem
1669 3799 1946 3849 violaverat.
1997 3800 2240 3862 Compara
2269 3815 2382 3849 cum
2415 3754 2588 3857 iistllaem

1460 3862 1706 3913 Ariadnes
1750 3863 1971 3927 querelas
2013 3880 2090 3928 ap.
2137 3863 2313 3913 catull.
2362 3863 2446 3923 lxi,
2497 3867 2587 3917 133

1460 3944 1562 3991 sqq.

1526 3994 1636 4041 309.
1671 3996 1881 4041 Hiberna
1915 3995 2078 4050 sidere,
2117 4000 2174 4041 ut
2207 3992 2327 4040 Geo.
2361 3992 2392 4048 i,
2427 3994 2468 4050 1,
2502 4010 2588 4054 quo

1460 4060 1610 4107 sidere
1627 4076 1642 4104 .·
1677 4056 1906 4119 quoniam
1929 4056 1990 4105 ad
2026 4056 2241 4105 siderum
2265 4064 2398 4105 ortus
2421 4066 2471 4103 et
2503 4072 2582 4104 oc-

1461 4138 1604 4171 casus
1627 4121 1872 4184 navigatio
1894 4121 2067 4177 fiebat;
2102 4120 2315 4173 instante
2341 4128 2506 4168 autem
2530 4137 2588 4173 ea

1461 4186 1578 4235 anni
1614 4196 1754 4250 parte
1789 4200 1884 4247 qua
1923 4194 2236 4249 tempestates
2274 4193 2326 4232 et
2394 4185 2586 4244 rocella}

1461 4250 1731 4299 crebriores
1755 4240 2065 4297 esse'solent:
2102 4248 2162 4297 cf.
2187 4264 2293 4313 sup.
2319 4265 2346 4297 a
2404 4252 2479 4297 52.

1528 4316 1800 4363 311—313.
1852 4313 2006 4377 Atqui
2048 4314 2160 4372 hoc„
2192 4313 2314 4363 mari
2361 4314 2588 4379 procellis

1463 4380 1657 4429 turbato
1684 4378 1926 4441 navigare,
1952 4394 2013 4427 ne
2047 4389 2148 4427 tum
2172 4378 2367 4445 quidem
2402 4380 2587 4431 faceres

1464 4444 1505 4494 si
1528 4444 1715 4493 reditus
1733 4442 1784 4491 in
1805 4443 2011 4508 patriam
2034 4453 2234 4509 pateret.
