3050 4934
1206 290 1549 358 LIBER
1593 292 1684 358 V.

448 408 661 505 Nisus
690 451 759 505 et
790 440 1119 525 Euryalus
1150 442 1363 525 primi,

258 542 409 607 295
454 540 785 626 Euryalus
815 541 1034 606 forma*
1050 542 1319 627 insignis
1348 545 1669 629 viridique
1689 545 1986 629 juventa,

447 643 659 708 'Nisus
686 665 907 708 amore
936 644 1051 728 pio
1075 646 1303 728 pueri;
1347 668 1512 731 quos
1544 646 1784 712 deinde
1815 654 2080 711 secutus

456 744 711 829 Regius
738 745 1007 829 egregia
1036 744 1277 810 Priami
1306 748 1392 811 de
1424 748 1630 832 stirpe
1661 747 1946 825 Diores;

434 846 657 931 ‘Hunc
686 846 925 924 Saline,
956 847 1145 911 simul
1172 858 1241 912 et
1270 847 1542 926 Patron,
1573 870 1852 933 quorum
1877 846 2044 913 alter
2073 844 2404 924 Acarnan,

451 946 645 1012 Alter
672 949 757 1013 ab
786 946 1080 1013 Arcadio
1108 948 1415 1034 Tegeaeae
1442 951 1758 1035 sanguine
1789 951 2040 1035 gentian

268 1049 413 1115 300
454 1048 631 1114 Tum
660 1049 795 1113 duo
822 1049 1147 1114 Trinacrii
1166 1052 1469 1135 juvenes,
1498 1049 1822 1135 Helymus
1854 1050 2315 1135 Panopesque,

455 1148 729 1215 Assueti
760 1149 959 1228 silvis,
988 1152 1257 1216 comites
1286 1152 1560 1216 senioris
1588 1150 1890 1230 Acestae3

459 1251 658 1316 Multi
688 1262 1033 1337 praeterea,
1062 1274 1229 1337 quos
1258 1252 1429 1317 fama
1454 1255 1738 1318 obscura
1767 1253 2086 1318 recondit.

456 1352 707 1418 AEneas
736 1354 977 1438 quibus
1004 1356 1073 1418 in
1100 1354 1329 1419 mediis
1355 1356 1448 1419 sic
1478 1355 1718 1420 deinde
1747 1354 2042 1420 locutus:

456 1451 757 1539 Accipite
784 1455 929 1521 haec
958 1455 1208 1533 animis,
1238 1455 1552 1540 laetasque
1579 1456 1900 1521 advertite
1927 1467 2202 1521 mentes.

274 1555 417 1621 305
456 1554 675 1622 Nemo
701 1578 787 1621 ex
812 1554 941 1622 hoc
969 1579 1239 1621 numero
1266 1556 1423 1620 mihi
1452 1578 1584 1621 non
1614 1558 1895 1621 donatus
1925 1557 2165 1621 abibit:

458 1656 745 1722 Gnossia
773 1659 929 1723 bina
956 1658 1131 1723 dabo
1156 1657 1371 1722 levato
1400 1656 1617 1722 lucida
1644 1656 1820 1721 ferro

461 1757 727 1843 Spicula
754 1758 1174 1843 caelatamque
1205 1768 1479 1841 argento
1508 1756 1682 1821 ferre
1710 1758 2092 1841 bipennem:

457 1859 783 1925 Omnibus
806 1860 913 1925 hic
942 1860 1067 1924 erit
1093 1880 1263 1923 unus
1292 1857 1525 1922 honos·
1605 1857 1778 1921 Tres
1808 1858 2074 1941 praemia
2102 1859 2292 1942 primi

456 1958 826 2046 Accipient,
856 1960 1154 2045 flavaque
1180 1971 1381 2043 caput
1406 1970 1752 2025 nectentur
1781 1957 1982 2023 oliva:

272 2059 416 2128 310
458 2062 715 2127 Primus
746 2084 987 2146 equum
1013 2060 1299 2146 phaleris
1326 2061 1646 2146 insignem
1674 2060 1881 2125 victor
1908 2060 2188 2137 habet03

456 2163 650 2231 Alter
678 2163 1101 2229 Amazoniam
1126 2162 1501 2247 pharetram
1524 2160 1914 2247 plenamque
1945 2162 2200 2246 sagittis

456 2265 807 2343 Threiciis,
838 2263 973 2329 lato
1000 2286 1195 2349 quam
1224 2262 1776 2348 circumplectitur
1801 2280 1966 2327 auro

456 2366 753 2445 Balteus,
786 2378 855 2432 et
882 2367 1075 2431 tereti
1106 2366 1433 2430 subnectit
1458 2364 1667 2430 fibula
1693 2386 1981 2449 geuuna3

455 2467 725 2534 Tertius
757 2466 1069 2553 Argolica
1096 2466 1223 2531 hac
1250 2466 1437 2550 galea
1464 2474 1812 2531 contentus
1842 2463 2046 2528 abito.

276 2570 418 2636 315
459 2570 627 2635 Haec
656 2570 769 2634 ubi
799 2570 997 2645 dicta,
1027 2567 1241 2633 locum
1269 2570 1559 2652 capiunt,
1592 2567 1908 2651 signoque
1937 2574 2210 2650 repente

460 2671 840 2755 Corripiunt
870 2670 1081 2754 spatia
1108 2670 1359 2746 audito,
1389 2668 1714 2752 limenque
1741 2662 2141 2749 relinquunt,

458 2772 679 2838 Effusi
702 2772 922 2837 nimbo
952 2770 1227 2847 similes3
1274 2769 1461 2833 simul
1488 2768 1713 2833 ultima
1743 2768 2024 2852 signant.

458 2874 717 2939 Primus
748 2874 908 2951 abit,
936 2872 1263 2958 longeque
1289 2880 1440 2935 ante
1469 2872 1682 2935 omnia
1713 2890 1992 2955 corpora
2019 2866 2228 2931 Nisus

458 2976 741 3052 Emicat,
770 2986 841 3040 et
868 2975 1077 3039 ventis
1106 2984 1175 3038 et
1202 2972 1485 3037 fulminis
1516 2973 1696 3037 ocior
1723 2970 1864 3035 alis.

278 3080 415 3145 320
457 3076 802 3143 Proximus
832 3074 1011 3153 huic,
1038 3074 1235 3160 longo
1266 3074 1385 3140 sed
1416 3074 1752 3159 proximus
1782 3072 2142 3150 intervallo,

458 3178 833 3264 Insequitur
862 3176 1111 3243 Salius:
1161 3178 1373 3261 spatio
1404 3188 1558 3261 post
1586 3177 1824 3242 deinde
1855 3175 2082 3241 relicto

460 3280 731 3347 Tertius
762 3278 1131 3363 Euryalus:

360 3502 471 3553 296.
522 3502 584 3550 ln
620 3505 757 3564 pueri
798 3508 1086 3564 argutantur
1124 3499 1325 3549 Servius
1364 3508 1415 3547 et

281 3569 396 3619 alii:
429 3584 579 3615 more
594 3570 677 3629 ρίο
693 3570 830 3628 pueri
852 3574 1119 3629 exponunt,
1142 3574 1289 3622 casto,
1314 3580 1414 3612 non

280 3631 472 3683 infami.
532 3631 661 3679 Mihi
694 3628 983 3693 simpliciter
1012 3628 1174 3677 omnis
1195 3644 1331 3677 amor
1363 3637 1416 3676 et

282 3696 503 3747 amicitia
538 3696 773 3760 pietatem
803 3692 1056 3743 continere
1094 3693 1315 3749 videtum
1364 3702 1415 3741 et

276 3778 401 3827 puer
422 3770 611 3825 spectat
630 3760 692 3807 ad
712 3769 931 3808 teneram
953 3768 1161 3809 etatem.

352 3828 465 3939 293:
506 3828 655 3889 Tegea
688 3823 911 3873 Arcedm'
926 3840 937 3871 =
988 3824 1109 3873 Geo.
1142 3822 1176 3881 i,
1209 3824 1283 3881 18,
1310 3822 1415 3870 Pan

284 3902 395 3941 ent

354 3957 465 4005 302.
514 3954 591 4003 Ex
617 3952 785 4002 Ennio
812 3960 1061 4016 comparat
1094 3951 1313 4000 Macrob.
1346 3950 1413 4009 vi,

291 4024 335 4079 l,
360 4022 519 4068 mullei
539 4022 652 4067 aliet'
674 4021 935 4075 adnodant,
954 4024 1209 4080 paupertas
1230 4034 1417 4079 quorun

284 4090 503 4135 obseurat
524 4086 739 4132 Nomina.

366 4151 464 4198 305
477 4150 668 4196 ——808.
733 4144 1027 4209 Ἀγόρατος
1080 4145 1415 4194 Homericum.

288 4218 489 4263 Gnosn‘a
520 4212 651 4277 (sup.
684 4210 757 4269 iii,
792 4210 909 4273 115)
934 4212 1142 4273 spicula.-
1177 4208 1273 4258 vid.
1309 4226 1415 4273 sup·

286 4280 395 4329 1³:01.
418 4294 469 4337 x,
494 4280 572 4326 59.
618 4280 871 4339 Bn‘pennem
892 4284 1123 4339 argenteo
1144 4274 1415 4332 manubrio,

284 4343 443 4407 sig-nis
465 4341 663 4400 celatis,
685 4342 733 4390 h.
756 4356 797 4388 e.
817 4340 1118 4389 ornamentis
1135 4339 1415 4403 emulpus,

290 4418 477 4458 ornato.
545 4410 673 4455 Um
692 4410 771 4455 Iu‘c
798 4416 875 4454 est
904 4405 1037 4453 idem
1064 4414 1115 4453 et
1144 4404 1419 4455 communis

288 4473 421 4524 inter
442 4487 613 4522 omnes
634 4476 768 4521 Ιιοιιω
789 4486 877 4520 seu
898 4470 1169 4535 praemium.

1543 3500 1818 3548 311-318.
1855 3504 2112 3551 Amazon-’a
2139 3510 2190 3549 et
2227 3504 2464 3559 ssreu'ee'ae,
2497 3502 2604 3567 epi-

1478 3564 1614 3612 theta
1648 3564 1874 3613 ornantia
1907 3582 1937 3613 a
1973 3564 2374 3628 praestantissimo
2409 3582 2608 3629 genere,

1476 3638 1536 3676 ut
1568 3644 1674 3677 mos
1693 3628 1868 3692 poeda-
1925 3629 2024 3677 Sed
2045 3631 2266 3691 Argolica
2290 3633 2428 3691 galea
2453 3646 2603 3694 pecu·

1478 3692 1600 3741 liare
1621 3707 1803 3755 genus:
1840 3692 1900 3741 cf.
1925 3708 2030 3756 sup.
2055 3692 2107 3749 ii,
2133 3694 2227 3741 389
2250 3708 2320 3756 sq.
2379 3695 2460 3743 Ex
2481 3696 2603 3759 pha-

1480 3767 1612 3805 retra
1649 3767 1796 3821 apuu
1835 3756 2026 3806 balteus
2069 3756 2198 3806 latus
2235 3768 2436 3807 aurams
2473 3760 2605 3821 (bal-

1480 3829 1582 3870 teus
1604 3826 1698 3869 lato
1717 3824 1878 3883 auro),
1901 3822 1964 3871 ad
1985 3824 2124 3886 cujus
2145 3838 2280 3871 oram
2301 3823 2450 3873 fibula
2469 3840 2607 3887 gem-

1480 3895 1614 3935 mata
1649 3896 1738 3945 est,
1780 3902 1876 3950 qua
1905 3886 1990 3936 ine
2025 3904 2090 3937 ex
2123 3887 2341 3937 humeris
2373 3889 2607 3953 stupendi

1480 3960 1668 4017 potest:
1725 3961 1772 4001 et
1803 3956 1956 4013 fibula
1993 3957 2128 4002 tereti
2165 3970 2344 4015 gemma
2381 3958 2610 4001 “metit

1482 4018 1694 4130 batti-¹³13,
1737 4017 1904 4077 nectit,
1943 4034 2054 4067 oras
2089 4016 2312 4080 colligat:
2362 4017 2458 4066 vid.
2499 4034 2606 4083 sup.

1480 4096 1546 4140 nv,
1670 4117 1682 4130 .

1549 4146 1820 4196 315—317.
1860 4146 2043 4195 Omnia
2074 4154 2259 4202 ornate,
2295 4146 2341 4193 h.
2376 4162 2418 4195 e.
2451 4148 2605 4199 curri·

1484 4220 1591 4259 tur:
1627 4210 1686 4259 cf.
1716 4211 1856 4259 Iliad.
1888 4215 1938 4273 ψ,
1967 4210 2076 4262 753.
2136 4212 2285 4257 Simul
2314 4214 2478 4261 altino
2507 4218 2606 4277 sig-

1480 4282 1610 4332 me,
1645 4284 1832 4333 notant,
1870 4274 2023 4323 oculis
2056 4272 2316 4338 animoque
2351 4276 2612 4341 designant

1483 4347 1678 4387 metam.

1551 4406 1660 4452 319.
1696 4406 1922 4453 Fulminis
1943 4407 2046 4461 ala,
2070 4404 2263 4468 poetica
2283 4406 2472 4456 ratione
2486 4428 2500 4457 ι
2533 4418 2611 4459 est

1484 4478 1650 4517 tamen
1673 4468 1822 4519 etiam
1843 4468 1898 4519 in
1919 4469 2083 4521 numi·
2103 4469 2290 4537 fulmen
2311 4471 2508 4523 alnum.
