3050 4934
1184 271 1524 337 LIBER
1570 271 1708 337 IX.

2470 265 2597 331 515

451 417 796 505 Excipiam
827 423 1010 500 sorti,
1030 423 1168 508 jam
1186 445 1370 502 ‚nunc
1401 435 1512 488 tua
1542 422 1831 508 praemia,
1862 423 2053 486 Nise.

382 569 390 578 .
449 517 784 586 Praeterea
812 523 914 588 bis
946 547 1064 588 sex
1091 526 1348 609 genitor
1377 524 1727 590 lectissima
1754 536 2037 587 matrum

446 619 764 706 Corpora,
795 626 1218 710 captivosque
1250 627 1456 703 dabit,
1491 647 1740 709 suaque
1770 625 2069 688 omnibus
2098 645 2315 699 arma3

447 719 728 808 Insuper
756 724 883 802 his,
912 727 1126 812 campi
1157 728 1336 811 quod
1366 749 1486 792 rex
1513 727 1717 790 habet
1746 726 1889 809 ipse
1922 723 2221 788 Latinus,

273 819 406 884 275
447 821 552 887 Te
585 845 764 903 vero,
796 849 940 891 mea
971 849 1164 911 quem
1196 827 1422 912 spatiis
1453 825 1869 911 propioribus
1900 835 2061 888 aetas

449 921 848 1008 Insequitur,
881 929 1250 992 venerande
1282 949 1469 1011 puer,
1492 927 1630 1011 jam
1660 937 1925 1011 pectore
1956 935 2097 989 toto

443 1022 744 1110 Accipi0,
775 1038 846 1092 et
873 1030 1170 1093 comitem
1197 1049 1388 1093 casus
1421 1027 1816 1113 complector
1842 1027 1909 1090 in
1940 1048 2185 1090 omnes·

444 1125 649 1191 Nulla
675 1129 834 1192 meis
867 1131 1006 1194 sine
1035 1141 1100 1194 te
1131 1139 1462 1214 quaeretur
1491 1129 1699 1213 gloria
1727 1129 1964 1205 rebu83

411 1213 430 1225 ’
445 1226 580 1292 Seu
611 1251 839 1313 pacem
869 1251 986 1294 seu
1017 1229 1188 1295 bella
1215 1253 1472 1315 geram:
1521 1231 1640 1294 tibi
1669 1252 1971 1294 maxuma
1999 1250 2217 1292 rerum

281 1325 418 1390 280
460 1328 964 1414 Verborumque
993 1331 1185 1396 fides.
1262 1331 1508 1396 Contra
1537 1354 1731 1416 quem
1761 1329 1914 1394 talia
1944 1329 2118 1408 fatur

449 1427 780 1514 Euryalus
805 1456 819 1494 z
869 1431 988 1496 Me
1019 1431 1196 1496 nulla
1225 1433 1366 1497 dies
1399 1442 1531 1496 tam
1562 1433 1840 1496 fortibus
1872 1432 2047 1496 ausis

448 1529 845 1596 Dissimilem
874 1535 1200 1618 arguerit3
1246 1543 1536 1598 tantum:
1586 1531 1869 1609 fortuna,
1903 1532 2191 1596 secunda

449 1629 592 1696 Aut
620 1633 918 1712 adversa,
951 1637 1166 1700 cadat.
1243 1635 1379 1699 Sed
1407 1647 1473 1700 te
1507 1621 1706 1720 super
1736 1635 1947 1698 omnia
1976 1633 2149 1697 dona

456 1731 678 1796 Unum
710 1757 861 1800 oro:
909 1738 1208 1821 genetrix
1241 1736 1480 1802 Priami
1510 1737 1594 1801 de
1626 1745 1821 1820 gente
1852 1745 2109 1799 vetusta

272 1833 404 1897 285
447 1831 578 1897 Est
606 1834 785 1912 mihi,
817 1859 1013 1919 quam
1039 1839 1338 1902 miseram
1365 1838 1576 1902 tenuit
1604 1859 1733 1900 non
1766 1835 1885 1902 Ilia
1916 1834 2109 1900 tellus

447 1933 716 2000 Mecum
744 1938 1194 2015 excedentem,
1227 1961 1358 2002 non
1387 1939 1627 2004 moenia
1656 1939 1829 2021 regis
1859 1934 2146 2000 Acestoe.

455 2035 652 2102 Hanc
681 2059 806 2122 ego
833 2061 1006 2104 nunc
1033 2041 1325 2123 ignaram
1353 2039 1553 2124 hujus
1582 2039 2039 2123 quodcumque
2069 2035 2293 2121 pericli
2320 2045 2423 2099 est

223 2177 255 2207 s
278 2186 385 2212 a-
435 2135 652 2222 anue
685 2139 1026 2206 salutatam
1055 2141 1314 2225 linquo:
1361 2140 1545 2218 Nox,
1570 2151 1639 2208 et
1666 2150 1779 2204 tua
1808 2141 1995 2203 testis

448 2239 771 2318 Dextera,
803 2242 982 2325 quod
1012 2263 1330 2326 nequeam
1359 2241 1655 2306 lacrimas
1686 2241 1977 2325 perferre
2008 2241 2321 2324 parentiS.

269 2339 405 2404 290
447 2337 543 2404 At
571 2352 668 2419 tu,
702 2364 840 2420 oro,
873 2341 1084 2406 solare
1115 2344 1396 2426 inopem,
1429 2353 1498 2406 et
1528 2363 1835 2422 succurre
1867 2337 2131 2406 relictae.

450 2441 646 2507 Hanc
679 2444 816 2508 sine
840 2465 942 2508 me
974 2465 1156 2529 spem
1187 2443 1357 2507 ferre
1389 2442 1520 2506 tui:
1570 2442 1912 2506 audentior
1942 2442 2051 2504 ibo

447 2541 526 2606 In
563 2565 754 2608 casus
786 2567 1030 2609 omnes.
1108 2543 1432 2608 Percussa
1461 2553 1677 2607 mente
1709 2542 2038 2606 dederunt

453 2642 862 2709 Dardanidae
891 2645 1220 2710 lacrimas:
1269 2655 1418 2709 ante
1450 2665 1671 2708 omnes
1703 2641 1975 2726 pulcher
2005 2640 2185 2706 Iulus
2213 2667 2229 2719 ;

459 2742 678 2828 Atque
709 2748 989 2810 animum
1019 2747 1250 2831 patriae
1283 2746 1545 2810 strinxit
1574 2743 1836 2828 pietatis
1866 2744 2098 2827 imago.

277 2845 408 2908 295
453 2844 630 2908 Tum
661 2847 752 2910 sic
783 2845 1060 2910 effatur:

447 2946 760 3030 Spondeo
789 2948 988 3032 digna
1018 2949 1146 3011 tuis
1177 2948 1549 3032 ingentibus
1579 2947 1790 3008 omnia
1820 2945 2075 3029 coeptis.

453 3047 756 3132 Namque
787 3051 912 3113 erit
939 3051 1066 3112 ista
1093 3049 1249 3112 mihi
1277 3048 1597 3132 genetrix,
1631 3068 1993 3130 nomenque
2025 3045 2293 3110 Creusae

456 3148 680 3213 Solum
709 3149 1013 3228 defuerit,
1046 3172 1167 3215 nec
1197 3161 1456 3240 partum
1484 3149 1696 3234 gratia
1723 3147 1917 3213 talem

344 3349 455 3409 272,
472 3351 581 3402 273.
611 3352 864 3402 Promittit
874 3353 1130 3404 duodecim
1149 3353 1405 3417 mancipia,

275 3415 480 3464 ancillas
502 3425 554 3464 et
568 3432 760 3480 pueros.
822 3419 1001 3465 Matres
1037 3427 1194 3482 poetoe
1217 3417 1403 3481 simpli-

273 3480 400 3530 citer
433 3489 550 3528 sunt
583 3479 803 3536 feminae3
849 3497 948 3530 non
982 3481 1209 3546 gravidae.
1263 3482 1406 3536 Quod

1472 3352 1676 3400 consilia
1698 3367 1809 3399 mea
1830 3361 1879 3399 et
1899 3352 2139 3414 gerendas
2167 3367 2247 3400 res
2268 3352 2599 3401 communica-

1472 3417 1549 3464 bo.
1608 3415 1944 3478 Quodcunque
1980 3427 2143 3464 autem
2167 3416 2243 3464 vel
2280 3433 2390 3464 cum
2424 3415 2521 3463 fide
2544 3432 2603 3464 ac

1471 3479 1652 3528 fiducia
1664 3480 1739 3526 vel
1762 3489 1964 3543 propter
1983 3479 2129 3528 fidem
2147 3480 2363 3537 facimus,
2387 3479 2437 3526 id
2456 3495 2603 3527 omne

277 3544 458 3606 adjecit
500 3561 670 3606 suaque
712 3549 913 3594 omnibus
957 3563 1100 3604 arma,
1147 3548 1406 3594 obscurum
1460 3547 1583 3604 fides
1604 3543 1839 3605 designat.

276 3623 388 3658 esne
410 3617 584 3672 potest,
609 3609 651 3656 si
683 3625 848 3658 servos
881 3611 1078 3674 cogites.
1139 3609 1236 3658 Sed
1257 3615 1406 3671 capti-

273 3690 354 3721 vos
371 3672 670 3732 memoravit,
695 3689 816 3736 quos
849 3686 1060 3722 attuatos
1093 3685 1304 3739 ceperat,
1331 3689 1407 3722 ar—

275 3737 470 3798 misque
492 3737 613 3812 adeo
652 3738 970 3802 spoliaverat:
1013 3739 1104 3786 hos
1144 3738 1412 3801 assignabit

275 3816 394 3850 cum
415 3816 578 3849 aruns.

347 3865 456 3914 274.
495 3865 650 3913 Recte
673 3864 874 3914 Servius
907 3866 968 3914 ad
998 3867 1058 3914 τὸ
1090 3864 1300 3926 τέμενος,
1323 3881 1410 3914 seu

273 3929 554 3994 portionem
573 3929 678 3992 agri
699 3929 895 3992 regibus
919 3931 1092 3994 priscis
1113 3947 1204 3994 pro
1227 3931 1410 3978 honore

275 3993 512 4055 assignati
542 3993 704 4041 refert.
764 3995 962 4057 Spectat
1000 3995 1062 4043 ad
1095 3996 1219 4043 hanc
1253 3995 1408 4059 ipsam

279 4073 306 4106 r
371 4057 383 4067 '
433 4067 616 4106 sortem
649 4057 786 4105 locus
819 4057 948 4108 circa
979 4058 1140 4108 lacum
1163 4059 1410 4108 Albanum

277 4121 336 4169 in
391 4137 434 4168 v.
463 4123 572 4178 388,
597 4125 677 4170 aba·
711 4130 806 4169 tum
838 4139 920 4170 rea:
942 4127 1128 4172 stabula
1149 4128 1248 4171 alta
1271 4127 1408 4172 Lati-

277 4203 367 4234 nas
389 4188 601 4244 habebat,
624 4186 672 4233 h.
700 4199 920 4235 armenta
941 4189 1182 4251 pascebat.

347 4249 474 4300 272·
493 4253 698 4310 Accipio,
715 4251 866 4306 facim
892 4260 939 4299 et
959 4255 1225 4314 complector
1245 4259 1288 4298 te
1299 4268 1406 4312 pec-

281 4323 380 4362 tore
405 4321 509 4370 toto,
534 4318 736 4362 comitem
753 4317 920 4378 junge.

345 4378 456 4435 2⁷9,
473 4379 584 4427 280.
625 4381 732 4428 Tibi
749 4397 960 4427 mama
979 4395 1132 4428 rernm
1151 4381 1408 4428 verborum-

275 4445 498 4505 quefldes
518 4443 612 4492 erit
641 4455 692 4492 et
727 4443 1010 4501 habebimn
1047 4453 1212 4492 tecum
1251 4443 1415 4491 omnia

1542 3609 1651 3664 281,
1678 3609 1785 3654 282.
1825 3607 1933 3669 Ego
1952 3621 2070 3654 vero
2100 3605 2386 3664 allaborabo,
2412 3613 2469 3652 ut
2488 3605 2605 3653 huic

1474 3671 1589 3719 forti
1612 3671 1739 3718 facto
1762 3679 1863 3717 tota
1886 3671 1986 3718 vita
2008 3685 2117 3718 mea
2150 3670 2215 3718 sit
2246 3677 2601 3726 consentaneag

1475 3736 1580 3784 sive
1599 3737 1725 3783 bona
1748 3735 1851 3782 sive
1878 3735 2082 3782 adversa
2117 3734 2310 3782 fortuna
2326 3734 2379 3782 in
2402 3749 2461 3781 eo
2484 3749 2601 3781 exe-

1475 3799 1670 3863 quendo
1710 3813 1827 3846 usus
1868 3798 2017 3847 fuero.
2090 3801 2285 3846 Tantum
2328 3797 2431 3846 scil.
2478 3797 2603 3856 dico,

1474 3863 1708 3928 profiteor
1730 3862 1791 3910 de
1814 3878 1907 3920 me,
1931 3863 2177 3927 polliceor.

1542 3931 1636 3976 283
1660 3943 1761 3990 sqq.
1800 3927 1881 3975 Ad
1912 3927 2107 3991 pietatis
2141 3941 2339 3976 sensum
2364 3925 2603 3989 praelate

1475 4009 1584 4056 quae
1607 4001 1878 4054 sequuntur
1894 4001 2010 4040 sunt
2028 3999 2317 4054 comparata.

1543 4059 1651 4106 294.
1690 4057 1863 4113 Locus,
1890 4054 2163 4104 suavissimi
2188 4053 2387 4102 affectus
2410 4054 2599 4116 plenus.

1477 4121 1789 4170 Conscientia
1829 4137 1883 4168 ac
1917 4119 2160 4182 cogitatio,
2196 4118 2411 4180 adeoque
2446 4118 2605 4182 imag-o

1476 4185 1675 4251 pietatis
1709 4199 1811 4233 suae
1847 4185 1900 4231 in
1936 4193 2125 4248 patrem
2164 4183 2387 4240 AEneam,
2429 4183 2607 4231 acriter

1477 4247 2137 4375 ἵζὶῗζᾮὸἱωέᾣὲΐΐέἒὲς
2151 4247 2605 4375 ῗὲτῗξὲῖορὶθὶἓῗ

1474 4395 1535 4441 go
1552 4381 1725 4439 patrio
1742 4380 1933 4438 pietatis
1954 4377 2007 4424 in
2027 4375 2229 4424 Ascanii
2248 4385 2424 4425 mente.
2493 4405 2501 4412 ·

1547 4443 1655 4490 298.
1692 4443 1793 4490 Nee
1823 4449 2227 4503 partum-manet
2242 4459 2259 4488 .-
2294 4449 2343 4488 et
2364 4440 2461 4505 ipsi
2504 4441 2599 4490 im-
