3050 4934
1116 255 1492 320 LIBER
1540 255 1685 319 111.
2440 255 2566 317 307

255 403 384 467 575
427 402 766 468 Interdum
795 404 1098 489 scopulos
1127 404 1479 490 avulsaque
1511 406 1757 469 viscera
1788 406 2023 467 montis

430 504 651 589 Erigit
679 517 1004 583 eructanS,
1029 506 1505 591 liquefactaque
1540 530 1697 570 saxa
1729 508 1853 570 sub
1883 527 2076 569 auras

369 678 381 685 ‚
429 606 596 670 Cum
623 608 870 690 gemitu
898 606 1236 691 glomerat,
1264 606 1601 691 fundoque
1632 618 1956 671 exaestuat
1984 608 2132 670 imo.

428 706 628 771 Fama
656 718 781 784 est,
816 706 1136 772 Enceladi
1167 708 1545 772 semiustum
1572 708 1836 772 fulmine
1861 730 2101 792 corpus

426 808 668 891 Urgeri
694 808 862 872 mole
891 807 1040 886 hac,
1073 810 1529 894 ingentemque
1553 810 1823 894 insuper
1847 810 2120 873 AEtnam

254 910 386 975 580
427 908 804 995 Impositum
834 910 1044 994 ruptis
1075 909 1394 975 flammam
1423 912 1760 996 exspirare
1791 911 2087 987 caminis;

426 1010 543 1089 Et,
575 1011 820 1076 fessum
848 1013 1102 1096 quoties
1134 1023 1340 1077 mutet
1367 1013 1563 1089 Istue,
1596 1013 1941 1076 intremere
1972 1034 2224 1076 omnem

425 1111 776 1177 Murmure.
793 1113 1224 1191 Trinacriam,
1255 1124 1324 1178 et
1355 1113 1593 1179 coelum
1626 1114 1977 1177 subtexere
2008 1112 2207 1177 fumo.

427 1214 709 1281 Noctem
738 1216 907 1281 illam
938 1217 1094 1282 tecti
1125 1214 1297 1279 silvis
1327 1218 1626 1279 immania
1655 1227 1945 1280 monstra

424 1312 860 1394 Perferimus;
905 1338 1049 1392 nec,
1081 1340 1229 1401 quae
1261 1318 1541 1381 sonitum
1572 1319 1687 1381 det
1716 1340 1937 1394 causa,
1971 1318 2281 1382 videmus

251 1417 382 1481 585
425 1416 600 1481 Nam
629 1440 842 1502 neque
872 1428 1063 1481 erant
1091 1428 1416 1482 astrorum
1446 1419 1653 1503 igneS‚
1686 1441 1809 1483 nec
1836 1416 2090 1482 lucidus
2120 1418 2331 1481 aethra

423 1518 697 1583 Siderea
723 1518 945 1602 polus;
991 1519 1274 1583 obscuro
1307 1520 1426 1583 sed
1455 1518 1679 1583 nubila
1707 1520 1911 1590 coelo;

391 1660 408 1675 ·
427 1619 519 1683 Et
548 1617 767 1683 lunam
791 1619 858 1682 in
885 1619 1106 1683 nimbo
1133 1642 1262 1684 nox
1293 1621 1683 1705 intempesta
1714 1621 1997 1684 tenebat.

509 1720 788 1784 Postera
805 1720 1074 1803 jamque
1106 1722 1247 1785 dies
1277 1722 1487 1805 primo
1517 1722 1832 1804 surgebat
1857 1722 2027 1797 Εοο,

425 1820 950 1904 Humentemque
981 1818 1248 1895 Aurora
1276 1822 1428 1906 polo
1453 1822 1815 1886 dimoverat
1842 1821 2135 1885 umbram
2158 1847 2171 1897 ;

250 1922 384 1985 590
426 1922 650 1995 Quum
675 1922 894 1985 subito
917 1944 955 1985 e
987 1920 1184 1999 silviS,
1217 1924 1419 1987 macie
1451 1923 1749 1987 confecta
1782 1946 2107 2007 suprema,

425 2022 640 2105 Ignoti
669 2044 838 2086 nova
867 2022 1072 2087 forma
1102 2024 1242 2099 viri,
1273 2024 1772 2109 miserandaque
1797 2023 2001 2100 cultu,

424 2124 756 2200 Procedit,
785 2122 1192 2208 supplexque
1223 2147 1450 2189 manus
1483 2126 1569 2189 ad
1599 2124 1821 2191 littora
1852 2127 2081 2190 tendit.

424 2224 874 2310 Respicimus:
921 2225 1064 2288 dira
1091 2224 1364 2301 illuvies,
1391 2226 1806 2311 immissaque
1835 2228 2064 2303 barba,

424 2326 814 2391 Consertum
842 2338 1148 2409 tegumen
1175 2326 1408 2410 spinis3
1455 2336 1523 2390 at
1553 2338 1794 2392 caetera
1822 2328 2089 2405 GraiuS‚

249 2492 374 2541 meri
415 2502 633 2558 tempore
672 2492 828 2541 AEtna
863 2490 1081 2541 nondum
1125 2488 1375 2542 intestinis

249 2556 494 2605 incendiis
527 2556 742 2606 saeviisse
769 2556 988 2613 videtur:
1024 2556 1195 2605 saltem
1226 2556 1310 2605 ille
1345 2573 1376 2605 a

246 2621 366 2670 satis
383 2622 538 2670 multo
557 2630 775 2685 tempore
788 2635 1002 2669 cessasse
1023 2619 1178 2668 videri
1200 2620 1372 2677 debet:

249 2686 418 2747 (erant
459 2684 584 2734 forte
619 2692 758 2733 antra
806 2686 1048 2761 Cyelopum
1087 2684 1374 2747 antiquioris

245 2748 466 2798 incendii
512 2756 797 2813 argumenta
812 2748 852 2811 3)
897 2748 1075 2824 alioqui
1123 2748 1373 2798 Homerus

247 2814 340 2862 hoc
355 2822 544 2862 nstinae
563 2822 790 2877 portento
804 2812 867 2860 ad
978 2824 1130 2861 ticum
1146 2822 1373 2863 ornatum

249 2888 348 2925 tam
371 2877 747 2934 accmnmodato,
769 2878 868 2925 hau
923 2877 1070 2925 dubie
1091 2887 1222 2926 esset
1239 2894 1370 2926 usus.

249 2942 330 2989 Ad
367 2950 530 3006 poetae
563 2940 718 2990 nostri
757 2941 958 2989 ductum
993 2941 1174 2990 Justin.
1219 2942 1282 3000 iv,
1329 2944 1369 2990 1.

245 3008 493 3067 Horu-fficio
526 3013 654 3054 tonat
686 3008 836 3053 ΛΕΜ
867 3009 1018 3053 ruinis
1041 3006 1089 3053 h.
1115 3022 1156 3055 e.
1182 3006 1372 3069 fragore

247 3078 472 3125 resonat:
507 3069 626 3119 satis
646 3070 874 3133 graviter.
922 3072 1202 3132 Prorumpit,
1227 3070 1370 3118 emit-

249 3134 324 3191 tit,
369 3132 648 3195 ἀναπέμπει,
687 3133 890 3197 antiquo
932 3134 1162 3196 loquendi
1199 3134 1367 3182 modo:

245 3198 306 3247 ef.
351 3214 462 3264 cup.
509 3199 540 3257 i,
589 3199 698 3248 246.
781 3200 981 3246 Turbine
1030 3202 1160 3260 piceo
1203 3206 1250 3246 et
1283 3198 1368 3260 sa-

247 3266 394 3311 ville.-
427 3264 476 3311 h.
498 3279 540 3311 e.
565 3262 721 3327 globis
753 3261 890 3319 fumi,
913 3277 1026 3309 cum
1058 3262 1224 3310 cinere
1255 3278 1367 3327 per-

249 3328 426 3387 mistis,
445 3326 640 3390 φλόγας
660 3326 738 3375 καὶ
761 3328 941 3387 &mils-
985 3326 1146 3374 Aliter
1167 3341 1267 3374 non
1289 3342 1370 3374 ac-

245 3392 442 3457 cipiam.
510 3394 696 3440 Fama
735 3393 947 3449 candens,
981 3398 1038 3438 ut
1067 3407 1208 3438 canus
1239 3394 1370 3448 cinis,

243 3472 430 3505 ornans
471 3456 724 3521 epitheton
763 3470 792 3502 a
837 3455 910 3503 rei
947 3463 1121 3503 natura
1155 3455 1371 3503 ductum.

245 3524 290 3570 k:
324 3525 337 3536 ’
375 3524 410 3567 ’ae
451 3528 666 3569 eructans
709 3519 930 3568 ornatius
973 3534 1118 3581 quam
1164 3528 1366 3577 eructat,

246 3538 446 3647 lyra-t,
466 3579 661 3642 emiffit,
681 3582 913 3632 extr-adit.
949 3582 1222 3645 Liquesacta
1239 3600 1368 3639 rasa,

245 3649 291 3697 h.
307 3664 350 3697 e.
375 3648 429 3696 in
449 3648 630 3697 vitrum
653 3662 902 3706 conversa,
918 3646 1164 3695 interdum
1179 3647 1366 3695 admix-

247 3712 310 3761 tis
343 3712 584 3769 metallis3
617 3712 748 3761 unde
903 3729 952 3760 ες
975 3710 1062 3767 illi,
1099 3711 1192 3759 rivi
1227 3710 1373 3774 igniti

245 3776 416 3837 (lava).
473 3778 649 3833 Funde,
672 3779 728 3825 ἐκ
747 3778 926 3839 μυχῶν,
951 3784 1006 3823 ut
1025 3775 1280 3823 Pindarus.

308 3842 586 3892 578—582.
623 3842 758 3889 Nota
782 3840 862 3889 vel
896 3839 1078 3904 ineptis
1115 3839 1368 3888 hominum

243 3904 534 3955 commentis
565 3906 740 3963 fabula,
767 3919 877 3967 quae
911 3920 974 3953 ex
1010 3904 1210 3967 antiquo
1244 3904 1368 3967 phy-

243 3971 345 4019 sica
375 3972 700 4035 phaenomena
733 3968 1053 4017 adumbrandi
1087 3968 1232 4017 modo
1252 3982 1366 4032 pro-

245 4034 371 4083 fecta
403 4043 493 4092 est,
517 4048 632 4082 cum
665 4033 828 4096 ignem
861 4035 1230 4082 subterraneum
1259 4046 1370 4079 cum

245 4098 484 4147 fulmineo
519 4096 622 4162 igni
653 4106 1017 4161 compararent:
1053 4098 1184 4146 hunc
1207 4096 1371 4157 itaque

243 4162 408 4227 ignem
439 4164 494 4211 in
527 4170 760 4219 mensu-o,
783 4162 912 4224 quod
944 4161 1148 4209 fulmine
1233 4174 1368 4208 rcus·

245 4243 352 4277 sum
384 4236 505 4285 erat,
543 4227 713 4275 vivum
749 4240 808 4273 ac
843 4236 1134 4291 perpetuum
1208 4238 1363 4272 utare.

249 4292 344 4340 Pro
367 4290 634 4348 Encelado,
657 4304 801 4353 quem
828 4299 992 4338 moen
1014 4298 1064 4337 et
1084 4288 1167 4337 alii
1191 4302 1364 4350 agnos-

245 4366 374 4415 cunt,
419 4356 632 4407 alterum
675 4354 922 4419 gigantem
963 4354 1250 4417 Typhoeum
1291 4352 1368 4400 vel
1435 4366 1559 4415 prop

247 4420 538 4486 Typhonem
575 4428 848 4469 memorant
888 4418 1128 4466 Pindarus
1167 4426 1218 4465 et
1253 4416 1366 4465 AEs-

1439 2494 1636 2557 chylus;
1671 2502 1723 2542 at
1742 2493 1981 2557 Virgilius
2004 2495 2133 2543 hunc
2153 2495 2246 2544 sibi
2268 2496 2481 2543 servavit
2503 2495 2565 2543 ad

1439 2558 1649 2607 similem
1664 2558 1825 2605 locum
1842 2559 2159 2607 subterraneo
2176 2558 2278 2621 igni
2302 2559 2565 2607 notabilem

1437 2622 1524 2669 inf.
1550 2622 1617 2681 ix,
1636 2622 1747 2679 716,
1768 2622 1911 2685 idque
1938 2622 2145 2671 Homeri
2169 2623 2394 2687 exemplo
2420 2623 2560 2671 Iliad.

1439 2690 1488 2743 β,
1515 2686 1637 2736 783:
1673 2685 1769 2733 vid.
1804 2686 1865 2733 ad
1899 2686 2084 2750 Hygin.
2108 2686 2141 2735 f.
2172 2688 2278 2735 152.
2337 2687 2452 2735 Pari
2476 2703 2561 2735 ex-

1439 2751 1602 2815 emplo
1622 2750 1685 2798 ad
1704 2750 1984 2813 Phlegraeos
2006 2767 2202 2817 campos
2224 2768 2401 2815 magno
2420 2760 2565 2800 terrae

1438 2826 1575 2863 motu
1607 2814 1845 2879 collapsos
1876 2814 2129 2878 gigantum
2162 2832 2328 2880 pugna
2348 2816 2444 2864 fuit
2464 2825 2563 2864 tra·

1437 2878 1596 2927 ducta.
1657 2878 1801 2927 Diod.
1823 2896 1869 2937 v,
1892 2880 1970 2930 71.
2028 2883 2221 2929 AEtnam
2258 2884 2444 2942 insuper
2476 2884 2560 2927 im-

1431 2946 1645 3005 positam,
1683 2943 1881 3005 ὕπερθεν
1915 2941 2130 2992 &trevir
2167 2944 2286 3006 ὄρος,
2328 2948 2565 3006 exspirare

1426 3010 1639 3068 flammas
1676 3010 1867 3056 caminis
1902 3012 2065 3069 ruptis,
2106 3009 2155 3056 h.
2190 3024 2230 3056 e.
2260 3008 2483 3057 cavernis
2506 3018 2567 3056 et

1436 3071 1757 3136 receptaculis
1808 3072 2017 3121 flammae
2060 3072 2403 3129 subterraneis,
2450 3088 2561 3134 quae

1437 3150 1563 3184 nove
1585 3140 1796 3194 caminos,
1819 3136 2053 3195 fornaces,
2078 3135 2217 3185 dixit.
2276 3139 2565 3185 Trinacriam

1437 3204 1679 3249 intremere
1692 3220 1711 3254 ,-
1752 3207 1799 3247 et
1833 3200 1995 3263 (illum
2035 3200 2362 3263 Enceladum)
2402 3204 2563 3249 coelum

1434 3268 1673 3313 subtexere
1682 3264 1827 3325 sumo,
1853 3262 2107 3326 exquisite,
2132 3274 2189 3312 ut
2204 3268 2476 3325 suffundere.

1503 3328 1775 3377 583-587.
1823 3330 2034 3375 Monstra
2072 3328 2120 3373 h.
2161 3328 2191 3375 l.
2230 3338 2559 3377 monstrorum
2643 3335 2645 3337 ’

1469 3392 1806 3449 hoenomenon,
1824 3406 1927 3439 rem
1944 3400 2290 3455 portentosam.
2339 3395 2557 3449 sonitum,

1482 3470 1679 3518 agerem
1703 3455 1897 3503 montis.
1940 3456 2041 3502 Nec
2063 3458 2243 3502 lucidus
2258 3458 2393 3515 polus
2410 3459 2561 3502 στῆν-α

1435 3521 1626 3567 Siderea
1647 3520 1695 3566 h.
1719 3534 1760 3565 e.
1784 3517 2040 3575 sideribus,
2076 3532 2167 3564 nec
2203 3516 2379 3564 coelum
2406 3516 2561 3565 stellis

1434 3582 1733 3645 fulgentibus
1764 3582 1969 3628 lucebat.
2028 3583 2095 3627 Et
2124 3584 2173 3626 in
2201 3582 2364 3636 nimbo,
2390 3581 2559 3628 nubilo

1435 3662 1563 3703 aere,
1588 3648 1784 3702 tenebat,
1808 3643 2092 3699 occultabat,
2128 3646 2283 3690 lunam
2314 3660 2401 3691 noa·
2417 3662 2432 3690 :
2457 3643 2555 3691 vid.

1436 3710 1609 3773 odyss.
1649 3728 1677 3765 ι,
1718 3709 1822 3764 143,
1870 3708 1989 3761 1443
2025 3722 2169 3772 quem
2208 3714 2366 3753 totum
2396 3707 2557 3755 locum

1437 3773 1675 3837 Virgilius
1697 3780 1809 3820 ante
1832 3770 1998 3819 oculos
2018 3770 2202 3829 habuit,
2225 3770 2369 3819 laude
2393 3779 2557 3819 tamen

1433 3839 1669 3886 hactenus
1692 3836 1896 3899 integra,
1921 3836 2050 3897 quod
2072 3834 2421 3883 Achemenitlis
2441 3850 2555 3898 per-

1434 3917 1555 3950 sona
1577 3900 1775 3950 inducta
1795 3914 2019 3963 magnam
2043 3899 2319 3962 legentibus
2337 3898 2555 3947 miratio-

1437 3982 1549 4013 nem
1568 3966 1641 4013 rei
1664 3964 1879 4012 novitate
1897 3963 2024 4011 facit.
2076 3964 2379 4012 Imitatorem
2404 3962 2559 4010 nostri

1434 4031 1585 4078 habes
1616 4029 1849 4077 Ovidium
1872 4028 1955 4076 xiv
1980 4028 2102 4076 Met.
2133 4030 2225 4075 158
2247 4042 2365 4091 sqq„
2390 4026 2473 4074 ubi
2496 4026 2559 4073 ad

1435 4096 1617 4143 Cumas
1636 4093 1761 4141 alius
1784 4092 1975 4155 Ulyssis
1996 4092 2157 4140 socius
2179 4092 2475 4139 substiterat.

1501 4160 1612 4215 588,
1638 4159 1746 4205 589.
1782 4160 1943 4204 Primo
1976 4160 2084 4212 Eoo,
2121 4155 2363 4213 Lucifero,
2398 4170 2555 4212 mane,

1431 4223 1553 4285 ἠῷος
1574 4220 1748 4283 &evi-hp:
1774 4220 1834 4268 cs.
1859 4222 1979 4268 Geo.
2004 4220 2037 4278 i,
2062 4222 2171 4268 288.
2228 4222 2443 4268 Umbram
2470 4224 2555 4267 hu-

1433 4294 1636 4343 mentem,
1662 4285 1733 4333 uti
1753 4293 1918 4332 amant
1938 4294 2111 4348 poetae,
2134 4292 2305 4332 noctem
2327 4287 2557 4332 humidam

1562 4360 1635 4398 ter
1657 4364 1829 4398 rorem.

1505 4416 1780 4463 593—595.
1816 4413 1891 4462 Cf.
1928 4423 2019 4461 vet.
2062 4424 2209 4477 poeta
2242 4414 2304 4463 de
2344 4414 2561 4478 Tityeste
