<?xml version="1.0" encoding="UTF-8"?>
<!DOCTYPE html PUBLIC "-//W3C//DTD XHTML 1.0 Transitional//EN"
    "http://www.w3.org/TR/xhtml1/DTD/xhtml1-transitional.dtd">
<html xmlns="http://www.w3.org/1999/xhtml" xml:lang="en" lang="en">
 <head>
  <title>
</title>
<meta http-equiv="Content-Type" content="text/html;charset=utf-8" />
  <meta name='ocr-system' content='tesseract 3.04.00' />
  <meta name='ocr-capabilities' content='ocr_page ocr_carea ocr_par ocr_line ocrx_word'/>
</head>
<body>
  <div class='ocr_page' id='page_1' title='image "./publiivirgiliim00unkngoog_0610.png"; bbox 0 0 3050 4934; ppageno 0'>
   <div class='ocr_carea' id='block_1_1' title="bbox 6 3775 19 4520">
    <p class='ocr_par' dir='ltr' id='par_1_1' title="bbox 6 3775 19 4520">
     <span class='ocr_line' id='line_1_1' title="bbox 6 3775 19 4520; textangle 90"><span class='ocrx_word' id='word_1_1' title='bbox 6 4418 19 4520; x_wconf 62' lang='lat' dir='ltr'><strong>-n</strong></span> <span class='ocrx_word' id='word_1_2' title='bbox 6 4211 19 4318; x_wconf 54' lang='grc' dir='ltr'>νιν-ν</span> <span class='ocrx_word' id='word_1_3' title='bbox 6 3903 17 4128; x_wconf 59' lang='grc' dir='ltr'><strong>-τ·-</strong></span> <span class='ocrx_word' id='word_1_4' title='bbox 7 3775 9 3798; x_wconf 84' lang='grc'>-</span> 
     </span>
    </p>
   </div>
   <div class='ocr_carea' id='block_1_2' title="bbox 1133 260 2548 328">
    <p class='ocr_par' dir='ltr' id='par_1_2' title="bbox 1133 260 2548 328">
     <span class='ocr_line' id='line_1_2' title="bbox 1133 260 2548 328; baseline 0.006 -3"><span class='ocrx_word' id='word_1_5' title='bbox 1133 261 1469 326; x_wconf 90' lang='lat' dir='ltr'>LIBER</span> <span class='ocrx_word' id='word_1_6' title='bbox 1519 264 1654 328; x_wconf 89' lang='lat' dir='ltr'><strong>XI.</strong></span> <span class='ocrx_word' id='word_1_7' title='bbox 2419 260 2548 322; x_wconf 88' lang='lat'><strong>599</strong></span> 
     </span>
    </p>
   </div>
   <div class='ocr_carea' id='block_1_3' title="bbox 232 403 2242 3403">
    <p class='ocr_par' dir='ltr' id='par_1_3' title="bbox 401 403 2083 790">
     <span class='ocr_line' id='line_1_3' title="bbox 403 403 1924 497; baseline 0.008 -31"><span class='ocrx_word' id='word_1_8' title='bbox 403 403 761 470; x_wconf 90' lang='lat' dir='ltr'><strong>Gramineo</strong></span> <span class='ocrx_word' id='word_1_9' title='bbox 791 408 1031 472; x_wconf 84' lang='lat' dir='ltr'><strong>donum</strong></span> <span class='ocrx_word' id='word_1_10' title='bbox 1063 409 1305 474; x_wconf 83' lang='lat' dir='ltr'><strong>Trivioe</strong></span> <span class='ocrx_word' id='word_1_11' title='bbox 1332 413 1417 475; x_wconf 92' lang='lat' dir='ltr'><strong>de</strong></span> <span class='ocrx_word' id='word_1_12' title='bbox 1447 415 1696 497; x_wconf 83' lang='lat' dir='ltr'>cespite</span> <span class='ocrx_word' id='word_1_13' title='bbox 1729 414 1924 479; x_wconf 87' lang='lat' dir='ltr'><strong>vellit.</strong></span> 
     </span>
     <span class='ocr_line' id='line_1_4' title="bbox 403 503 1927 586; baseline 0.007 -20"><span class='ocrx_word' id='word_1_14' title='bbox 403 503 561 567; x_wconf 89' lang='lat' dir='ltr'><strong>Non</strong></span> <span class='ocrx_word' id='word_1_15' title='bbox 592 504 769 570; x_wconf 90' lang='lat' dir='ltr'><strong>illum</strong></span> <span class='ocrx_word' id='word_1_16' title='bbox 794 509 981 571; x_wconf 86' lang='lat' dir='ltr'><strong>tectis</strong></span> <span class='ocrx_word' id='word_1_17' title='bbox 1014 508 1183 586; x_wconf 82' lang='lat' dir='ltr'><strong>ullae,</strong></span> <span class='ocrx_word' id='word_1_18' title='bbox 1214 533 1345 574; x_wconf 90' lang='lat' dir='ltr'><strong>non</strong></span> <span class='ocrx_word' id='word_1_19' title='bbox 1374 514 1698 578; x_wconf 88' lang='lat' dir='ltr'><strong>moenibus</strong></span> <span class='ocrx_word' id='word_1_20' title='bbox 1729 516 1927 577; x_wconf 90' lang='lat' dir='ltr'><strong>urbes</strong></span> 
     </span>
     <span class='ocr_line' id='line_1_5' title="bbox 401 600 2083 691; baseline 0.007 -26"><span class='ocrx_word' id='word_1_21' title='bbox 401 600 765 688; x_wconf 83' lang='lat' dir='ltr'><strong>Accepere,</strong></span> <span class='ocrx_word' id='word_1_22' title='bbox 796 628 1007 690; x_wconf 86' lang='lat' dir='ltr'><strong>neque</strong></span> <span class='ocrx_word' id='word_1_23' title='bbox 1037 609 1179 691; x_wconf 88' lang='lat' dir='ltr'><strong>ipse</strong></span> <span class='ocrx_word' id='word_1_24' title='bbox 1210 633 1437 674; x_wconf 85' lang='lat' dir='ltr'><strong>manus</strong></span> <span class='ocrx_word' id='word_1_25' title='bbox 1468 611 1728 676; x_wconf 82' lang='lat' dir='ltr'><strong>feritate</strong></span> <span class='ocrx_word' id='word_1_26' title='bbox 1759 615 2083 677; x_wconf 82' lang='lat' dir='ltr'><strong>dedisset:</strong></span> 
     </span>
     <span class='ocr_line' id='line_1_6' title="bbox 404 700 1898 790; baseline 0.005 -25"><span class='ocrx_word' id='word_1_27' title='bbox 404 700 753 768; x_wconf 83' lang='lat' dir='ltr'><strong>Pastorum</strong></span> <span class='ocrx_word' id='word_1_28' title='bbox 782 718 849 769; x_wconf 94' lang='lat' dir='ltr'><strong>et</strong></span> <span class='ocrx_word' id='word_1_29' title='bbox 878 706 1029 769; x_wconf 87' lang='lat' dir='ltr'><strong>solis</strong></span> <span class='ocrx_word' id='word_1_30' title='bbox 1060 710 1281 790; x_wconf 84' lang='lat' dir='ltr'><strong>exegit</strong></span> <span class='ocrx_word' id='word_1_31' title='bbox 1310 713 1638 774; x_wconf 87' lang='lat' dir='ltr'><strong>montibus</strong></span> <span class='ocrx_word' id='word_1_32' title='bbox 1672 734 1898 774; x_wconf 86' lang='lat' dir='ltr'><strong>aevum.</strong></span> 
     </span>
    </p>

    <p class='ocr_par' dir='ltr' id='par_1_4' title="bbox 232 803 2094 1293">
     <span class='ocr_line' id='line_1_7' title="bbox 232 803 2094 892; baseline 0.005 -28"><span class='ocrx_word' id='word_1_33' title='bbox 232 803 367 865; x_wconf 85' lang='lat'><strong>570.</strong></span> <span class='ocrx_word' id='word_1_34' title='bbox 407 803 538 867; x_wconf 93' lang='lat' dir='ltr'><strong>Hic</strong></span> <span class='ocrx_word' id='word_1_35' title='bbox 568 817 807 881; x_wconf 87' lang='lat' dir='ltr'><strong>natam,</strong></span> <span class='ocrx_word' id='word_1_36' title='bbox 840 807 907 870; x_wconf 91' lang='lat' dir='ltr'><strong>in</strong></span> <span class='ocrx_word' id='word_1_37' title='bbox 934 808 1143 870; x_wconf 88' lang='lat' dir='ltr'><strong>dumis</strong></span> <span class='ocrx_word' id='word_1_38' title='bbox 1175 809 1473 892; x_wconf 90' lang='lat' dir='ltr'><strong>interque</strong></span> <span class='ocrx_word' id='word_1_39' title='bbox 1504 810 1838 873; x_wconf 85' lang='lat' dir='ltr'><strong>horrentia</strong></span> <span class='ocrx_word' id='word_1_40' title='bbox 1866 809 2094 887; x_wconf 85' lang='lat' dir='ltr'><strong>lustra,</strong></span> 
     </span>
     <span class='ocr_line' id='line_1_8' title="bbox 404 904 1870 990; baseline 0.005 -22"><span class='ocrx_word' id='word_1_41' title='bbox 404 904 801 970; x_wconf 87' lang='lat' dir='ltr'><strong>Armentalis</strong></span> <span class='ocrx_word' id='word_1_42' title='bbox 831 930 1017 990; x_wconf 88' lang='lat' dir='ltr'><strong>equae</strong></span> <span class='ocrx_word' id='word_1_43' title='bbox 1048 911 1335 972; x_wconf 89' lang='lat' dir='ltr'><strong>mammis</strong></span> <span class='ocrx_word' id='word_1_44' title='bbox 1365 921 1433 973; x_wconf 89' lang='lat' dir='ltr'><strong>et</strong></span> <span class='ocrx_word' id='word_1_45' title='bbox 1464 910 1629 974; x_wconf 87' lang='lat' dir='ltr'><strong>lacte</strong></span> <span class='ocrx_word' id='word_1_46' title='bbox 1660 911 1870 975; x_wconf 86' lang='lat' dir='ltr'><strong>ferino</strong></span> 
     </span>
     <span class='ocr_line' id='line_1_9' title="bbox 404 1003 1914 1092; baseline 0.005 -25"><span class='ocrx_word' id='word_1_47' title='bbox 404 1003 745 1081; x_wconf 88' lang='lat' dir='ltr'><strong>Nutribat,</strong></span> <span class='ocrx_word' id='word_1_48' title='bbox 776 1009 1018 1070; x_wconf 89' lang='lat' dir='ltr'><strong>teneris</strong></span> <span class='ocrx_word' id='word_1_49' title='bbox 1048 1008 1428 1092; x_wconf 87' lang='lat' dir='ltr'><strong>immulgens</strong></span> <span class='ocrx_word' id='word_1_50' title='bbox 1459 1011 1666 1075; x_wconf 90' lang='lat' dir='ltr'><strong>ubera</strong></span> <span class='ocrx_word' id='word_1_51' title='bbox 1694 1009 1914 1074; x_wconf 77' lang='lat' dir='ltr'><strong>labris·</strong></span> 
     </span>
     <span class='ocr_line' id='line_1_10' title="bbox 408 1105 1968 1194; baseline 0.004 -26"><span class='ocrx_word' id='word_1_52' title='bbox 408 1105 631 1189; x_wconf 89' lang='lat' dir='ltr'><strong>thue</strong></span> <span class='ocrx_word' id='word_1_53' title='bbox 663 1108 905 1191; x_wconf 87' lang='lat' dir='ltr'><strong>pedum</strong></span> <span class='ocrx_word' id='word_1_54' title='bbox 935 1109 1155 1190; x_wconf 89' lang='lat' dir='ltr'><strong>primis</strong></span> <span class='ocrx_word' id='word_1_55' title='bbox 1186 1108 1397 1172; x_wconf 85' lang='lat' dir='ltr'><strong>infans</strong></span> <span class='ocrx_word' id='word_1_56' title='bbox 1429 1111 1700 1194; x_wconf 84' lang='lat' dir='ltr'><strong>vestigia</strong></span> <span class='ocrx_word' id='word_1_57' title='bbox 1732 1110 1968 1194; x_wconf 88' lang='lat' dir='ltr'><strong>plantis</strong></span> 
     </span>
     <span class='ocr_line' id='line_1_11' title="bbox 404 1205 1858 1293; baseline 0.006 -26"><span class='ocrx_word' id='word_1_58' title='bbox 404 1205 761 1282; x_wconf 88' lang='lat' dir='ltr'><strong>Institerat,</strong></span> <span class='ocrx_word' id='word_1_59' title='bbox 785 1207 1005 1290; x_wconf 87' lang='lat' dir='ltr'><strong>jaculo</strong></span> <span class='ocrx_word' id='word_1_60' title='bbox 1036 1207 1282 1293; x_wconf 88' lang='lat' dir='ltr'><strong>palmas</strong></span> <span class='ocrx_word' id='word_1_61' title='bbox 1315 1213 1606 1274; x_wconf 83' lang='lat' dir='ltr'><strong>oneravit</strong></span> <span class='ocrx_word' id='word_1_62' title='bbox 1636 1223 1858 1288; x_wconf 89' lang='lat' dir='ltr'><strong>acuto;</strong></span> 
     </span>
    </p>

    <p class='ocr_par' dir='ltr' id='par_1_5' title="bbox 232 1305 2201 1695">
     <span class='ocr_line' id='line_1_12' title="bbox 232 1305 2201 1394; baseline 0.006 -27"><span class='ocrx_word' id='word_1_63' title='bbox 232 1306 317 1374; x_wconf 71' lang='lat'><strong>57</strong></span> <span class='ocrx_word' id='word_1_64' title='bbox 320 1307 361 1369; x_wconf 90' lang='lat'><em>5</em></span> <span class='ocrx_word' id='word_1_65' title='bbox 407 1305 797 1391; x_wconf 84' lang='lat' dir='ltr'><strong>Spiculaque</strong></span> <span class='ocrx_word' id='word_1_66' title='bbox 830 1331 914 1372; x_wconf 86' lang='lat' dir='ltr'><strong>ex</strong></span> <span class='ocrx_word' id='word_1_67' title='bbox 942 1309 1215 1374; x_wconf 87' lang='lat' dir='ltr'><strong>humero</strong></span> <span class='ocrx_word' id='word_1_68' title='bbox 1246 1332 1463 1392; x_wconf 87' lang='lat' dir='ltr'><strong>parvae</strong></span> <span class='ocrx_word' id='word_1_69' title='bbox 1494 1313 1837 1394; x_wconf 87' lang='lat' dir='ltr'><strong>suspendit</strong></span> <span class='ocrx_word' id='word_1_70' title='bbox 1867 1323 1934 1376; x_wconf 89' lang='lat' dir='ltr'><strong>et</strong></span> <span class='ocrx_word' id='word_1_71' title='bbox 1962 1335 2201 1378; x_wconf 87' lang='lat' dir='ltr'><strong>arcum.</strong></span> 
     </span>
     <span class='ocr_line' id='line_1_13' title="bbox 407 1405 1954 1496; baseline 0.005 -27"><span class='ocrx_word' id='word_1_72' title='bbox 407 1405 541 1469; x_wconf 89' lang='lat' dir='ltr'><strong>Pro</strong></span> <span class='ocrx_word' id='word_1_73' title='bbox 570 1406 792 1471; x_wconf 86' lang='lat' dir='ltr'><strong>crinali</strong></span> <span class='ocrx_word' id='word_1_74' title='bbox 822 1431 1003 1484; x_wconf 90' lang='lat' dir='ltr'><strong>aur0,</strong></span> <span class='ocrx_word' id='word_1_75' title='bbox 1034 1431 1158 1492; x_wconf 88' lang='lat' dir='ltr'><strong>pro</strong></span> <span class='ocrx_word' id='word_1_76' title='bbox 1187 1410 1398 1492; x_wconf 88' lang='lat' dir='ltr'><strong>longae</strong></span> <span class='ocrx_word' id='word_1_77' title='bbox 1430 1413 1710 1495; x_wconf 88' lang='lat' dir='ltr'><strong>tegmine</strong></span> <span class='ocrx_word' id='word_1_78' title='bbox 1743 1412 1954 1496; x_wconf 65' lang='lat' dir='ltr'><strong>pallae,</strong></span> 
     </span>
     <span class='ocr_line' id='line_1_14' title="bbox 404 1506 2106 1598; baseline 0.004 -29"><span class='ocrx_word' id='word_1_79' title='bbox 404 1506 696 1590; x_wconf 86' lang='lat' dir='ltr'><strong>Tigridis</strong></span> <span class='ocrx_word' id='word_1_80' title='bbox 727 1511 977 1572; x_wconf 85' lang='lat' dir='ltr'><strong>exuviae</strong></span> <span class='ocrx_word' id='word_1_81' title='bbox 1007 1531 1129 1593; x_wconf 90' lang='lat' dir='ltr'><strong>per</strong></span> <span class='ocrx_word' id='word_1_82' title='bbox 1157 1511 1423 1573; x_wconf 86' lang='lat' dir='ltr'><strong>dorsum</strong></span> <span class='ocrx_word' id='word_1_83' title='bbox 1453 1534 1492 1573; x_wconf 90' lang='lat' dir='ltr'><strong>a</strong></span> <span class='ocrx_word' id='word_1_84' title='bbox 1522 1514 1763 1577; x_wconf 86' lang='lat' dir='ltr'><strong>vertice</strong></span> <span class='ocrx_word' id='word_1_85' title='bbox 1795 1515 2106 1598; x_wconf 87' lang='lat' dir='ltr'><strong>pendent.</strong></span> 
     </span>
     <span class='ocr_line' id='line_1_15' title="bbox 406 1607 1918 1695; baseline 0.005 -24"><span class='ocrx_word' id='word_1_86' title='bbox 406 1607 574 1672; x_wconf 90' lang='lat' dir='ltr'><strong>Tela</strong></span> <span class='ocrx_word' id='word_1_87' title='bbox 604 1631 797 1674; x_wconf 89' lang='lat' dir='ltr'><strong>manu</strong></span> <span class='ocrx_word' id='word_1_88' title='bbox 815 1611 953 1692; x_wconf 87' lang='lat' dir='ltr'><strong>jam</strong></span> <span class='ocrx_word' id='word_1_89' title='bbox 983 1621 1119 1674; x_wconf 90' lang='lat' dir='ltr'><strong>tum</strong></span> <span class='ocrx_word' id='word_1_90' title='bbox 1150 1623 1375 1675; x_wconf 88' lang='lat' dir='ltr'><strong>tenera</strong></span> <span class='ocrx_word' id='word_1_91' title='bbox 1406 1612 1678 1695; x_wconf 90' lang='lat' dir='ltr'><strong>puerilia</strong></span> <span class='ocrx_word' id='word_1_92' title='bbox 1710 1617 1918 1692; x_wconf 86' lang='lat' dir='ltr'><strong>torsit,</strong></span> 
     </span>
    </p>

    <p class='ocr_par' dir='ltr' id='par_1_6' title="bbox 409 1708 1997 1798">
     <span class='ocr_line' id='line_1_16' title="bbox 409 1708 1997 1798; baseline 0.004 -27"><span class='ocrx_word' id='word_1_93' title='bbox 409 1709 501 1773; x_wconf 92' lang='lat' dir='ltr'><strong>Et</strong></span> <span class='ocrx_word' id='word_1_94' title='bbox 530 1708 797 1772; x_wconf 86' lang='lat' dir='ltr'><strong>fundam</strong></span> <span class='ocrx_word' id='word_1_95' title='bbox 828 1712 1021 1774; x_wconf 85' lang='lat' dir='ltr'><strong>tereti</strong></span> <span class='ocrx_word' id='word_1_96' title='bbox 1050 1713 1289 1776; x_wconf 90' lang='lat' dir='ltr'><strong>circum</strong></span> <span class='ocrx_word' id='word_1_97' title='bbox 1319 1725 1518 1797; x_wconf 92' lang='lat' dir='ltr'><strong>caput</strong></span> <span class='ocrx_word' id='word_1_98' title='bbox 1547 1715 1682 1798; x_wconf 87' lang='lat' dir='ltr'><strong>egit</strong></span> <span class='ocrx_word' id='word_1_99' title='bbox 1709 1715 1997 1792; x_wconf 80' lang='lat' dir='ltr'><strong>habena3</strong></span> 
     </span>
    </p>

    <p class='ocr_par' dir='ltr' id='par_1_7' title="bbox 232 1809 2197 2300">
     <span class='ocr_line' id='line_1_17' title="bbox 232 1809 2197 1899; baseline 0.004 -27"><span class='ocrx_word' id='word_1_100' title='bbox 232 1809 362 1872; x_wconf 89' lang='lat'><strong>580</strong></span> <span class='ocrx_word' id='word_1_101' title='bbox 408 1809 966 1894; x_wconf 83' lang='lat' dir='ltr'><strong>Strymoniamque</strong></span> <span class='ocrx_word' id='word_1_102' title='bbox 996 1835 1246 1895; x_wconf 84' lang='lat' dir='ltr'><strong>gruem,</strong></span> <span class='ocrx_word' id='word_1_103' title='bbox 1278 1824 1393 1876; x_wconf 88' lang='lat' dir='ltr'><strong>aut</strong></span> <span class='ocrx_word' id='word_1_104' title='bbox 1422 1814 1638 1878; x_wconf 88' lang='lat' dir='ltr'><strong>album</strong></span> <span class='ocrx_word' id='word_1_105' title='bbox 1667 1816 1906 1899; x_wconf 87' lang='lat' dir='ltr'><strong>dejecit</strong></span> <span class='ocrx_word' id='word_1_106' title='bbox 1937 1815 2197 1880; x_wconf 91' lang='lat' dir='ltr'><strong>olorem.</strong></span> 
     </span>
     <span class='ocr_line' id='line_1_18' title="bbox 402 1909 2174 2000; baseline 0.003 -28"><span class='ocrx_word' id='word_1_107' title='bbox 402 1909 639 1974; x_wconf 84' lang='lat' dir='ltr'><strong>Multae</strong></span> <span class='ocrx_word' id='word_1_108' title='bbox 667 1911 839 1974; x_wconf 87' lang='lat' dir='ltr'><strong>illam</strong></span> <span class='ocrx_word' id='word_1_109' title='bbox 868 1911 1110 1976; x_wconf 82' lang='lat' dir='ltr'><strong>frustra</strong></span> <span class='ocrx_word' id='word_1_110' title='bbox 1140 1913 1489 1996; x_wconf 86' lang='lat' dir='ltr'><strong>Tyrrhena</strong></span> <span class='ocrx_word' id='word_1_111' title='bbox 1516 1938 1638 1999; x_wconf 89' lang='lat' dir='ltr'><strong>per</strong></span> <span class='ocrx_word' id='word_1_112' title='bbox 1667 1917 1910 2000; x_wconf 88' lang='lat' dir='ltr'><strong>oppida</strong></span> <span class='ocrx_word' id='word_1_113' title='bbox 1939 1927 2174 1980; x_wconf 87' lang='lat' dir='ltr'><strong>matres</strong></span> 
     </span>
     <span class='ocr_line' id='line_1_19' title="bbox 409 2009 1866 2095; baseline 0.003 -21"><span class='ocrx_word' id='word_1_114' title='bbox 409 2009 742 2095; x_wconf 85' lang='lat' dir='ltr'><strong>Optavere</strong></span> <span class='ocrx_word' id='word_1_115' title='bbox 772 2035 1026 2076; x_wconf 88' lang='lat' dir='ltr'><strong>nurum.</strong></span> <span class='ocrx_word' id='word_1_116' title='bbox 1104 2014 1261 2077; x_wconf 91' lang='lat' dir='ltr'><strong>Sola</strong></span> <span class='ocrx_word' id='word_1_117' title='bbox 1290 2026 1596 2080; x_wconf 87' lang='lat' dir='ltr'><strong>contenta</strong></span> <span class='ocrx_word' id='word_1_118' title='bbox 1629 2014 1866 2092; x_wconf 89' lang='lat' dir='ltr'><strong>Diana,</strong></span> 
     </span>
     <span class='ocr_line' id='line_1_20' title="bbox 406 2111 1884 2198; baseline 0.004 -24"><span class='ocrx_word' id='word_1_119' title='bbox 406 2112 753 2176; x_wconf 88' lang='lat' dir='ltr'><strong>AEternum</strong></span> <span class='ocrx_word' id='word_1_120' title='bbox 783 2111 1059 2177; x_wconf 89' lang='lat' dir='ltr'><strong>telorum</strong></span> <span class='ocrx_word' id='word_1_121' title='bbox 1088 2126 1155 2178; x_wconf 90' lang='lat' dir='ltr'><strong>et</strong></span> <span class='ocrx_word' id='word_1_122' title='bbox 1185 2116 1569 2198; x_wconf 86' lang='lat' dir='ltr'><strong>virginitatis</strong></span> <span class='ocrx_word' id='word_1_123' title='bbox 1601 2138 1884 2180; x_wconf 87' lang='lat' dir='ltr'><strong>amorem</strong></span> 
     </span>
     <span class='ocr_line' id='line_1_21' title="bbox 405 2213 2137 2300; baseline 0.003 -25"><span class='ocrx_word' id='word_1_124' title='bbox 405 2213 801 2277; x_wconf 87' lang='lat' dir='ltr'><strong>Intemerata</strong></span> <span class='ocrx_word' id='word_1_125' title='bbox 828 2213 1003 2276; x_wconf 91' lang='lat' dir='ltr'><strong>colit.</strong></span> <span class='ocrx_word' id='word_1_126' title='bbox 1081 2213 1335 2278; x_wconf 88' lang='lat' dir='ltr'><strong>Vellem</strong></span> <span class='ocrx_word' id='word_1_127' title='bbox 1364 2217 1541 2280; x_wconf 92' lang='lat' dir='ltr'><strong>haud</strong></span> <span class='ocrx_word' id='word_1_128' title='bbox 1575 2229 1876 2300; x_wconf 91' lang='lat' dir='ltr'><strong>correpta</strong></span> <span class='ocrx_word' id='word_1_129' title='bbox 1905 2217 2137 2282; x_wconf 89' lang='lat' dir='ltr'><strong>fuisset</strong></span> 
     </span>
    </p>

    <p class='ocr_par' dir='ltr' id='par_1_8' title="bbox 236 2313 1781 2390">
     <span class='ocr_line' id='line_1_22' title="bbox 236 2313 1781 2390; baseline 0.003 -14"><span class='ocrx_word' id='word_1_130' title='bbox 236 2314 366 2376; x_wconf 87' lang='grc'><strong>585</strong></span> <span class='ocrx_word' id='word_1_131' title='bbox 412 2313 647 2377; x_wconf 89' lang='lat' dir='ltr'><strong>Militia</strong></span> <span class='ocrx_word' id='word_1_132' title='bbox 677 2313 811 2390; x_wconf 87' lang='lat' dir='ltr'><strong>tali,</strong></span> <span class='ocrx_word' id='word_1_133' title='bbox 844 2325 1077 2377; x_wconf 88' lang='lat' dir='ltr'><strong>conata</strong></span> <span class='ocrx_word' id='word_1_134' title='bbox 1101 2313 1421 2380; x_wconf 83' lang='lat' dir='ltr'><strong>lacessere</strong></span> <span class='ocrx_word' id='word_1_135' title='bbox 1456 2316 1781 2380; x_wconf 88' lang='lat' dir='ltr'><strong>Teucros:</strong></span> 
     </span>
    </p>

    <p class='ocr_par' dir='ltr' id='par_1_9' title="bbox 408 2414 2140 2499">
     <span class='ocr_line' id='line_1_23' title="bbox 408 2414 2140 2499; baseline 0.001 -21"><span class='ocrx_word' id='word_1_136' title='bbox 408 2414 578 2479; x_wconf 86' lang='lat' dir='ltr'><strong>Cara</strong></span> <span class='ocrx_word' id='word_1_137' title='bbox 605 2415 782 2491; x_wconf 86' lang='lat' dir='ltr'><strong>mihi,</strong></span> <span class='ocrx_word' id='word_1_138' title='bbox 814 2417 1245 2499; x_wconf 89' lang='lat' dir='ltr'><strong>comitumque</strong></span> <span class='ocrx_word' id='word_1_139' title='bbox 1276 2416 1446 2480; x_wconf 81' lang='lat' dir='ltr'><strong>foret</strong></span> <span class='ocrx_word' id='word_1_140' title='bbox 1474 2439 1648 2481; x_wconf 91' lang='lat' dir='ltr'><strong>nunc</strong></span> <span class='ocrx_word' id='word_1_141' title='bbox 1677 2440 1807 2480; x_wconf 91' lang='lat' dir='ltr'><strong>una</strong></span> <span class='ocrx_word' id='word_1_142' title='bbox 1833 2440 2140 2482; x_wconf 90' lang='lat' dir='ltr'><strong>mearum.</strong></span> 
     </span>
    </p>

    <p class='ocr_par' dir='ltr' id='par_1_10' title="bbox 406 2515 2173 2802">
     <span class='ocr_line' id='line_1_24' title="bbox 408 2515 2173 2606; baseline 0.001 -28"><span class='ocrx_word' id='word_1_143' title='bbox 408 2515 655 2580; x_wconf 88' lang='lat' dir='ltr'><strong>Verum</strong></span> <span class='ocrx_word' id='word_1_144' title='bbox 684 2537 830 2598; x_wconf 85' lang='lat' dir='ltr'><strong>age,</strong></span> <span class='ocrx_word' id='word_1_145' title='bbox 861 2517 1389 2606; x_wconf 86' lang='lat' dir='ltr'><strong>quandoquidem</strong></span> <span class='ocrx_word' id='word_1_146' title='bbox 1415 2517 1566 2581; x_wconf 84' lang='lat' dir='ltr'><strong>fatis</strong></span> <span class='ocrx_word' id='word_1_147' title='bbox 1597 2527 1868 2600; x_wconf 87' lang='lat' dir='ltr'><strong>urgetur</strong></span> <span class='ocrx_word' id='word_1_148' title='bbox 1899 2520 2148 2583; x_wconf 88' lang='lat' dir='ltr'><strong>acerbis</strong></span> <span class='ocrx_word' id='word_1_149' title='bbox 2156 2566 2173 2595; x_wconf 92' lang='lat'><strong>,</strong></span> 
     </span>
     <span class='ocr_line' id='line_1_25' title="bbox 411 2614 2156 2701; baseline 0.002 -23"><span class='ocrx_word' id='word_1_150' title='bbox 411 2614 689 2691; x_wconf 88' lang='lat' dir='ltr'><strong>Labere,</strong></span> <span class='ocrx_word' id='word_1_151' title='bbox 722 2616 1057 2699; x_wconf 83' lang='lat' dir='ltr'><strong>Nympha,</strong></span> <span class='ocrx_word' id='word_1_152' title='bbox 1090 2616 1263 2701; x_wconf 91' lang='lat' dir='ltr'><strong>polo,</strong></span> <span class='ocrx_word' id='word_1_153' title='bbox 1294 2617 1590 2701; x_wconf 86' lang='lat' dir='ltr'><strong>finesque</strong></span> <span class='ocrx_word' id='word_1_154' title='bbox 1623 2619 1824 2680; x_wconf 87' lang='lat' dir='ltr'><strong>invise</strong></span> <span class='ocrx_word' id='word_1_155' title='bbox 1858 2617 2156 2692; x_wconf 87' lang='lat' dir='ltr'><strong>Latinos,</strong></span> 
     </span>
     <span class='ocr_line' id='line_1_26' title="bbox 406 2713 2064 2802; baseline 0.002 -23"><span class='ocrx_word' id='word_1_156' title='bbox 406 2713 646 2780; x_wconf 85' lang='lat' dir='ltr'><strong>Tristis</strong></span> <span class='ocrx_word' id='word_1_157' title='bbox 676 2718 791 2780; x_wconf 91' lang='lat' dir='ltr'><strong>ubi</strong></span> <span class='ocrx_word' id='word_1_158' title='bbox 821 2716 1105 2781; x_wconf 86' lang='lat' dir='ltr'><strong>infausto</strong></span> <span class='ocrx_word' id='word_1_159' title='bbox 1134 2720 1552 2782; x_wconf 85' lang='lat' dir='ltr'><strong>committitur</strong></span> <span class='ocrx_word' id='word_1_160' title='bbox 1581 2721 1791 2782; x_wconf 89' lang='lat' dir='ltr'><strong>omine</strong></span> <span class='ocrx_word' id='word_1_161' title='bbox 1821 2741 2064 2802; x_wconf 87' lang='lat' dir='ltr'><strong>pugna.</strong></span> 
     </span>
    </p>

    <p class='ocr_par' dir='ltr' id='par_1_11' title="bbox 232 2816 2242 3303">
     <span class='ocr_line' id='line_1_27' title="bbox 232 2816 2242 2901; baseline 0 -21"><span class='ocrx_word' id='word_1_162' title='bbox 232 2819 363 2880; x_wconf 88' lang='grc'><strong>590</strong></span> <span class='ocrx_word' id='word_1_163' title='bbox 405 2816 572 2880; x_wconf 87' lang='lat' dir='ltr'><strong>Haec</strong></span> <span class='ocrx_word' id='word_1_164' title='bbox 602 2839 785 2900; x_wconf 88' lang='lat' dir='ltr'><strong>cape,</strong></span> <span class='ocrx_word' id='word_1_165' title='bbox 818 2828 884 2880; x_wconf 90' lang='lat' dir='ltr'><strong>et</strong></span> <span class='ocrx_word' id='word_1_166' title='bbox 914 2817 1207 2881; x_wconf 89' lang='lat' dir='ltr'><strong>ultricem</strong></span> <span class='ocrx_word' id='word_1_167' title='bbox 1232 2818 1544 2901; x_wconf 87' lang='lat' dir='ltr'><strong>pharetra</strong></span> <span class='ocrx_word' id='word_1_168' title='bbox 1573 2819 1884 2900; x_wconf 85' lang='lat' dir='ltr'><strong>deprome</strong></span> <span class='ocrx_word' id='word_1_169' title='bbox 1915 2820 2242 2901; x_wconf 85' lang='lat' dir='ltr'><strong>sagittam:</strong></span> 
     </span>
     <span class='ocr_line' id='line_1_28' title="bbox 407 2917 2153 3002; baseline 0 -20"><span class='ocrx_word' id='word_1_170' title='bbox 407 2918 581 2993; x_wconf 87' lang='lat' dir='ltr'><strong>Hac,</strong></span> <span class='ocrx_word' id='word_1_171' title='bbox 610 2919 998 3000; x_wconf 86' lang='lat' dir='ltr'><strong>quicumque</strong></span> <span class='ocrx_word' id='word_1_172' title='bbox 1030 2940 1283 2982; x_wconf 87' lang='lat' dir='ltr'><strong>sacrum</strong></span> <span class='ocrx_word' id='word_1_173' title='bbox 1314 2917 1566 2980; x_wconf 62' lang='lat' dir='ltr'><strong>violarit</strong></span> <span class='ocrx_word' id='word_1_174' title='bbox 1597 2918 1859 2983; x_wconf 86' lang='lat' dir='ltr'><strong>vulnere</strong></span> <span class='ocrx_word' id='word_1_175' title='bbox 1890 2940 2153 3002; x_wconf 88' lang='lat' dir='ltr'><strong>corpus,</strong></span> 
     </span>
     <span class='ocr_line' id='line_1_29' title="bbox 404 3017 2146 3102; baseline 0.001 -20"><span class='ocrx_word' id='word_1_176' title='bbox 404 3019 579 3082; x_wconf 87' lang='lat' dir='ltr'><strong>Tros</strong></span> <span class='ocrx_word' id='word_1_177' title='bbox 611 3017 916 3093; x_wconf 86' lang='lat' dir='ltr'><strong>Italusve,</strong></span> <span class='ocrx_word' id='word_1_178' title='bbox 950 3017 1103 3080; x_wconf 89' lang='lat' dir='ltr'><strong>mihi</strong></span> <span class='ocrx_word' id='word_1_179' title='bbox 1134 3019 1377 3100; x_wconf 88' lang='lat' dir='ltr'><strong>pariter</strong></span> <span class='ocrx_word' id='word_1_180' title='bbox 1408 3017 1521 3082; x_wconf 89' lang='lat' dir='ltr'><strong>det</strong></span> <span class='ocrx_word' id='word_1_181' title='bbox 1553 3020 1865 3102; x_wconf 84' lang='lat' dir='ltr'><strong>sanguine</strong></span> <span class='ocrx_word' id='word_1_182' title='bbox 1895 3042 2146 3102; x_wconf 89' lang='lat' dir='ltr'><strong>poenas.</strong></span> 
     </span>
     <span class='ocr_line' id='line_1_30' title="bbox 408 3118 2096 3203; baseline 0.002 -22"><span class='ocrx_word' id='word_1_183' title='bbox 408 3118 571 3182; x_wconf 85' lang='lat' dir='ltr'><strong>Post</strong></span> <span class='ocrx_word' id='word_1_184' title='bbox 598 3140 721 3201; x_wconf 90' lang='lat' dir='ltr'><strong>ego</strong></span> <span class='ocrx_word' id='word_1_185' title='bbox 750 3119 923 3182; x_wconf 91' lang='lat' dir='ltr'><strong>nube</strong></span> <span class='ocrx_word' id='word_1_186' title='bbox 954 3139 1111 3181; x_wconf 85' lang='lat' dir='ltr'><strong>cava</strong></span> <span class='ocrx_word' id='word_1_187' title='bbox 1142 3118 1525 3182; x_wconf 83' lang='lat' dir='ltr'><strong>miserandae</strong></span> <span class='ocrx_word' id='word_1_188' title='bbox 1556 3142 1792 3203; x_wconf 90' lang='lat' dir='ltr'><strong>corpus</strong></span> <span class='ocrx_word' id='word_1_189' title='bbox 1823 3133 1890 3184; x_wconf 88' lang='lat' dir='ltr'><strong>et</strong></span> <span class='ocrx_word' id='word_1_190' title='bbox 1919 3143 2096 3184; x_wconf 82' lang='lat' dir='ltr'><strong>anna</strong></span> 
     </span>
     <span class='ocr_line' id='line_1_31' title="bbox 407 3216 2039 3303; baseline 0.002 -22"><span class='ocrx_word' id='word_1_191' title='bbox 407 3217 762 3302; x_wconf 88' lang='lat' dir='ltr'><strong>Inspoliata</strong></span> <span class='ocrx_word' id='word_1_192' title='bbox 785 3217 987 3282; x_wconf 85' lang='lat' dir='ltr'><strong>feram</strong></span> <span class='ocrx_word' id='word_1_193' title='bbox 1019 3216 1287 3293; x_wconf 89' lang='lat' dir='ltr'><strong>tumulo,</strong></span> <span class='ocrx_word' id='word_1_194' title='bbox 1320 3220 1679 3303; x_wconf 84' lang='lat' dir='ltr'><strong>patriaeque</strong></span> <span class='ocrx_word' id='word_1_195' title='bbox 1711 3241 2039 3303; x_wconf 90' lang='lat' dir='ltr'><strong>reponam.</strong></span> 
     </span>
    </p>

    <p class='ocr_par' dir='ltr' id='par_1_12' title="bbox 234 3317 1938 3403">
     <span class='ocr_line' id='line_1_32' title="bbox 234 3317 1938 3403; baseline -0.001 -19"><span class='ocrx_word' id='word_1_196' title='bbox 234 3323 364 3384; x_wconf 88' lang='grc'><strong>595</strong></span> <span class='ocrx_word' id='word_1_197' title='bbox 408 3321 631 3384; x_wconf 85' lang='lat' dir='ltr'><strong>Dixit:</strong></span> <span class='ocrx_word' id='word_1_198' title='bbox 680 3328 746 3381; x_wconf 84' lang='lat' dir='ltr'><strong>at</strong></span> <span class='ocrx_word' id='word_1_199' title='bbox 775 3318 882 3381; x_wconf 89' lang='lat' dir='ltr'><strong>illa</strong></span> <span class='ocrx_word' id='word_1_200' title='bbox 911 3317 1087 3382; x_wconf 81' lang='lat' dir='ltr'><strong>leves</strong></span> <span class='ocrx_word' id='word_1_201' title='bbox 1120 3317 1267 3382; x_wconf 90' lang='lat' dir='ltr'><strong>coeli</strong></span> <span class='ocrx_word' id='word_1_202' title='bbox 1296 3319 1569 3403; x_wconf 87' lang='lat' dir='ltr'><strong>delapsa</strong></span> <span class='ocrx_word' id='word_1_203' title='bbox 1597 3341 1720 3402; x_wconf 90' lang='lat' dir='ltr'><strong>per</strong></span> <span class='ocrx_word' id='word_1_204' title='bbox 1747 3342 1938 3382; x_wconf 86' lang='lat' dir='ltr'><strong>auras</strong></span> 
     </span>
    </p>
   </div>
   <div class='ocr_carea' id='block_1_4' title="bbox 229 3502 1359 4456">
    <p class='ocr_par' dir='ltr' id='par_1_13' title="bbox 234 3502 1357 3823">
     <span class='ocr_line' id='line_1_33' title="bbox 236 3502 1355 3574; baseline -0.005 -21"><span class='ocrx_word' id='word_1_205' title='bbox 236 3504 339 3553; x_wconf 78' lang='lat' dir='ltr'><strong>filia</strong></span> <span class='ocrx_word' id='word_1_206' title='bbox 378 3513 582 3552; x_wconf 78' lang='lat' dir='ltr'><strong>servata.</strong></span> <span class='ocrx_word' id='word_1_207' title='bbox 656 3503 835 3548; x_wconf 75' lang='lat' dir='ltr'><strong>Donum</strong></span> <span class='ocrx_word' id='word_1_208' title='bbox 885 3502 1068 3558; x_wconf 77' lang='lat' dir='ltr'><strong>Triviae,</strong></span> <span class='ocrx_word' id='word_1_209' title='bbox 1112 3515 1176 3547; x_wconf 84' lang='lat' dir='ltr'><strong>ex</strong></span> <span class='ocrx_word' id='word_1_210' title='bbox 1217 3509 1355 3574; x_wconf 72' lang='lat' dir='ltr'><strong>voto:</strong></span> 
     </span>
     <span class='ocr_line' id='line_1_34' title="bbox 236 3566 1357 3692; baseline -0.012 -12"><span class='ocrx_word' id='word_1_211' title='bbox 236 3566 1043 3689; x_wconf 55' lang='lat' dir='ltr'><strong>tztff,‚¹{t.⁸„¹l⁸2ffi¹i?zu2²&#39;{ttz</strong></span> <span class='ocrx_word' id='word_1_212' title='bbox 1057 3567 1357 3692; x_wconf 44' lang='lat'><strong>&amp;395‘1’3025</strong></span> 
     </span>
     <span class='ocr_line' id='line_1_35' title="bbox 236 3691 1357 3756; baseline -0.004 -12"><span class='ocrx_word' id='word_1_213' title='bbox 236 3705 331 3752; x_wconf 88' lang='lat' dir='ltr'><strong>tur,</strong></span> <span class='ocrx_word' id='word_1_214' title='bbox 356 3696 401 3743; x_wconf 84' lang='lat' dir='ltr'><strong>h.</strong></span> <span class='ocrx_word' id='word_1_215' title='bbox 427 3695 458 3742; x_wconf 88' lang='lat'><strong>1.</strong></span> <span class='ocrx_word' id='word_1_216' title='bbox 484 3693 567 3756; x_wconf 87' lang='lat' dir='ltr'><strong>qui</strong></span> <span class='ocrx_word' id='word_1_217' title='bbox 604 3692 731 3754; x_wconf 89' lang='lat' dir='ltr'><strong>quod</strong></span> <span class='ocrx_word' id='word_1_218' title='bbox 752 3691 1031 3738; x_wconf 82' lang='lat' dir='ltr'><strong>humanitas</strong></span> <span class='ocrx_word' id='word_1_219' title='bbox 1052 3691 1257 3740; x_wconf 86' lang='lat' dir='ltr'><strong>aliorum</strong></span> <span class='ocrx_word' id='word_1_220' title='bbox 1280 3692 1357 3739; x_wconf 83' lang='lat' dir='ltr'><strong>vel</strong></span> 
     </span>
     <span class='ocr_line' id='line_1_36' title="bbox 234 3753 915 3823; baseline -0.01 -15"><span class='ocrx_word' id='word_1_221' title='bbox 234 3758 540 3823; x_wconf 77' lang='lat' dir='ltr'><strong>hospitalitas</strong></span> <span class='ocrx_word' id='word_1_222' title='bbox 562 3755 705 3804; x_wconf 79' lang='lat' dir='ltr'><strong>offert</strong></span> <span class='ocrx_word' id='word_1_223' title='bbox 724 3753 915 3818; x_wconf 84' lang='lat' dir='ltr'><strong>accipit.</strong></span> 
     </span>
    </p>

    <p class='ocr_par' dir='ltr' id='par_1_14' title="bbox 229 3821 1359 4456">
     <span class='ocr_line' id='line_1_37' title="bbox 302 3821 1359 3880; baseline -0.005 -9"><span class='ocrx_word' id='word_1_224' title='bbox 302 3821 599 3872; x_wconf 80' lang='lat'><strong>569-573,</strong></span> <span class='ocrx_word' id='word_1_225' title='bbox 659 3821 771 3867; x_wconf 89' lang='lat' dir='ltr'><strong>Non</strong></span> <span class='ocrx_word' id='word_1_226' title='bbox 817 3827 1053 3880; x_wconf 72' lang='lat' dir='ltr'><strong>pastorum</strong></span> <span class='ocrx_word' id='word_1_227' title='bbox 1104 3836 1259 3876; x_wconf 79' lang='lat' dir='ltr'><strong>aevum,</strong></span> <span class='ocrx_word' id='word_1_228' title='bbox 1304 3827 1359 3867; x_wconf 85' lang='lat' dir='ltr'><strong>ut</strong></span> 
     </span>
     <span class='ocr_line' id='line_1_38' title="bbox 238 3881 1358 3950; baseline -0.002 -16"><span class='ocrx_word' id='word_1_229' title='bbox 238 3889 391 3944; x_wconf 80' lang='lat' dir='ltr'><strong>Serv..</strong></span> <span class='ocrx_word' id='word_1_230' title='bbox 414 3903 505 3950; x_wconf 84' lang='lat' dir='ltr'><strong>pro</strong></span> <span class='ocrx_word' id='word_1_231' title='bbox 528 3883 757 3948; x_wconf 81' lang='lat' dir='ltr'><strong>pastorali</strong></span> <span class='ocrx_word' id='word_1_232' title='bbox 792 3881 917 3938; x_wconf 81' lang='lat' dir='ltr'><strong>vita:</strong></span> <span class='ocrx_word' id='word_1_233' title='bbox 953 3881 1041 3930; x_wconf 77' lang='lat' dir='ltr'><strong>sed</strong></span> <span class='ocrx_word' id='word_1_234' title='bbox 1063 3886 1111 3930; x_wconf 78' lang='lat' dir='ltr'><strong>in</strong></span> <span class='ocrx_word' id='word_1_235' title='bbox 1134 3887 1358 3932; x_wconf 72' lang='lat' dir='ltr'><strong>montibus</strong></span> 
     </span>
     <span class='ocr_line' id='line_1_39' title="bbox 229 3946 1351 4013; baseline -0.004 -13"><span class='ocrx_word' id='word_1_236' title='bbox 229 3959 479 4013; x_wconf 72' lang='lat' dir='ltr'><strong>pastorum,</strong></span> <span class='ocrx_word' id='word_1_237' title='bbox 511 3949 593 4011; x_wconf 88' lang='lat' dir='ltr'><strong>qui</strong></span> <span class='ocrx_word' id='word_1_238' title='bbox 628 3965 657 3995; x_wconf 82' lang='lat' dir='ltr'><strong>a</strong></span> <span class='ocrx_word' id='word_1_239' title='bbox 690 3947 963 4010; x_wconf 82' lang='lat' dir='ltr'><strong>pastoribus</strong></span> <span class='ocrx_word' id='word_1_240' title='bbox 996 3946 1351 3996; x_wconf 84' lang='lat' dir='ltr'><strong>habitabantur.</strong></span> 
     </span>
     <span class='ocr_line' id='line_1_40' title="bbox 236 4011 1352 4074; baseline -0.003 -11"><span class='ocrx_word' id='word_1_241' title='bbox 236 4018 393 4072; x_wconf 70' lang='lat' dir='ltr'><strong>Danai,</strong></span> <span class='ocrx_word' id='word_1_242' title='bbox 416 4017 580 4070; x_wconf 74' lang='lat' dir='ltr'><strong>lustra,</strong></span> <span class='ocrx_word' id='word_1_243' title='bbox 606 4027 693 4074; x_wconf 86' lang='lat' dir='ltr'><strong>pro</strong></span> <span class='ocrx_word' id='word_1_244' title='bbox 716 4011 864 4060; x_wconf 86' lang='lat' dir='ltr'><strong>silvis.</strong></span> <span class='ocrx_word' id='word_1_245' title='bbox 908 4014 1191 4060; x_wconf 59' lang='lat' dir='ltr'><strong>eir-mentalis</strong></span> <span class='ocrx_word' id='word_1_246' title='bbox 1223 4029 1247 4060; x_wconf 77' lang='lat' dir='ltr'><strong>e</strong></span> <span class='ocrx_word' id='word_1_247' title='bbox 1278 4029 1352 4070; x_wconf 77' lang='lat' dir='ltr'><strong>aa,</strong></span> 
     </span>
     <span class='ocr_line' id='line_1_41' title="bbox 234 4074 1352 4138; baseline -0.001 -12"><span class='ocrx_word' id='word_1_248' title='bbox 234 4079 378 4128; x_wconf 73' lang='grc' dir='ltr'><strong><em>ἵπος</em></strong></span> <span class='ocrx_word' id='word_1_249' title='bbox 412 4074 631 4137; x_wconf 67' lang='grc' dir='ltr'><strong>ἀγελαία-</strong></span> <span class='ocrx_word' id='word_1_250' title='bbox 688 4077 832 4124; x_wconf 70' lang='lat' dir='ltr'><strong>Lacte</strong></span> <span class='ocrx_word' id='word_1_251' title='bbox 856 4074 1015 4136; x_wconf 76' lang='lat' dir='ltr'><strong>serino</strong></span> <span class='ocrx_word' id='word_1_252' title='bbox 1028 4095 1045 4130; x_wconf 81' lang='lat'><strong>,-</strong></span> <span class='ocrx_word' id='word_1_253' title='bbox 1084 4075 1199 4138; x_wconf 79' lang='lat' dir='ltr'><strong>quia</strong></span> <span class='ocrx_word' id='word_1_254' title='bbox 1248 4093 1352 4125; x_wconf 70' lang='lat' dir='ltr'><strong>erus</strong></span> 
     </span>
     <span class='ocr_line' id='line_1_42' title="bbox 236 4139 1356 4203; baseline 0 -15"><span class='ocrx_word' id='word_1_255' title='bbox 236 4142 383 4190; x_wconf 82' lang='lat' dir='ltr'><strong>etiam</strong></span> <span class='ocrx_word' id='word_1_256' title='bbox 424 4141 485 4188; x_wconf 91' lang='lat' dir='ltr'><strong>de</strong></span> <span class='ocrx_word' id='word_1_257' title='bbox 525 4156 662 4202; x_wconf 86' lang='lat' dir='ltr'><strong>equo.</strong></span> <span class='ocrx_word' id='word_1_258' title='bbox 735 4139 937 4202; x_wconf 84' lang='lat' dir='ltr'><strong>Proprie</strong></span> <span class='ocrx_word' id='word_1_259' title='bbox 983 4149 1123 4188; x_wconf 85' lang='lat' dir='ltr'><strong>erant</strong></span> <span class='ocrx_word' id='word_1_260' title='bbox 1158 4145 1356 4203; x_wconf 75' lang='lat' dir='ltr'><strong>vestigia</strong></span> 
     </span>
     <span class='ocr_line' id='line_1_43' title="bbox 229 4201 1351 4268; baseline -0.002 -15"><span class='ocrx_word' id='word_1_261' title='bbox 229 4209 398 4266; x_wconf 73' lang='lat' dir='ltr'><strong>prima,</strong></span> <span class='ocrx_word' id='word_1_262' title='bbox 434 4204 487 4252; x_wconf 86' lang='lat' dir='ltr'><strong>in</strong></span> <span class='ocrx_word' id='word_1_263' title='bbox 510 4221 631 4266; x_wconf 81' lang='lat' dir='ltr'><strong>quae,</strong></span> <span class='ocrx_word' id='word_1_264' title='bbox 655 4203 831 4265; x_wconf 84' lang='lat' dir='ltr'><strong>quibus</strong></span> <span class='ocrx_word' id='word_1_265' title='bbox 862 4201 1043 4251; x_wconf 83' lang='lat' dir='ltr'><strong>institit</strong></span> <span class='ocrx_word' id='word_1_266' title='bbox 1065 4204 1246 4268; x_wconf 83' lang='lat' dir='ltr'><strong>plantis</strong></span> <span class='ocrx_word' id='word_1_267' title='bbox 1264 4220 1351 4268; x_wconf 89' lang='lat' dir='ltr'><strong>pe-</strong></span> 
     </span>
     <span class='ocr_line' id='line_1_44' title="bbox 235 4266 1353 4342; baseline -0.001 -25"><span class='ocrx_word' id='word_1_268' title='bbox 235 4269 365 4316; x_wconf 88' lang='lat' dir='ltr'><strong>dum.</strong></span> <span class='ocrx_word' id='word_1_269' title='bbox 432 4267 529 4317; x_wconf 89' lang='lat' dir='ltr'><strong>Sed</strong></span> <span class='ocrx_word' id='word_1_270' title='bbox 548 4266 746 4342; x_wconf 38' lang='lat' dir='ltr'><strong>‘doctius</strong></span> <span class='ocrx_word' id='word_1_271' title='bbox 776 4267 997 4341; x_wconf 69' lang='lat' dir='ltr'><strong>alterum,</strong></span> <span class='ocrx_word' id='word_1_272' title='bbox 1030 4282 1121 4340; x_wconf 71' lang='lat' dir='ltr'><strong>pro</strong></span> <span class='ocrx_word' id='word_1_273' title='bbox 1150 4267 1353 4330; x_wconf 76' lang='lat' dir='ltr'><strong>vulgari,</strong></span> 
     </span>
     <span class='ocr_line' id='line_1_45' title="bbox 234 4330 1350 4456; baseline -0.002 -14"><span class='ocrx_word' id='word_1_274' title='bbox 234 4330 1350 4456; x_wconf 48' lang='lat' dir='ltr'><strong>¹²²AEssffisssffzffiflffisfflffl‘zzmemo-</strong></span> 
     </span>
    </p>
   </div>
   <div class='ocr_carea' id='block_1_5' title="bbox 1416 3501 2546 4462">
    <p class='ocr_par' dir='ltr' id='par_1_15' title="bbox 1422 3501 2546 3751">
     <span class='ocr_line' id='line_1_46' title="bbox 1424 3501 2546 3568; baseline 0.005 -18"><span class='ocrx_word' id='word_1_275' title='bbox 1424 3511 1500 3550; x_wconf 86' lang='lat' dir='ltr'><strong>rat</strong></span> <span class='ocrx_word' id='word_1_276' title='bbox 1538 3501 1790 3566; x_wconf 73' lang='lat' dir='ltr'><strong>dignitatis</strong></span> <span class='ocrx_word' id='word_1_277' title='bbox 1827 3519 2000 3558; x_wconf 80' lang='lat' dir='ltr'><strong>causa:</strong></span> <span class='ocrx_word' id='word_1_278' title='bbox 2051 3520 2140 3553; x_wconf 86' lang='lat' dir='ltr'><strong>nec</strong></span> <span class='ocrx_word' id='word_1_279' title='bbox 2179 3522 2394 3568; x_wconf 83' lang='lat' dir='ltr'><strong>quaerere</strong></span> <span class='ocrx_word' id='word_1_280' title='bbox 2434 3509 2546 3557; x_wconf 85' lang='lat' dir='ltr'><strong>licet</strong></span> 
     </span>
     <span class='ocr_line' id='line_1_47' title="bbox 1422 3566 2540 3635; baseline 0.005 -22"><span class='ocrx_word' id='word_1_281' title='bbox 1422 3566 1554 3614; x_wconf 87' lang='lat' dir='ltr'><strong>unde</strong></span> <span class='ocrx_word' id='word_1_282' title='bbox 1587 3566 1820 3628; x_wconf 76' lang='lat' dir='ltr'><strong>fugitivus</strong></span> <span class='ocrx_word' id='word_1_283' title='bbox 1845 3568 2074 3616; x_wconf 82' lang='lat' dir='ltr'><strong>Metabus</strong></span> <span class='ocrx_word' id='word_1_284' title='bbox 2103 3585 2184 3616; x_wconf 86' lang='lat' dir='ltr'><strong>eas</strong></span> <span class='ocrx_word' id='word_1_285' title='bbox 2207 3570 2420 3618; x_wconf 82' lang='lat' dir='ltr'><strong>nancisci</strong></span> <span class='ocrx_word' id='word_1_286' title='bbox 2453 3589 2540 3635; x_wconf 88' lang='lat' dir='ltr'><strong>po-</strong></span> 
     </span>
     <span class='ocr_line' id='line_1_48' title="bbox 1422 3630 2541 3698; baseline 0.005 -21"><span class='ocrx_word' id='word_1_287' title='bbox 1422 3630 1588 3678; x_wconf 86' lang='lat' dir='ltr'><strong>tuerit.</strong></span> <span class='ocrx_word' id='word_1_288' title='bbox 1643 3633 1947 3691; x_wconf 58' lang='grc' dir='ltr'><strong>διν-,νηπίω</strong></span> <span class='ocrx_word' id='word_1_289' title='bbox 1965 3649 2152 3694; x_wconf 79' lang='lat' dir='ltr'><strong>gruem:</strong></span> <span class='ocrx_word' id='word_1_290' title='bbox 2177 3633 2272 3681; x_wconf 81' lang='lat' dir='ltr'><strong>vid.</strong></span> <span class='ocrx_word' id='word_1_291' title='bbox 2295 3649 2400 3698; x_wconf 86' lang='lat' dir='ltr'><strong>sup.</strong></span> <span class='ocrx_word' id='word_1_292' title='bbox 2421 3637 2541 3684; x_wconf 89' lang='lat' dir='ltr'><strong>Geo.</strong></span> 
     </span>
     <span class='ocr_line' id='line_1_49' title="bbox 1423 3693 1926 3751; baseline 0.004 -11"><span class='ocrx_word' id='word_1_293' title='bbox 1423 3693 1455 3751; x_wconf 81' lang='lat' dir='ltr'><strong>i,</strong></span> <span class='ocrx_word' id='word_1_294' title='bbox 1486 3696 1593 3741; x_wconf 88' lang='lat'>120.</span> <span class='ocrx_word' id='word_1_295' title='bbox 1917 3705 1926 3710; x_wconf 92' lang='grc'>·</span> 
     </span>
    </p>

    <p class='ocr_par' dir='ltr' id='par_1_16' title="bbox 1416 3759 2542 3938">
     <span class='ocr_line' id='line_1_50' title="bbox 1478 3759 2540 3820; baseline 0.008 -16"><span class='ocrx_word' id='word_1_296' title='bbox 1478 3759 1586 3804; x_wconf 86' lang='grc'><strong>581.</strong></span> <span class='ocrx_word' id='word_1_297' title='bbox 1620 3760 1855 3820; x_wconf 78' lang='lat' dir='ltr'><strong>Tyrrhena</strong></span> <span class='ocrx_word' id='word_1_298' title='bbox 1867 3762 2145 3819; x_wconf 75' lang='lat' dir='ltr'><strong>peroppida.</strong></span> <span class='ocrx_word' id='word_1_299' title='bbox 2185 3761 2431 3810; x_wconf 78' lang='lat' dir='ltr'><strong>Amasene</strong></span> <span class='ocrx_word' id='word_1_300' title='bbox 2445 3773 2540 3812; x_wconf 87' lang='lat' dir='ltr'><strong>tra-</strong></span> 
     </span>
     <span class='ocr_line' id='line_1_51' title="bbox 1416 3821 2542 3882; baseline 0.006 -14"><span class='ocrx_word' id='word_1_301' title='bbox 1416 3824 1550 3882; x_wconf 88' lang='lat' dir='ltr'><strong>jecto</strong></span> <span class='ocrx_word' id='word_1_302' title='bbox 1567 3821 1794 3870; x_wconf 82' lang='lat' dir='ltr'><strong>Metabus</strong></span> <span class='ocrx_word' id='word_1_303' title='bbox 1813 3822 1874 3870; x_wconf 88' lang='lat' dir='ltr'><strong>ad</strong></span> <span class='ocrx_word' id='word_1_304' title='bbox 1889 3823 2006 3870; x_wconf 83' lang='lat' dir='ltr'><strong>Cam</strong></span> <span class='ocrx_word' id='word_1_305' title='bbox 2045 3837 2248 3872; x_wconf 87' lang='lat' dir='ltr'><strong>auorum</strong></span> <span class='ocrx_word' id='word_1_306' title='bbox 2265 3825 2389 3874; x_wconf 85' lang='lat' dir='ltr'><strong>fines</strong></span> <span class='ocrx_word' id='word_1_307' title='bbox 2406 3843 2542 3874; x_wconf 82' lang='lat' dir='ltr'><strong>acce·</strong></span> 
     </span>
     <span class='ocr_line' id='line_1_52' title="bbox 1422 3885 2500 3938; baseline 0.003 -5"><span class='ocrx_word' id='word_1_308' title='bbox 1422 3885 1539 3934; x_wconf 85' lang='lat' dir='ltr'><strong>dere</strong></span> <span class='ocrx_word' id='word_1_309' title='bbox 1561 3885 1756 3934; x_wconf 86' lang='lat' dir='ltr'><strong>debuit:</strong></span> <span class='ocrx_word' id='word_1_310' title='bbox 1791 3886 1882 3933; x_wconf 84' lang='lat' dir='ltr'><strong>hos</strong></span> <span class='ocrx_word' id='word_1_311' title='bbox 1903 3886 2010 3934; x_wconf 87' lang='lat' dir='ltr'><strong>inse</strong></span> <span class='ocrx_word' id='word_1_312' title='bbox 2043 3901 2126 3934; x_wconf 85' lang='lat' dir='ltr'><strong>ere</strong></span> <span class='ocrx_word' id='word_1_313' title='bbox 2149 3886 2266 3935; x_wconf 88' lang='lat' dir='ltr'><strong>olim</strong></span> <span class='ocrx_word' id='word_1_314' title='bbox 2289 3889 2500 3938; x_wconf 83' lang='lat' dir='ltr'><strong>Etrusci.</strong></span> 
     </span>
    </p>

    <p class='ocr_par' dir='ltr' id='par_1_17' title="bbox 1418 3949 2544 4396">
     <span class='ocr_line' id='line_1_53' title="bbox 1484 3949 2540 4013; baseline 0.005 -17"><span class='ocrx_word' id='word_1_315' title='bbox 1484 3949 1595 4006; x_wconf 89' lang='lat'><strong>590,</strong></span> <span class='ocrx_word' id='word_1_316' title='bbox 1619 3951 1728 3996; x_wconf 82' lang='lat'><strong>591.</strong></span> <span class='ocrx_word' id='word_1_317' title='bbox 1763 3952 1880 3998; x_wconf 81' lang='lat' dir='ltr'><strong>Haec</strong></span> <span class='ocrx_word' id='word_1_318' title='bbox 1902 3967 2038 4010; x_wconf 80' lang='lat' dir='ltr'><strong>cape.-</strong></span> <span class='ocrx_word' id='word_1_319' title='bbox 2065 3959 2186 4013; x_wconf 86' lang='lat' dir='ltr'><strong>puta</strong></span> <span class='ocrx_word' id='word_1_320' title='bbox 2206 3967 2316 3998; x_wconf 88' lang='lat' dir='ltr'><strong>cum</strong></span> <span class='ocrx_word' id='word_1_321' title='bbox 2339 3953 2417 4000; x_wconf 82' lang='lat' dir='ltr'><strong>his</strong></span> <span class='ocrx_word' id='word_1_322' title='bbox 2439 3953 2540 4001; x_wconf 89' lang='lat' dir='ltr'><strong>dic·</strong></span> 
     </span>
     <span class='ocr_line' id='line_1_54' title="bbox 1420 4013 2540 4079; baseline 0.003 -17"><span class='ocrx_word' id='word_1_323' title='bbox 1420 4013 1483 4062; x_wconf 85' lang='lat' dir='ltr'><strong>tis</strong></span> <span class='ocrx_word' id='word_1_324' title='bbox 1507 4013 1720 4062; x_wconf 84' lang='lat' dir='ltr'><strong>Dianam</strong></span> <span class='ocrx_word' id='word_1_325' title='bbox 1755 4029 1922 4061; x_wconf 84' lang='lat' dir='ltr'><strong>arcum</strong></span> <span class='ocrx_word' id='word_1_326' title='bbox 1947 4025 1998 4061; x_wconf 85' lang='lat' dir='ltr'><strong>et</strong></span> <span class='ocrx_word' id='word_1_327' title='bbox 2018 4014 2296 4076; x_wconf 86' lang='lat' dir='ltr'><strong>pharetram</strong></span> <span class='ocrx_word' id='word_1_328' title='bbox 2320 4015 2418 4079; x_wconf 86' lang='lat' dir='ltr'><strong>Opi</strong></span> <span class='ocrx_word' id='word_1_329' title='bbox 2442 4027 2540 4065; x_wconf 86' lang='lat' dir='ltr'><strong>tra-</strong></span> 
     </span>
     <span class='ocr_line' id='line_1_55' title="bbox 1418 4077 2542 4144; baseline 0.004 -18"><span class='ocrx_word' id='word_1_330' title='bbox 1418 4077 1548 4126; x_wconf 83' lang='lat' dir='ltr'><strong>dere.</strong></span> <span class='ocrx_word' id='word_1_331' title='bbox 1603 4080 1794 4126; x_wconf 78' lang='lat' dir='ltr'><strong>Sacrum</strong></span> <span class='ocrx_word' id='word_1_332' title='bbox 1827 4093 1988 4138; x_wconf 71' lang='lat' dir='ltr'><strong>corpus</strong></span> <span class='ocrx_word' id='word_1_333' title='bbox 2002 4096 2018 4124; x_wconf 91' lang='lat'><strong>.·</strong></span> <span class='ocrx_word' id='word_1_334' title='bbox 2053 4089 2271 4140; x_wconf 81' lang='lat' dir='ltr'><strong>auguste,</strong></span> <span class='ocrx_word' id='word_1_335' title='bbox 2313 4095 2416 4142; x_wconf 90' lang='lat' dir='ltr'><strong>pro,</strong></span> <span class='ocrx_word' id='word_1_336' title='bbox 2459 4081 2542 4144; x_wconf 91' lang='lat' dir='ltr'><strong>qui</strong></span> 
     </span>
     <span class='ocr_line' id='line_1_56' title="bbox 1418 4140 2540 4207; baseline 0.004 -17"><span class='ocrx_word' id='word_1_337' title='bbox 1418 4142 1596 4191; x_wconf 81' lang='lat' dir='ltr'><strong>vulnus</strong></span> <span class='ocrx_word' id='word_1_338' title='bbox 1619 4140 1864 4196; x_wconf 82' lang='lat' dir='ltr'><strong>intulerit:</strong></span> <span class='ocrx_word' id='word_1_339' title='bbox 1899 4141 1985 4188; x_wconf 89' lang='lat' dir='ltr'><strong>sed</strong></span> <span class='ocrx_word' id='word_1_340' title='bbox 2020 4141 2233 4204; x_wconf 84' lang='lat' dir='ltr'><strong>loquitur</strong></span> <span class='ocrx_word' id='word_1_341' title='bbox 2270 4142 2332 4190; x_wconf 85' lang='lat' dir='ltr'><strong>de</strong></span> <span class='ocrx_word' id='word_1_342' title='bbox 2351 4143 2540 4207; x_wconf 74' lang='lat' dir='ltr'><strong>virgine</strong></span> 
     </span>
     <span class='ocr_line' id='line_1_57' title="bbox 1418 4205 2542 4259; baseline 0.005 -6"><span class='ocrx_word' id='word_1_343' title='bbox 1418 4205 1523 4254; x_wconf 80' lang='lat' dir='ltr'><strong>deae</strong></span> <span class='ocrx_word' id='word_1_344' title='bbox 1559 4215 1854 4256; x_wconf 85' lang='lat' dir='ltr'><strong>consecrata.</strong></span> <span class='ocrx_word' id='word_1_345' title='bbox 1913 4205 1980 4252; x_wconf 88' lang='lat' dir='ltr'><strong>Et</strong></span> <span class='ocrx_word' id='word_1_346' title='bbox 2008 4205 2155 4254; x_wconf 84' lang='lat' dir='ltr'><strong>ducta</strong></span> <span class='ocrx_word' id='word_1_347' title='bbox 2194 4207 2308 4254; x_wconf 84' lang='lat' dir='ltr'><strong>hinc</strong></span> <span class='ocrx_word' id='word_1_348' title='bbox 2343 4207 2542 4259; x_wconf 84' lang='lat' dir='ltr'><strong>ultionis</strong></span> 
     </span>
     <span class='ocr_line' id='line_1_58' title="bbox 1420 4270 2544 4332; baseline 0.004 -15"><span class='ocrx_word' id='word_1_349' title='bbox 1420 4271 1480 4317; x_wconf 86' lang='lat' dir='ltr'><strong>ab</strong></span> <span class='ocrx_word' id='word_1_350' title='bbox 1504 4270 1697 4317; x_wconf 81' lang='lat' dir='ltr'><strong>Arunte</strong></span> <span class='ocrx_word' id='word_1_351' title='bbox 1717 4279 1892 4317; x_wconf 82' lang='lat' dir='ltr'><strong>sumtae</strong></span> <span class='ocrx_word' id='word_1_352' title='bbox 1914 4284 2072 4316; x_wconf 82' lang='lat' dir='ltr'><strong>causa.</strong></span> <span class='ocrx_word' id='word_1_353' title='bbox 2133 4271 2276 4327; x_wconf 86' lang='lat' dir='ltr'><strong>Nam,</strong></span> <span class='ocrx_word' id='word_1_354' title='bbox 2300 4271 2382 4332; x_wconf 85' lang='lat' dir='ltr'><strong>qui</strong></span> <span class='ocrx_word' id='word_1_355' title='bbox 2405 4289 2544 4322; x_wconf 82' lang='lat' dir='ltr'><strong>sacra</strong></span> 
     </span>
     <span class='ocr_line' id='line_1_59' title="bbox 1419 4332 2090 4396; baseline 0 -16"><span class='ocrx_word' id='word_1_356' title='bbox 1419 4333 1616 4390; x_wconf 81' lang='lat' dir='ltr'><strong>violant,</strong></span> <span class='ocrx_word' id='word_1_357' title='bbox 1638 4349 1668 4380; x_wconf 88' lang='lat' dir='ltr'><strong>a</strong></span> <span class='ocrx_word' id='word_1_358' title='bbox 1688 4332 1783 4380; x_wconf 87' lang='lat' dir='ltr'><strong>diis</strong></span> <span class='ocrx_word' id='word_1_359' title='bbox 1805 4333 2090 4396; x_wconf 89' lang='lat' dir='ltr'><strong>puniuntur.</strong></span> 
     </span>
    </p>

    <p class='ocr_par' dir='ltr' id='par_1_18' title="bbox 1486 4396 2540 4462">
     <span class='ocr_line' id='line_1_60' title="bbox 1486 4396 2540 4462; baseline 0.006 -20"><span class='ocrx_word' id='word_1_360' title='bbox 1486 4397 1756 4443; x_wconf 73' lang='lat'><strong>594—596.</strong></span> <span class='ocrx_word' id='word_1_361' title='bbox 1797 4399 1986 4453; x_wconf 67' lang='lat' dir='ltr'><strong>Patria,</strong></span> <span class='ocrx_word' id='word_1_362' title='bbox 2009 4399 2206 4450; x_wconf 80' lang='lat' dir='ltr'><strong>Graece:</strong></span> <span class='ocrx_word' id='word_1_363' title='bbox 2245 4396 2294 4444; x_wconf 90' lang='lat' dir='ltr'><strong>in</strong></span> <span class='ocrx_word' id='word_1_364' title='bbox 2317 4401 2540 4462; x_wconf 83' lang='lat' dir='ltr'><strong>patriam,</strong></span> 
     </span>
    </p>
   </div>
  </div>
 </body>
</html>
