3050 4934
1213 256 1552 323 LIBER
1601 254 1694 325 X:

464 402 607 469 Aut
637 406 943 493 Phrygiae
972 428 1262 492 campos:
1310 430 1481 473 nunc
1513 407 1665 473 belli
1695 408 1842 473 finis
1871 421 1938 473 et
1968 412 2116 486 aevi,

465 504 591 571 His
622 508 886 573 dabitur
915 510 1127 573 terris.
1206 507 1470 573 Vesano
1502 509 1656 573 talia
1685 509 1812 574 late

465 606 665 671 Dicta
693 607 910 673 volant
942 609 1199 693 Ligeri:
1249 611 1367 675 sed
1397 632 1527 674 non
1560 622 1628 674 et
1657 609 1899 673 Troius
1931 611 2123 675 heros

290 707 418 770 585
462 707 661 773 Dicta
688 722 877 794 parat
905 722 1161 789 contra3
1198 711 1487 796 jaculum
1515 734 1664 777 nam
1694 723 1956 797 torquet
1983 714 2048 777 in
2079 712 2355 779 hostem.

465 810 773 894 Lucagus
804 823 879 877 ut
905 835 1151 897 pronus
1178 813 1475 897 pendens
1508 815 1573 877 in
1605 815 1879 881 verbera
1907 815 2038 879 telo

460 908 823 976 Admonuit
850 914 1140 997 bijugos3
1187 914 1481 997 projecto
1512 914 1668 979 dum
1699 916 1868 999 pede
1900 916 2062 979 laevo

461 1008 674 1096 Aptat
700 1036 771 1079 se
802 1036 1071 1097 pugnae3
1118 1015 1293 1079 subit
1324 1036 1471 1077 oras
1500 1014 1692 1082 hasta
1721 1039 1841 1099 per
1869 1018 2027 1080 imas

461 1111 797 1198 Fulgentis
826 1114 1039 1199 clipei,
1072 1124 1209 1179 tum
1236 1114 1465 1179 laevum
1492 1116 1787 1199 perforat
1813 1118 2084 1201 inguen;

288 1214 419 1277 590
463 1213 806 1281 Excussus
836 1238 1033 1281 curru
1062 1216 1485 1281 moribundus
1518 1216 1792 1281 volvitur
1821 1220 2012 1297 arvis.
2051 1288 2113 1297 „-
2160 1282 2186 1289 ,

460 1316 681 1389 Quem
708 1318 855 1401 pius
886 1318 1133 1383 AEneas
1166 1317 1355 1383 dictis
1386 1317 1626 1382 affatur
1655 1320 1922 1385 amaris:

464 1414 757 1501 Lucage,
787 1417 962 1481 nulla
992 1428 1139 1481 tuos
1170 1439 1399 1482 currus
1430 1416 1586 1501 fuga
1617 1420 1834 1502 segnis
1863 1442 2178 1504 equorum

464 1516 789 1595 Prodidit,
820 1529 935 1582 aut
962 1540 1143 1583 vanoe
1174 1529 1425 1583 vertere
1454 1540 1540 1583 ex
1568 1517 1868 1584 hostibus
1901 1521 2180 1597 umbrae;

461 1616 615 1701 Ipse
646 1619 805 1683 rotis
838 1618 1073 1683 saliens
1094 1620 1259 1703 juga
1286 1619 1558 1683 deseris.
1637 1619 1804 1685 Haec
1834 1622 1925 1685 ita
1954 1620 2128 1685 fatus

289 1718 418 1782 595
460 1716 761 1803 Arripuit
789 1721 1070 1803 bijugos.
1148 1718 1377 1785 Frater
1408 1720 1720 1785 tendebat
1749 1722 2026 1785 inermes

460 1818 697 1883 Infelix
724 1818 995 1903 palmae,
1026 1842 1223 1885 curru
1253 1819 1560 1905 delapsus
1591 1822 1850 1885 eodem:

400 1926 403 1931 ’
463 1920 595 1985 Per
624 1931 713 1997 te,
745 1943 864 2005 per
893 1922 1005 2006 qui
1034 1932 1099 1986 te
1130 1920 1323 1985 talem
1350 1942 1637 2004 genuere
1669 1934 1995 2005 parentes,

461 2020 585 2087 Vir
614 2020 930 2107 Trojane,
958 2023 1095 2087 sine
1124 2021 1293 2086 hanc
1324 2022 1621 2098 animam,
1650 2032 1719 2086 et
1746 2024 2050 2087 miserere
2083 2026 2428 2109 precantis·

462 2120 773 2189 Pluribus
804 2125 1014 2187 oranti
1044 2122 1325 2187 AEneas:
1374 2122 1581 2186 Haud
1613 2121 1763 2187 talia
1794 2124 2040 2189 dudum

288 2226 419 2289 600
462 2223 663 2289 Dicta
692 2224 918 2289 dabas.
998 2222 1291 2299 Morere,
1322 2234 1389 2287 et
1418 2222 1684 2289 fratrem
1712 2247 1793 2289 ne
1824 2226 2054 2291 desere
2087 2226 2307 2293 frater.

461 2324 639 2389 Tum
666 2322 951 2389 latebras
978 2325 1229 2400 animae,
1258 2334 1513 2407 peetus,
1544 2347 1850 2391 mucrone
1879 2326 2177 2393 recludit.

460 2424 653 2493 Talia
680 2446 801 2509 per
826 2446 1091 2509 campos
1120 2424 1363 2489 edebat
1392 2423 1624 2489 funera
1653 2427 1887 2491 ductor

462 2525 866 2602 Dardaniae,
900 2526 1207 2591 torrentis
1238 2546 1427 2608 aquae
1458 2523 1561 2589 vel
1589 2528 1866 2590 turbinis
1899 2529 2023 2592 atri

466 2626 657 2691 More
688 2626 933 2691 furens.
1011 2624 1313 2690 Tandem
1341 2638 1714 2709 erumpunt,
1745 2638 1813 2690 et
1842 2638 2057 2691 castra
2085 2628 2455 2712 relinquunt

290 2730 419 2795 605
464 2726 788 2795 Ascanius
819 2750 984 2814 puer
1013 2737 1082 2791 et
1110 2726 1550 2811 nequidquam
1581 2729 1852 2793 obsessa
1873 2729 2204 2813 juventus·

548 2830 876 2894 «Iunonem
906 2831 1155 2893 interea
1184 2827 1527 2914 compellat
1555 2828 1602 2891 J
1605 2830 1820 2919 uniter
1851 2828 2057 2893 ultro:

462 2932 529 2996 Ο
559 2952 869 3015 germana
898 2928 1053 2993 mihi
1081 2940 1279 3013 atque
1305 2930 1536 2995 eadem
1565 2932 1932 3014 gratissima
1959 2930 2222 3016 conjux,

290 3151 403 3185 eum
434 3134 643 3192 Achille,
680 3134 819 3183 Iliad.
846 3155 887 3193 υ,
911 3135 974 3186 79
994 3150 1097 3197 sqq.
1155 3134 1255 3183 Sed
1284 3150 1405 3183 neu-

290 3200 415 3249 trius
448 3194 624 3263 pug'noe
644 3198 807 3247 exitus
838 3198 883 3247 is
912 3199 1021 3256 fuit,
1044 3208 1101 3246 ut
1131 3207 1277 3262 poeta
1296 3214 1409 3247 eum

290 3264 371 3313 hic
388 3278 663 3376 “lxm
680 3262 835 3313 videri
856 3262 1022 3327 possit.
1061 3263 1233 3325 Itaque
1251 3261 1411 3311 Corda

290 3337 367 3377 est
398 3344 427 3376 a
497 3326 684 3385 ‘endns‚
718 3327 799 3390 qui
831 3326 1125 3376 sententiam
1148 3342 1206 3374 eo
1226 3325 1409 3383 retulit,

292 3402 349 3441 ut
378 3391 579 3440 omnino
604 3392 808 3441 Latino·
839 3390 1067 3457 praeferat
1098 3388 1301 3439 Achivis
1324 3389 1410 3437 Li-

290 3472 395 3519 ger,
418 3456 615 3504 Latium
639 3456 845 3511 Troadiz
882 3470 989 3505 esse
1020 3454 1117 3519 ipsi
1148 3470 1253 3503 rem
1282 3468 1413 3503 nunc

292 3536 405 3568 cum
427 3518 705 3569 fortioribm
726 3520 859 3577 viris,
884 3535 1003 3582 quos
1024 3534 1123 3567 non
1148 3526 1245 3567 tam
1272 3517 1413 3567 facile

294 3582 581 3647 effugituru-
608 3584 701 3639 sit:
736 3593 793 3633 ut
822 3600 972 3648 supra
992 3584 1203 3640 Turnus,
1236 3582 1317 3631 lib.
1344 3582 1411 3641 ix,

358 3682 471 3761 aba.
507 3716 717 3761 Ponam
738 3716 787 3763 sn
806 3716 1008 3761 verbera.
1067 3710 1167 3760 Hic
1190 3712 1417 3773 Lucagm

292 3776 458 3839 gladio
494 3792 586 3840 pro
624 3777 775 3839 flagro
810 3792 929 3826 mm
967 3786 1054 3833 est,
1094 3776 1227 3833 dum,
1268 3790 1417 3825 more

293 3840 569 3903 impatiens,
598 3856 749 3902 equo·
782 3842 891 3905 ipse
924 3840 1109 3898 incitat,
1147 3840 1295 3891 fratre
1330 3838 1413 3889 Li-

292 3904 399 3967 geri
434 3920 519 3953 eos
556 3914 773 3967 regente.
840 3904 1067 3953 Notabile
1106 3914 1271 3953 autem
1309 3905 1415 3963 hoc,

294 3968 423 4029 quod
448 3968 673 4031 Lucagus
706 3968 755 4017 in
790 3984 939 4018 curru
969 3978 1118 4025 stans,
1142 3984 1241 4017 non
1262 3969 1416 4027 hasta,

294 4048 359 4080 ex
382 4042 619 4097 perpetuo
636 4032 853 4082 -beroum
878 4048 1027 4091 more,
1050 4032 1137 4081 sed
1168 4048 1284 4081 ense
1318 4032 1413 4081 uti-

360 4160 470 4209 691.
506 4162 623 4209 1²5·oe

359 4224 631 4273 692-694.

708 4159 897 4209 itheton
917 4160 1101 4209 nullam
1124 4160 1221 4209 vim
1242 4160 1402 4209 habet.

728 4240 793 4273 on
830 4223 1052 4299 proditus
1084 4238 1137 4273 en
1172 4224 1301 4272 hosti
1335 4232 1420 4273 aut

294 4289 409 4351 fuga
440 4296 527 4337 aut
557 4297 949 4339 consternatione
983 4302 1243 4350 equorum:
1290 4290 1420 4335 nulla

282 4351 410 4415 saga
441 4357 593 4415 segnis
624 4369 851 4416 equorum,
876 4369 941 4401 ω.
966 4351 1193 4415 quoniam
1218 4352 1307 4399 hon
1340 4350 1415 4400 in-

292 4416 541 4473 citaverat,
568 4433 611 4465 v.
636 4418 749 4473 586,
782 4426 865 4467 ane
898 4434 1025 4467 σακε
1048 4420 1217 4465 unbrae
1250 4430 1415 4465 exem-

1472 3136 1558 3199 plo
1581 3134 1794 3200 Niphaei,
1819 3154 1862 3186 v.
1887 3138 2158 3197 572—5⁷4‚
2191 3138 2278 3187 sed
2299 3148 2474 3203 sponte
2507 3139 2592 3187 de-

1474 3198 1652 3249 siluisti
1668 3201 1732 3249 de
1749 3218 1909 3251 curru.
1946 3203 2130 3253 Similis
2147 3218 2430 3261 amamus,
2455 3204 2594 3253 nimi.

1474 3280 1523 3320 τ,
1549 3264 1820 3315 746—750.

1541 3328 1652 3375 604.
1697 3328 1974 3377 Artificium
2007 3329 2298 3377 narrationis
2334 3330 2479 3383 velim
2507 3332 2591 3378 ob-

1478 3391 1662 3439 servari
1695 3390 1748 3439 in
1773 3391 1961 3454 judicio
1983 3402 2034 3439 et
2065 3391 2246 3440 dilectu
2277 3408 2441 3441 rerum
2476 3410 2596 3455 quas

1478 3463 1658 3530 narrat,
1693 3464 1766 3503 tot
1795 3455 1906 3530 aliis
1927 3455 2133 3529 omissis.
2193 3456 2406 3531 Pugnat-i
2428 3456 2598 3504 debuit

1477 3528 1666 3567 interea
1697 3534 1796 3567 non
1829 3535 1991 3569 minua
2025 3528 2201 3567 acriter
2237 3534 2366 3569 circa
2405 3534 2594 3575 muro-3

1476 3582 1566 3631 sed
1597 3582 1674 3630 his
1695 3598 1825 3631 nunc
1857 3594 1991 3631 recte
2012 3598 2258 3637 caremusz
2293 3583 2360 3631 ita
2395 3598 2456 3631 ue
2479 3583 2597 3631 satis

1480 3656 1586 3697 erat
1619 3645 1746 3720 bini!
1779 3646 1998 3697 versibus
2021 3646 2208 3695 moneri
2242 3662 2331 3695 nos
2397 3662 2424 3695 e
2461 3647 2596 3695 exitu

1480 3710 1873 3775 oppugnnnonis.

1548 3776 1644 3823 606
1665 3790 1768 3837 sqq.
1805 3774 1880 3825 Eo
1908 3776 2012 3837 jam
2046 3790 2126 3823 res
2159 3784 2264 3823 erat
2295 3774 2516 3831 adducta,
2541 3784 2598 3823 ut

1481 3839 1704 3915 Turnum
1749 3840 1934 3889 AEneas
1988 3848 2326 3902 assequeretur
2379 3838 2594 3901 adeoque

1480 3904 2598 4017 ?;¹³AE„2?32‘0233„2032⁶„2¹232325„202222

1478 4032 1760 4081 differenda.
1827 4034 2044 4081 Deorum
2085 4032 2363 4081 interventu
2403 4030 2464 4079 ad
2503 4030 2595 4079 hoc

1482 4112 1600 4147 usus
1621 4106 1712 4154 est,
1735 4106 1792 4147 ut
1827 4097 1996 4171 epicus
2027 4106 2173 4161 poeta
2197 4094 2402 4145 Homeri
2425 4110 2592 4143 exem-

1514 4160 1564 4209 lo
1585 4160 1738 4211 semel
1757 4162 2034 4211 instituerat
2055 4160 2228 4209 facere.
2275 4162 2304 4209 J
2309 4174 2421 4217 uno,
2437 4160 2596 4209 salute

1482 4224 1710 4336 ‘rffii-f‘
1725 4234 1918 4337 ‘3323
1931 4224 2595 4353 ᾝῬωέἷὲἓῒὲἷῧῒ

1482 4368 1549 4400 na
1569 4351 1744 4401 educit.

1549 4416 1820 4467 607—610.
1859 4418 2040 4467 Amare
2083 4418 2186 4467 haec
2228 4416 2288 4463 ad
2331 4416 2594 4467 Junonem.
