3050 4934
499 257 540 318 8
1329 249 1977 315 BUCOLICON

565 405 716 454 furias
736 403 930 461 amoris,
955 417 1052 466 quo
1073 409 1252 466 pastor,
1277 417 1430 452 verna
1451 401 1586 461 Iole,
1610 401 1808 452 nomine
1842 401 2085 466 Corydon,
2108 401 2162 450 in
2196 401 2377 452 Alexin
2408 399 2586 452 misere
2618 415 2813 449 exarse-

569 495 657 544 rat,
683 485 766 548 qui
789 483 976 532 domini
999 482 1212 532 amasius
1235 492 1353 531 erat.

501 567 661 615 Locus
683 575 862 622 autem,
887 565 939 613 in
963 580 1059 627 quo
1081 563 1163 612 ille
1195 563 1346 612 animi
1369 561 1613 612 cruciatus
1634 563 1849 612 carmine
1872 563 2076 627 mitigat,
2097 562 2558 612 convenientissime
2581 559 2816 610 describi-

566 657 646 696 tur
668 663 712 696 v.
740 647 881 696 3—5.
939 647 1126 693 Amant
1147 653 1367 693 amantes
1397 643 1688 693 solitudines
1715 644 1975 700 silvarum3
2012 643 2063 694 in
2092 661 2212 708 quas
2245 654 2369 693 aestu
2398 643 2497 691 diei
2530 642 2681 692 medii
2716 641 2815 690 fer-

565 727 850 777 ventissimo
884 727 968 775 ille
1007 741 1060 774 se
1098 725 1299 774 confert.
1357 725 1549 774 Siculos
1578 725 1631 774 in
1652 726 1744 773 hac
1768 725 1934 789 eclog-a
1956 735 2176 790 pastores
2196 725 2431 774 inducere
2446 725 2641 773 videtur
2656 733 2817 788 poeta,

565 827 610 858 v.
637 811 716 857 21.
782 808 895 864 Quo
923 807 1032 871 ipso
1057 805 1262 869 arg-utine
1290 805 1563 870 allegorice
1597 805 1890 864 concidunt3
1926 823 2034 868 quae
2062 806 2209 870 plane
2234 815 2483 864 corruunt,
2506 805 2550 854 si
2585 819 2821 869 expressa

563 890 796 956 pleraque
819 905 846 936 e
869 886 1132 936 Theocrito
1152 886 1351 949 cogites,
1375 886 1601 951 inprimis
1622 903 1685 935 ex
1710 887 1851 952 Idyll.
1874 887 1940 946 xi,
1962 886 2099 946 xxiii,
2122 897 2171 935 et
2194 886 2275 944 iii3
2310 903 2417 950 quae
2440 896 2617 944 tamen,
2638 885 2681 934 si
2704 901 2819 933 cum

565 972 644 1020 his
671 985 938 1035 compares,
971 968 1126 1016 multo
1147 967 1365 1015 dulciora
1393 983 1501 1016 esse
1532 967 1617 1017 vix
1647 967 1857 1016 inficiari
1885 967 2058 1032 possis.
2124 967 2399 1016 Transtulit
2420 977 2565 1032 poeta
2588 967 2641 1016 in
2663 967 2816 1030 Cory-

565 1053 742 1100 donem
765 1049 1000 1100 nonnulla
1023 1063 1131 1112 quae
1153 1048 1327 1097 melius
1348 1047 1410 1097 de
1433 1049 1736 1113 Polyphemo
1757 1048 1888 1098 dicta
1910 1059 2063 1108 erant,
2088 1058 2144 1097 ut
2163 1048 2285 1098 illud
2308 1065 2351 1097 v.
2374 1049 2435 1096 25
2460 1065 2529 1112 sq.

675 1397 1075 1478 Fonuosum
1105 1423 1333 1498 pastor
1359 1411 1671 1496 Corydon
1697 1413 1974 1477 ardebat
2001 1409 2265 1488 Alexin,

678 1514 966 1580 Delicias
998 1515 1274 1591 domini3
1321 1535 1465 1591 nec,
1498 1514 1658 1598 quid
1690 1525 2009 1598 speraret,
2041 1513 2349 1576 habebat.

673 1617 962 1682 Tantum
991 1617 1161 1680 inter
1189 1616 1452 1693 densae,
1485 1617 1791 1680 umbrosa
1818 1615 2173 1692 cacumina,
2202 1613 2389 1698 fagos

677 1719 968 1783 Assidue
997 1719 1334 1795 veniebat3
1375 1718 1466 1782 ibi
1494 1717 1639 1782 haec
1668 1717 1998 1782 incondita
2028 1715 2203 1782 solus

593 1823 634 1885 5
677 1819 1022 1885 Montibus
1052 1829 1120 1884 et
1149 1819 1322 1883 silvis
1357 1819 1578 1883 studio
1593 1819 1890 1903 jactabat
1919 1819 2131 1882 inani:

764 1923 830 1986 Ο
863 1921 1145 1988 crudelis
1177 1918 1395 1998 Alexi,
1427 1919 1586 1983 nihil
1616 1942 1761 1984 mea
1788 1920 2073 1984 carmina
2102 1941 2292 1984 curas
2315 1922 2344 1982 ’ἐ

678 2023 796 2088 Nil
825 2024 1034 2088 nostri
1061 2023 1412 2086 miserere?
1457 2022 1621 2086 mori
1650 2044 1753 2086 me
1782 2023 2065 2106 denique
2094 2042 2315 2104 coges.

677 2125 878 2189 Nunc
909 2125 1102 2189 etiam
1130 2123 1420 2208 pecudes
1449 2123 1714 2186 umbras
1744 2133 1813 2186 et
1842 2122 2087 2208 frigora
2115 2132 2416 2206 captaut3

678 2228 878 2292 Nunc
907 2226 1146 2290 virides
1176 2226 1370 2290 etiam
1397 2224 1727 2290 occultant
1756 2226 2012 2310 spineta
2038 2224 2355 2302 lacertos3

555 2329 636 2392 10
677 2325 1017 2412 Thestylis
1050 2337 1117 2390 et
1144 2326 1376 2410 rapido
1407 2325 1599 2390 fessis
1630 2328 2027 2392 messoribus
2059 2337 2227 2391 aestu

678 2428 854 2494 Allia
884 2425 1364 2513 serpyllumque
1393 2427 1635 2492 herbas
1666 2429 2010 2493 contundit
2038 2428 2322 2493 olentes:

678 2531 775 2596 At
803 2553 1052 2595 mecum
1081 2530 1318 2607 raucis,
1347 2540 1462 2595 tua
1491 2531 1647 2594 dum
1678 2533 1953 2615 vestigia
1978 2530 2210 2607 lustru,

677 2633 829 2698 Sole
863 2632 986 2696 sub
1015 2631 1272 2695 ardenti
1300 2642 1611 2696 resonant
1641 2633 1911 2697 arbusta
1937 2633 2201 2698 cicadis,

677 2736 919 2800 Nonne
950 2733 1072 2798 fuit
1103 2735 1330 2811 satiuS,
1362 2734 1583 2798 tristes
1615 2732 2035 2819 Amaryllidis
2064 2737 2195 2798 iras

552 2840 633 2902 15
676 2835 902 2920 Atque
934 2835 1220 2919 superba
1247 2836 1386 2919 pati
1415 2835 1721 2900 fastidia?
1756 2859 1969 2900 nonne
2002 2835 2397 2901 Menalcan?

677 2939 989 3012 Quamvis
1019 2935 1125 3001 ille
1154 2937 1363 3022 niger,
1395 2937 1687 3021 quamvis
1718 2948 1792 3002 tu
1823 2938 2139 3002 candidus
2167 2961 2371 3003 esses.

678 3041 743 3106 Ο
774 3039 1059 3104 formose
1088 3060 1277 3124 puer,
1309 3039 1572 3103 nimium
1602 3061 1684 3104 ne
1716 3041 1913 3105 crede
1944 3039 2165 3106 colori.

574 3240 615 3286 1.
651 3239 862 3285 Ardebat
882 3238 1085 3284 Alexin:
1119 3243 1176 3283 ut
1209 3235 1334 3283 Hor.
1369 3234 1427 3282 iii
1457 3234 1552 3284 Od.
1582 3237 1627 3293 9,

503 3306 644 3351 aliam
674 3305 847 3350 arsisti.
911 3298 1080 3348 Simile
1113 3299 1368 3348 exordium
1399 3299 1631 3348 carminis

504 3365 782 3415 Theocritei
805 3364 942 3414 xxiii.

570 3433 615 3479 2.
649 3433 860 3480 Delicias
873 3449 890 3484 ,-
927 3429 1010 3492 qui
1037 3444 1126 3477 suo
1147 3427 1344 3477 domino
1367 3428 1420 3476 in
1441 3428 1631 3478 deliciis

503 3505 622 3545 erat.
675 3497 778 3544 Nee
794 3497 1018 3542 habebat.-
1051 3492 1184 3541 omni
1201 3509 1290 3558 spe
1313 3493 1444 3542 illius
1465 3509 1631 3542 amore

503 3559 727 3626 potiundi
750 3559 1013 3608 destitutus
1035 3567 1153 3606 erat.

567 3628 616 3684 4,
641 3627 685 3673 5.
723 3625 834 3673 vid.
860 3625 1065 3672 Theocr.
1088 3622 1154 3682 xi,
1181 3621 1254 3682 17,
1284 3624 1357 3672 18.
1392 3625 1629 3682 lactabat,

504 3699 560 3738 ut
601 3693 753 3747 verba,
793 3707 931 3747 voces,
959 3690 1153 3751 jacere.-
1199 3688 1259 3735 cf.
1307 3688 1413 3736 Ecl.
1459 3706 1504 3747 v,
1548 3690 1625 3737 62.

506 3757 653 3804 Nunc
671 3753 809 3803 silvis
827 3763 878 3802 et
897 3753 1144 3801 montibus
1155 3753 1470 3815 conqueritur
1485 3769 1624 3818 spre-

505 3829 609 3868 tum
630 3833 847 3869 amorem
869 3833 1026 3866 suum.

571 3885 616 3934 7.
653 3885 697 3932 Ε
723 3883 928 3932 Theocr.
953 3879 1022 3940 iii,
1045 3881 1090 3929 9.

571 3951 615 3995 8.
651 3951 790 3997 Nunc
811 3951 962 3996 etiam.
1019 3946 1120 3994 Sub
1141 3943 1371 3994 calidiore
1393 3946 1495 3994 sole
1512 3961 1623 4010 gre-

503 4025 592 4076 ges
613 4013 704 4060 hoc
730 4029 791 4060 ex
811 4028 945 4060 more
965 4011 1124 4059 facere
1147 4021 1279 4075 puta.
1351 4010 1578 4059 Suaviter
1600 4027 1628 4059 e

505 4077 607 4124 vita
643 4077 827 4124 rustica
865 4076 1151 4126 adumbrata
1189 4083 1304 4124 sunt
1340 4075 1623 4138 sequentia:

505 4141 566 4190 cf.
591 4143 710 4190 Geo.
736 4141 806 4198 iii,
831 4140 1000 4204 327sq

572 4209 616 4255 9.
654 4205 697 4254 E
722 4175 924 4254 Th’eocr.
949 4205 1032 4266 vii,
1059 4207 1135 4253 22.

575 4272 648 4318 10.
684 4273 866 4331 Rapido
887 4279 1016 4327 cestu,
1034 4271 1082 4317 h.
1103 4271 1406 4328 vehemente,
1428 4285 1631 4335 magno3

504 4334 619 4398 quia
641 4334 710 4382 sol
731 4337 924 4396 rapidus
941 4333 1132 4392 dicitur,
1153 4335 1299 4383 ducto
1319 4337 1553 4385 vocabulo
1570 4338 1631 4385 ab

505 4399 1324 4526 ῗλέἶηῗρέἓὲοζᾝὲέξιῗωᾚὲ
1341 4401 1629 4516 ἳὲἒὲἒὲῗω’

1764 3237 1838 3284 11.
1872 3239 2060 3286 Ηενὺω
2088 3239 2269 3286 olentes.
2326 3240 2486 3288 Ornat
2506 3239 2759 3315 epitheton
2792 3256 2823 3289 a

1695 3311 1871 3350 natura
1902 3301 1973 3349 rei
2008 3301 2235 3358 ductnm3
2272 3318 2361 3351 nec
2394 3304 2582 3364 definit,
2607 3306 2732 3354 bene
2754 3321 2819 3354 an

1696 3365 1836 3423 male,
1863 3366 2006 3414 modo
2027 3366 2242 3430 graviter
2264 3383 2320 3415 ac
2343 3369 2499 3417 valde.
2555 3373 2684 3422 Attia
2704 3385 2821 3418 vero

1695 3434 2030 3494 serpyllumque
2044 3441 2377 3496 memorantur
2390 3433 2692 3511 simpliciter,
2704 3434 2821 3497 quia

1696 3495 1868 3542 talium
1884 3495 2171 3544 hominum
2156 3511 2209 3543 in
2228 3495 2325 3545 ilhs
2348 3498 2493 3547 terris
2509 3498 2822 3560 quotidianus

1696 3557 1833 3608 cibus
1877 3569 2047 3616 erant3
2104 3575 2233 3619 nam,
2280 3563 2409 3624 quod
2456 3563 2569 3612 ideo
2612 3563 2819 3612 mandu-

1696 3640 1832 3674 casse
1864 3624 2016 3684 aiunt,
2045 3635 2099 3673 ut
2139 3625 2302 3674 odoris
2334 3628 2575 3689 gravitate
2615 3643 2820 3692 serpen-

1694 3697 1768 3738 tes
1819 3699 1870 3737 et
1922 3687 2141 3764 scorpios
2194 3689 2434 3754 fugarent,
2488 3693 2539 3740 id
2576 3709 2708 3751 vero,
2758 3709 2823 3742 ne

1692 3753 1937 3802 subtiliter
1972 3755 2130 3818 magis
2168 3771 2315 3817 quam
2352 3771 2467 3805 vere
2512 3757 2697 3806 dictum
2740 3757 2822 3817 sit,

1694 3834 1876 3867 vereor.

1762 3885 1833 3930 13.
1864 3887 2073 3932 Arbacen
2099 3893 2313 3933 resonant
2335 3889 2509 3935 cicadis
2534 3905 2731 3936 meeum.-
2768 3888 2817 3936 h.

1695 3962 1773 3994 me
1795 3957 2039 4007 cantante,
2060 3947 2159 3997 illis
2179 3964 2279 3998 una
2299 3950 2631 4001 stridentibus.
2686 3953 2821 4002 Nam

1692 4011 1805 4129 ἰδυῚι
1806 4030 1975 4061 mecum
2020 4013 2216 4072 Gemi,
2260 4016 2353 4072 413
2410 4015 2461 4075 ii,
2510 4019 2568 4073 83
2624 4017 2740 4066 AEn.
2786 4019 2821 4077 i,

1765 4144 1837 4190 15.
1874 4145 2037 4191 Nonne
2072 4145 2317 4192 Menalcan
2333 4149 2357 4192 Ρ
2399 4159 2563 4194 nonne
2601 4145 2705 4210 pati
2738 4161 2818 4195 sa·

1698 4206 1795 4256 tius
1828 4216 1935 4256 erat
1967 4208 2211 4257 Menalcae
2240 4209 2467 4258 fastidia?
2504 4209 2635 4272 quod
2668 4227 2715 4260 v.
2748 4227 2820 4274 sq.

1696 4273 2027 4321 confirmatur.

1768 4337 1839 4388 17.
1876 4339 1951 4386 Nc
1982 4341 2113 4386 erede
2141 4341 2293 4398 colori,
2326 4355 2391 4388 ne
2417 4340 2608 4388 confide
2639 4339 2823 4390 formae.

1698 4402 1898 4450 Servius
1940 4418 1966 4450 e
2012 4403 2241 4453 Sallustio
2280 4375 2459 4464 laudat,
2500 4409 2665 4454 virtuti
2708 4409 2826 4454 satis

1696 4471 1954 4516 eredebant.
