3050 4934
489 232 619 296 496

1378 224 1905 294 AENEIDOS

669 378 929 446 Extulit
957 401 1030 444 os
1063 400 1318 444 sacrum
1346 377 1538 455 coelo,
1570 377 2007 460 tenebrasque
2034 374 2322 442 resolvit.

664 482 856 546 Stant
885 481 1140 566 pavidae
1169 481 1236 543 in
1262 481 1462 544 muris
1491 489 1756 555 mattea,
1790 475 2123 560 oculisque
2152 487 2516 560 sequuntur

665 581 1050 647 Pulveream
1079 583 1338 657 nubem,
1369 591 1439 644 et
1467 579 1793 666 fulgentes
1824 600 1955 642 aere
1986 587 2301 664 catervas.

570 676 576 688 ’
666 683 801 747 Olli
828 705 948 768 per
977 684 1233 759 dumos,
1266 705 1397 766 qua
1424 682 1721 766 proxima
1746 691 1921 744 meta
1948 680 2216 755 viarum,

490 785 620 850 595
663 783 920 848 Armati
949 785 1248 848 tendunt.
1325 781 1390 845 It
1419 781 1681 858 clamor,
1712 790 1780 844 et
1808 781 2061 863 agmine
2092 777 2267 844 facto

666 885 1232 969 Quadrupedante
1259 893 1518 968 putrem
1548 883 1762 947 sonitu
1793 882 2003 965 quatit
2034 880 2279 964 ungula
2306 905 2623 967 campum.

663 986 794 1050 Est
821 988 1050 1070 ingens
1079 984 1368 1069 gelidum
1395 984 1581 1049 lucus
1610 1005 1817 1068 prope
1852 983 2109 1046 Caeritis
2140 1005 2414 1048 amnem.

578 1114 584 1122 ¹
666 1085 1014 1170 Religione
1043 1097 1301 1171 patrum
1332 1085 1462 1149 late
1493 1105 1715 1162 sacer3
1762 1085 2052 1167 undique
2078 1081 2278 1147 colles

668 1186 1001 1252 Inclusere
1029 1187 1170 1250 cavi
1199 1196 1268 1250 et
1293 1186 1480 1269 nigra
1506 1206 1735 1250 nemus
1765 1185 1979 1248 abiete
2006 1185 2293 1268 cingunt.

489 1289 623 1352 600
667 1288 929 1352 Silvano
957 1288 1130 1352 fama
1156 1298 1260 1350 est
1289 1297 1543 1350 veteres
1576 1284 1869 1350 sacrasse
1902 1283 2241 1370 Pelasgos,

667 1387 996 1453 Arvorum
1025 1388 1409 1472 pecorisque
1441 1387 1593 1464 deo,
1623 1385 1969 1470 lucumque
1999 1387 2323 1471 diemque,

663 1491 800 1563 Qui
827 1490 1017 1574 primi
1043 1489 1210 1552 fines
1240 1486 1589 1572 aliquando
1618 1487 1910 1552 habuere
1944 1487 2236 1552 Latinos.

669 1591 873 1655 Haud
903 1589 1131 1674 procul
1159 1589 1310 1654 hinc
1339 1588 1607 1654 Tarcho
1632 1601 1700 1653 et
1728 1587 2061 1674 Tyrrheni
2090 1600 2231 1654 tuta
2258 1590 2568 1654 tenebant

663 1693 900 1757 Castra
925 1691 1107 1768 lociS,
1139 1689 1442 1775 celsoque
1475 1691 1680 1755 omnis
1712 1691 1797 1755 de
1828 1689 1991 1756 colle
2022 1691 2231 1754 videri

485 1795 619 1860 605
662 1794 812 1858 Jam
838 1801 1098 1878 poterat
1125 1791 1317 1877 legiO,
1348 1803 1416 1857 et
1445 1791 1591 1856 latis
1625 1793 1937 1857 tendebat
1966 1793 2033 1855 in
2062 1793 2254 1856 arvis·

663 1895 818 1960 Huc
849 1905 1037 1978 pater
1068 1891 1321 1958 AEneas
1350 1904 1420 1957 et
1446 1893 1619 1958 bello
1647 1893 1817 1958 lecta
1834 1894 2145 1978 juventus

661 1997 1064 2072 Succedunt,
1097 1994 1381 2078 fessique
1408 2005 1476 2058 et
1503 2017 1711 2079 equos
1739 2005 1807 2059 et
1836 2016 2115 2079 corpora
2142 2005 2395 2060 curant.

749 2096 845 2161 At
873 2095 1102 2162 Venus
1133 2097 1436 2160 aetherios
1467 2098 1638 2161 inter
1668 2097 1795 2161 dea
1820 2097 2101 2162 candida
2129 2097 2381 2161 nimbos

663 2198 861 2263 Dona
889 2197 1107 2262 ferens
1137 2198 1398 2274 aderat3
1445 2209 1797 2282 natumque
1826 2200 1893 2262 in
1924 2197 2086 2263 valle
2117 2199 2399 2288 reducta

485 2302 618 2366 610
662 2299 757 2364 Ut
788 2298 1016 2383 procul
1045 2298 1300 2382 egelido
1331 2309 1655 2364 secretum
1679 2299 1941 2364 flumine
1972 2301 2156 2377 vidit,

662 2400 938 2466 Talibus
967 2398 1168 2464 affata
1197 2409 1298 2464 est
1325 2399 1541 2478 dictis,
1575 2422 1775 2484 seque
1806 2399 2039 2466 obtulit
2066 2399 2271 2465 ultro:

665 2505 797 2583 En,
828 2503 1121 2590 perfecta
1147 2505 1274 2569 mei
1301 2506 1621 2589 promissa
1650 2507 1945 2591 conjugis
1978 2516 2117 2570 arte

489 2737 604 2783 eum
619 2753 634 2782 .·
668 2731 954 2798 splendidus
991 2745 1160 2780 versus
1197 2730 1259 2779 de
1294 2739 1404 2779 ortu
1434 2729 1486 2778 in
1527 2746 1616 2778 ex-

491 2807 650 2848 trema
671 2797 780 2846 coeli
805 2813 902 2856 ora,
921 2812 1020 2860 qua
1035 2811 1170 2844 mare
1191 2795 1356 2844 ambit.

559 2863 668 2911 594.
725 2865 820 2910 Per
847 2865 1035 2915 dmm,-
1069 2875 1158 2925 per
1191 2859 1413 2922 virg-ulta,
1452 2858 1615 2908 silvas.

491 2929 626 2976 Meta
648 2929 825 2975 viarum
847 2934 1016 2974 ornate
1043 2939 1136 2988 pro
1156 2923 1262 2979 via;
1297 2922 1494 2987 proprie
1519 2933 1615 2972 ter-

491 2991 657 3039 minus
679 3000 732 3038 et
752 2989 864 3038 finis
885 2989 991 3037 viae.

559 3055 670 3102 596.
721 3054 933 3102 Versum
969 3052 1176 3108 felicem,
1213 3050 1321 3115 ipso
1361 3053 1618 3100 verborum

491 3133 616 3166 sono
649 3133 754 3165 rem
789 3116 1094 3172 referentem,
1119 3114 1280 3162 mirati
1318 3123 1435 3163 sunt
1459 3115 1615 3164 multi.

493 3181 704 3230 Odimus
723 3179 1042 3230 subtilitatem
1073 3178 1324 3228 molestam
1347 3179 1399 3227 in
1422 3179 1615 3228 talibus.

501 3245 673 3310 Ipsum
686 3242 968 3292 inflammati
987 3243 1226 3306 impetum
1240 3242 1422 3306 ingenii
1443 3243 1494 3290 in
1515 3245 1621 3292 haec

495 3320 670 3360 namra
691 3309 900 3357 ducente
913 3307 1129 3356 incidere
1151 3322 1352 3356 necesse
1374 3316 1474 3364 θεῖς
1499 3324 1619 3371 quo-

494 3374 641 3423 modo
662 3374 794 3422 enim
817 3371 991 3435 aliquis
1007 3371 1231 3421 celeriter
1251 3373 1376 3420 facta
1394 3372 1623 3436 languida

495 3440 716 3488 oratione
737 3437 944 3487 reddere
965 3433 1134 3484 malit?
1160 3439 1364 3493 Putrem,
1382 3437 1436 3485 in
1449 3437 1619 3500 pulve-

495 3519 600 3552 rem
623 3503 904 3560 resolutum,
938 3500 1346 3566 pulverulentum,
1374 3501 1504 3564 quod
1518 3504 1623 3564 jam

497 3568 709 3617 vidimus
729 3569 850 3615 Geo.
875 3566 908 3624 i,
931 3569 1010 3624 44,
1035 3567 1146 3613 215.

562 3632 834 3683 597—599.
873 3634 1060 3679 σεεν-ἰτὼ
1074 3649 1090 3677 .·
1113 3631 1266 3688 Cere,
1291 3631 1406 3679 urbs
1429 3629 1620 3694 Agylla,

495 3705 550 3745 et
569 3696 654 3772 qui
671 3711 778 3744 eam
797 3695 980 3752 incolit,
1001 3696 1186 3744 Ceres:
1212 3695 1342 3744 unde
1366 3704 1527 3759 potest
1540 3709 1619 3743 ac-

491 3761 595 3824 cipi
613 3763 800 3810 Car-itis
815 3759 950 3808 urbis
969 3768 1021 3807 et
1039 3763 1224 3807 Car-itis
1237 3759 1466 3808 fluminis.
1503 3758 1620 3808 Flu-

495 3825 606 3874 vius
661 3833 737 3873 est
774 3825 1074 3882 Caeretanus,
1127 3824 1308 3888 oppido
1354 3823 1621 3888 proximus,

497 3905 629 3938 nunc
659 3891 834 3938 Vacu‘na
853 3888 1028 3936 dictus.
1087 3888 1246 3935 Situm
1281 3898 1444 3936 autem
1489 3889 1620 3936 loco-

496 3970 608 4003 rum
651 3953 948 4028 hujusmodi·
963 3967 1070 4000 esse
1103 3952 1408 4028 pataliimus:
1453 3952 1626 4001 defluit

496 4019 908 4145 fsffisszff
934 4017 1176 4146 ¹:31qu
1149 4025 1624 4145 praem

499 4163 642 4195 amne
662 4158 712 4196 et
732 4147 842 4196 luco
874 4147 1090 4209 undique
1122 4146 1328 4209 cing-unt
1358 4146 1506 4194 colles
1534 4161 1619 4195 ne-

498 4212 694 4270 morosi,
729 4211 970 4261 abietibus
1007 4209 1210 4260 consiti:
1253 4211 1346 4258 hoc
1381 4221 1456 4258 est
1488 4215 1624 4260 eolles

495 4279 598 4323 cavi
629 4279 850 4324 inclusere
884 4275 1188 4402 {includuno
1212 4285 1264 4324 et
1295 4291 1448 4324 nemus
1485 4280 1624 4340 nigra

499 4343 650 4387 abiete
671 4345 862 4402 cingunt

497 4419 652 4468 prope
689 4419 896 4452 amnem.
948 4404 1022 4452 At
1058 4407 1191 4452 eolles
1225 4409 1365 4452 cavi?
1411 4419 1526 4462 non,
1567 4413 1623 4454 ut

909 4355 1000 4404 pro
1023 4340 1202 4404 cingit)
1225 4343 1425 4402 und-’que
1455 4340 1621 4390 lucum
1672 4340 1831 4403 fecta:
1868 4342 1929 4390 cf.
1952 4341 2093 4389 Iliad.
2116 4359 2163 4400 τ,

1684 2730 1828 2794 vulgo
1851 2729 2093 2789 dicuntur,
2125 2747 2245 2780 saxa
2280 2745 2412 2789 cava,
2444 2746 2605 2790 exesa,
2638 2746 2799 2780 caver-

1682 2811 1815 2853 nosa.
1838 2811 1883 2846 v.
1902 2812 1944 2844 c.
1964 2811 2071 2859 sup.
2090 2798 2199 2853 248,
2216 2798 2530 2858 Inclusum-que
2544 2812 2653 2844 cavo
2666 2813 2801 2850 saxo,-

1682 2861 1769 2971 sfd
1792 2860 1872 2923 qui
1897 2876 2066 2909 cavam
2099 2861 2275 2908 vallem
2306 2859 2536 2919 efficiunt,
2559 2875 2704 2923 quam
2726 2860 2799 2908 in-

1682 2940 1708 2971 c
1730 2925 1898 2973 udunt.

1747 2989 1857 3036 601.
1894 2991 2154 3052 Lamumque
2172 2990 2377 3052 diemque
2390 3006 2406 3036 .-
2428 2988 2595 3036 lucum
2608 2988 2807 3036 Silvano

1682 3068 1992 3101 consecrasse
2035 3053 2315 3102 ferebantur
2358 3051 2558 3102 advenoe
2598 3051 2805 3116 Pelasgi,

1681 3125 1734 3165 et
1751 3117 1970 3165 sollenne
1993 3132 2210 3166 annuum
2232 3116 2433 3165 Silvano
2455 3115 2741 3165 instituisse.

1746 3183 1856 3230 608.
1897 3183 2019 3230 Tuta
2050 3190 2219 3230 caetra.
2276 3182 2449 3230 Castra
2479 3181 2699 3246 epitheto
2727 3195 2805 3228 or-

1686 3261 1804 3294 nare
1821 3245 2014 3294 volebat
2030 3255 2177 3310 poeta
2192 3261 2221 3293 a
2236 3255 2505 3294 castrorum
2528 3255 2703 3294 natura
2720 3259 2806 3309 pe-

1686 3309 1804 3358 tito:
1840 3319 2041 3358 tuentur
2076 3310 2209 3358 enim
2246 3319 2419 3367 casn-a,
2459 3309 2633 3372 quovis
2667 3309 2809 3357 modo

1686 3374 1825 3432 sacta,
1850 3391 1933 3423 eos
1956 3374 2039 3438 qui
2059 3374 2113 3422 in
2135 3374 2197 3423 iis
2220 3375 2475 3422 excubant.

1752 3439 1864 3496 606,
1896 3437 2007 3490 607.
2041 3441 2175 3487 Bello
2209 3441 2358 3486 lecta.-
2392 3437 2489 3487 vid.
2528 3453 2637 3501 sup.
2668 3437 2731 3486 ad
2762 3453 2805 3486 v.

1688 3503 1797 3552 547.
1850 3503 2035 3552 AEneas
2047 3519 2157 3552 cum
2181 3503 2284 3551 suis
2304 3501 2357 3550 in
2378 3502 2489 3550 luco
2508 3502 2805 3551 consederat.

1752 3568 1847 3615 608
1870 3583 1971 3631 sqq.
2010 3567 2161 3615 Haud
2178 3567 2325 3615 dubie
2350 3565 2508 3624 Maro,
2540 3565 2583 3614 si
2605 3565 2808 3615 carmini

1687 3631 1981 3680 absolvendo
2020 3632 2133 3680 vitae
2164 3647 2281 3680 usus
2313 3630 2612 3694 contigisset,
2635 3630 2809 3678 melius

1686 3696 1817 3744 hunc
1871 3695 2032 3744 locum
2082 3694 2428 3744 constituisset.
2486 3695 2599 3744 Jam
2645 3710 2807 3760 supra,

1688 3759 1805 3808 dum
1842 3759 2061 3812 Evandri
2098 3759 2311 3824 hospitio
2345 3760 2571 3808 utebatur
2606 3759 2804 3816 AEneas,

1688 3841 1822 3874 arma
1853 3824 1977 3873 coelo
2011 3825 2210 3889 delapsa
2248 3833 2613 3882 memoraverat,
2658 3839 2716 3872 re
2756 3823 2807 3874 in

1688 3889 1964 3953 prodigium
1986 3903 2127 3938 versa
2160 3891 2255 3936 524
2286 3903 2388 3951 sqq.
2448 3888 2595 3936 Nunc
2624 3887 2677 3936 in
2698 3888 2807 3936 luco

1687 3953 1750 4002 ad
1794 3955 1931 4002 Caere
1992 3967 2104 4002 cum
2147 3955 2237 4002 sub
2288 3955 2459 4001 arbore
2509 3951 2809 4000 consedisset

1689 4019 1887 4074 AEneas,
1904 4033 2018 4066 ecce
2039 4019 2209 4066 Venus
2240 4015 2378 4065 adest
2403 4027 2454 4065 et
2472 4031 2609 4064 arma
2630 4030 2802 4081 appor-

1689 4092 1771 4131 tat.
1828 4084 2071 4148 Compara
2115 4081 2256 4130 Iliad.
2300 4098 2348 4140 σ,
2384 4081 2493 4138 616,
2532 4081 2646 4140 616,
2680 4091 2731 4128 et
2759 4097 2803 4136 r,

1688 4150 1733 4196 8.
1790 4151 1981 4196 Nimbus
2002 4163 2093 4212 pro
2115 4145 2341 4203 nubibus,
2362 4161 2490 4194 aere.

1752 4213 2024 4260 610-612.
2060 4215 2290 4260 Sec-retum
2328 4210 2471 4259 docte
2506 4224 2597 4273 pro
2636 4207 2807 4264 nolum.

1687 4276 1740 4325 in
1780 4287 1969 4326 secreto
2002 4277 2122 4334 loco,
2157 4275 2289 4388 apud
2318 4275 2535 4323 fluvium.
2592 4276 2670 4323 Eu
2696 4289 2803 4336 per-

2216 4343 2261 4398 o,
2292 4341 2365 4388 11.
2418 4343 2535 4388 Am
2551 4343 2804 4402 pro-im.-

1684 4405 1745 4453 οῖ.
1764 4405 1825 4454 ad
1845 4408 1954 4462 531,
1976 4408 2085 4454 534.
