3050 4934
1195 282 1540 348 LIBER
1585 284 1639 348 I.

2447 291 2566 352 221

442 430 738 511 Atridas,
770 433 1252 516 Priamumque,
1282 446 1350 498 et
1379 457 1621 498 saevum
1651 436 1966 500 ambobus
1996 435 2339 501 Achillem.

444 533 784 612 Constitit;
828 546 898 598 et
925 533 1288 611 lacrimam,
1323 535 1491 608 Quis
1512 537 1651 620 jam
1680 535 1885 614 locuS,
1917 539 2149 622 inquit,
2180 537 2465 618 Achate,

269 633 402 698 460
445 634 615 707 Quae
643 636 823 719 regio
851 635 918 699 in
948 637 1139 699 terris
1170 637 1377 700 nostri
1404 659 1537 701 non
1565 637 1761 722 plena
1789 637 2071 703 laboris?

444 736 552 799 En
585 735 909 800 Priamus:
957 749 1108 800 sunt
1136 736 1243 802 hic
1273 739 1468 801 etiam
1498 761 1617 802 sua
1639 741 1905 823 praemia
1934 739 2152 803 laudit

440 836 610 901 Sunt
636 836 918 902 lacrimae
945 860 1200 916 rerum3
1244 850 1312 902 et
1339 851 1621 904 mentem
1650 839 1945 905 mortalia
1972 852 2271 925 tangunt.

442 937 634 1002 Solve
660 949 908 1016 metus3
954 939 1123 1004 feret
1150 939 1292 1004 haec
1321 938 1602 1024 aliquam
1630 943 1749 1006 tibi
1773 940 1943 1004 fama
1974 941 2269 1006 salutem.

441 1039 552 1103 Sic
579 1040 692 1116 ait,
721 1051 918 1124 atque
948 1041 1229 1104 animum
1257 1042 1515 1125 pictura
1540 1042 1751 1126 pascit
1778 1042 1975 1119 inani,
2259 1059 2263 1064 ’

263 1141 402 1204 465
442 1139 658 1204 Multa
686 1163 950 1225 gemens
957 1187 974 1218 ,
1004 1141 1317 1226 largoque
1346 1142 1680 1207 humectat
1708 1143 1970 1208 flumine
2001 1142 2269 1208 vultum.

441 1241 743 1325 Namque
771 1243 1058 1320 videbat,
1090 1245 1186 1307 uti
1213 1243 1528 1308 bellantes
1562 1243 1883 1328 Pergama
1910 1245 2153 1309 circum

443 1342 592 1407 Hac
617 1342 922 1426 fugerent
953 1342 1162 1421 Graii,
1194 1355 1520 1428 premeret
1544 1345 1838 1430 Trojana
1857 1346 2167 1430 juventus
2190 1373 2205 1423 ;

443 1443 592 1509 Hac
623 1443 920 1528 Phryges
926 1492 946 1522 ,
975 1445 1249 1510 instaret
1275 1467 1472 1510 curru
1501 1447 1807 1511 cristatus
1839 1445 2153 1512 Achilles.

257 1633 381 1692 iam.
434 1631 708 1679 Occurrere
726 1641 887 1679 sutem
907 1630 959 1678 in
974 1631 1197 1694 pluribus
1213 1632 1386 1682 tabulis

265 1693 480 1742 Achillis
522 1709 732 1758 persona
779 1693 961 1752 debuit,
1002 1696 1146 1743 modo
1185 1697 1239 1744 in
1282 1697 1386 1745 acie

469 1759 672 1816 amodo
714 1759 946 1807 Hectoris
982 1775 1042 1807 co
1101 1775 1158 1808 us
1191 1760 1387 1810 Priamo

267 1774 494 1880 ffidens,
543 1823 687 1871 modo
734 1822 955 1871 Troilum
1101 1840 1202 1882 ens,
1231 1825 1388 1872 'modo

269 1886 608 1942 Memnonem,
665 1887 808 1934 modo
864 1887 1238 1936 Penthesileam.
1307 1889 1386 1937 De

265 1950 462 2014 pictura
491 1951 636 2014 vulgo
655 1951 760 1998 haec
781 1950 1114 2014 accipiunturg
1148 1961 1198 2000 et
1219 1968 1264 2000 v.
1289 1955 1388 2002 464.-

259 2019 500 2075 pn’ctum
545 2029 774 2080 expresse
817 2013 1093 2080 appellavit.
1163 2017 1306 2070 Quod
1345 2017 1386 2066 si

267 2093 442 2127 verum
465 2087 554 2135 est,
582 2077 814 2127 adversus
849 2089 1123 2143 temporum
1149 2078 1387 2129 rationem

265 2157 472 2216 peceare
505 2152 650 2206 poeta
673 2143 856 2201 maluit,
881 2143 1026 2191 modo
1055 2144 1208 2206 gratis
1223 2160 1394 2193 rerum

267 2206 570 2268 imaginibus
591 2206 868 2255 delectaret.
923 2207 1052 2255 Nam
1078 2207 1241 2256 Iliacis
1264 2219 1384 2256 tem-

264 2269 469 2334 poribus
495 2285 595 2319 non
619 2270 768 2319 fuisse
799 2271 1034 2334 pingendi
1056 2281 1210 2320 artem
1236 2289 1298 2336 ap
1333 2289 1386 2320 a·

265 2343 370 2382 ret:
399 2333 496 2382 vid.
518 2334 646 2383 Plin.
665 2351 814 2393 xxxv,
834 2336 879 2382 6.
934 2336 1208 2384 Homerum
1224 2353 1276 2384 sc
1329 2354 1386 2400 p-

269 2407 393 2446 turae
428 2413 578 2463 opera
611 2398 664 2446 in
703 2399 836 2447 omni
872 2399 1178 2447 metallorum
1210 2415 1390 2462 genere

265 2477 554 2519 memorare,
587 2462 722 2512 nulla
751 2462 969 2537 picturae,
993 2462 1254 2525 unicuique
1279 2464 1387 2512 Ho-

267 2541 460 2575 merum
481 2526 664 2590 legenti
682 2527 822 2576 facile
843 2526 1095 2576 succurrit.
1152 2526 1390 2590 Virgilius

267 2589 280 2602 '
319 2591 418 2638 ‘tur
451 2605 552 2638 non
585 2590 646 2638 de
680 2589 826 2654 pictis
857 2591 1048 2648 tabulis,
1071 2590 1159 2638 sed
1191 2590 1252 2639 de
1271 2607 1386 2640 ana·

264 2605 334 2718 3
415 2670 448 2702 o
486 2669 650 2728 opere,
691 2665 742 2703 et
779 2654 974 2717 quidem
1007 2669 1072 2702 ex
1109 2670 1220 2712 aere,
1262 2656 1392 2718 quod

265 2719 506 2832 32³¹&
501 2719 790 2840 2ᾌὶζῇ
808 2733 992 2830 ἕᾛῗ
1012 2718 1298 2845 23⁰3.ssss
1299 2729 1392 2830 ¹21¹?

839 2817 853 2830 ·
975 2817 988 2840 2
1111 2817 1123 2840 2
1364 2810 1386 2821 ⁸

266 2847 452 2896 cendus
493 2858 583 2894 est.
640 2848 786 2902 Quod
829 2851 1062 2909 picturam
1107 2847 1246 2904 dixit,
1299 2848 1390 2896 hoe

267 2911 456 2975 poetica
469 2911 714 2974 elegantia
729 2913 856 2960 bene
869 2925 1138 2960 memorare
1151 2911 1312 2976 potuit
1328 2912 1389 2960 de

265 2975 440 3038 quovis
459 2989 609 3040 opere
632 2976 762 3040 quod
785 2977 965 3038 figuras
986 2981 1148 3024 rerum
1169 2992 1226 3024 ac
1249 2976 1389 3039 signa

265 3049 600 3104 repraesentat.

327 3107 443 3152 468.
479 3107 656 3152 Βουιιιι
689 3107 902 3152 ambobus
937 3107 1175 3152 Achillem.
1235 3108 1390 3153 Saevue

265 3169 358 3217 fuit
379 3169 434 3216 in
457 3168 724 3225 Priamum,
753 3168 970 3216 Hectore
991 3183 1142 3224 οπεος
1177 3167 1229 3216 in
1254 3169 1387 3231 Aga-

264 3247 578 3282 memnonem
609 3231 770 3280 saeviit
801 3233 875 3280 ira
913 3242 964 3279 et
1001 3232 1244 3296 pervicaci
1278 3232 1390 3280 odio

267 3309 470 3362 propter
511 3306 730 3361 ereptam
771 3295 1069 3345 Briseidem:
1104 3295 1268 3358 itaque
1295 3311 1385 3344 sae-

267 3377 384 3410 vum
403 3361 606 3410 omnino
635 3360 738 3410 acci
775 3361 886 3418 iam,
921 3359 1162 3423 exquisite
1231 3375 1286 3410 ro
1309 3361 1386 3408 in-

265 3427 460 3484 festum,
485 3425 676 3474 inmm.
773 3426 1007 3473 iAtn'das
1037 3435 1170 3472 recte
1210 3425 1384 3490 egitur,

266 3493 482 3540 eun-bobus
497 3491 568 3538 ita
583 3489 796 3554 positum
813 3497 890 3538 est
909 3499 966 3536 ut
985 3498 1036 3538 et
1051 3488 1160 3538 illos
1177 3497 1228 3536 et
1239 3489 1384 3546 hunc,

266 3555 488 3618 adeoque
508 3565 608 3603 tres
627 3554 877 3618 designem
914 3553 1006 3602 etsi
1041 3567 1140 3600 non
1169 3551 1276 3601 sine
1299 3569 1384 3601 ex-

267 3619 446 3684 emplo,
479 3633 592 3667 cum
626 3618 834 3666 alterum
869 3632 1048 3667 nomen
1081 3616 1388 3665 collectivum

265 3684 332 3732 ait
357 3684 581 3732 dunum.
637 3683 692 3730 Si
727 3692 890 3730 tamen
925 3681 1066 3730 alteri
1098 3697 1161 3729 ex
1197 3681 1386 3729 Atridis

265 3747 490 3796 infensus
507 3747 617 3804 fuit,
636 3746 806 3810 quidni
829 3756 878 3794 et
895 3746 1096 3794 stati-em
1112 3745 1225 3793 odio
1245 3744 1384 3794 habi-

267 3825 374 3862 tum
395 3811 530 3860 dicat
545 3813 722 3876 poeta?

331 3877 445 3934 40⁰,
469 3877 581 3924 461.
615 3877 780 3924 Nostri
811 3877 994 3932 laboris,
1021 3889 1126 3938 pro,
1149 3873 1384 3930 laborum,

267 3940 436 3997 τόνων,
455 3941 502 3990 h.
523 3955 568 3988 e.
591 3940 732 3988 famoe
748 3940 808 3987 de
827 3938 1005 3986 nostris
1017 3937 1386 3988 calamitatibus.

271 4005 366 4054 Est
399 4014 566 4053 sutem
609 4004 700 4052 hoc
743 4002 1052 4052 rhetoricum.
1106 4003 1262 4050 Laudi
1298 4016 1389 4066 pro

269 4069 466 4126 virtute,
487 4077 542 4117 et
561 4070 708 4116 rebus
741 4067 891 4130 gestis
921 4081 1029 4130 qum
1058 4065 1253 4114 laudem
1283 4081 1386 4114 me-

269 4143 468 4182 rentur:
511 4147 578 4182 ex
615 4131 880 4180 Homerico
916 4129 1084 4186 κλέοςς
1131 4139 1189 4179 ut
1220 4139 1391 4178 contra

269 4197 414 4260 &perh
453 4213 546 4262 pro
583 4197 728 4246 laude
767 4211 896 4262 sepe
936 4194 1066 4259 apud
1105 4193 1384 4242 Pindarum.

271 4261 457 4310 Virtuti
479 4261 628 4310 etiam
651 4261 732 4310 hie
752 4261 907 4309 honos
927 4273 1044 4308 suus
1063 4260 1282 4308 habetur.

331 4327 444 4374 462
481 4331 600 4375 Sunt
617 4325 766 4374 etiam
781 4324 861 4374 hic
877 4327 1094 4380 lat-rim,
1111 4324 1162 4371 h.
1181 4339 1222 4372 e.
1237 4323 1384 4372 mise-

269 4391 406 4446 ratio,
429 4407 586 4440 reram
599 4408 620 4444 ,·
639 4389 880 4438 deflentur
895 4405 988 4448 res,
1000 4389 1048 4436 h.
1069 4403 1110 4436 e.
1131 4404 1272 4436 casus
1295 4389 1383 4436 hu—

269 4456 426 4510 manis
461 4464 580 4506 sunt
603 4453 684 4503 hic
701 4462 900 4518 pectora
920 4469 1028 4518 que
1049 4452 1272 4502 lacrimas
1293 4452 1384 4502 im·

1450 1633 1667 1697 pertiant
1686 1631 1880 1680 casibus
1902 1642 1952 1682 et
1973 1632 2331 1683 calamitatibus
2351 1635 2570 1686 aliorum.

1451 1701 1518 1746 Et
1553 1705 1741 1744 mentem
1776 1701 1991 1745 mortalia
2024 1705 2233 1760 tangunt,
2272 1707 2322 1746 et
2364 1715 2443 1748 res
2477 1701 2569 1750 hu-

1451 1775 1609 1810 manae
1664 1775 1913 1822 cassasque,
1973 1761 2148 1824 quibus
2197 1762 2373 1823 jactari
2414 1764 2575 1814 solent

1451 1825 1693 1882 mortales,
1712 1823 1930 1873 afficiunt
1946 1825 2198 1873 hominum
2215 1825 2399 1888 quibas
2419 1837 2572 1876 terras

1449 1889 1725 1937 inhabitant
1744 1888 1931 1936 animos
1946 1888 2268 1936 miseratione.
2309 1889 2437 1938 Illud
2456 1907 2573 1940 vero

1449 1953 1751 2016 pra-clarum,
1785 1953 1913 2016 quod
1948 1953 2264 2002 humanitatis
2298 1953 2483 2002 cultum
2510 1970 2572 2004 ex

1451 2017 1725 2080 conspectis
1768 2017 1886 2065 artis
1926 2016 2168 2082 operibus,
2207 2033 2269 2065 ex
2308 2033 2573 2082 eorumque

1452 2081 1765 2144 argumentis,
1790 2081 1988 2144 colligit.

1517 2147 1627 2192 463.
1664 2148 1791 2194 Solve
1830 2154 1987 2204 metue,
2027 2145 2218 2194 doctius
2258 2162 2403 2208 quam
2436 2147 2571 2197 solve

1453 2209 1669 2256 animum
1700 2219 1845 2257 metu.
1882 2213 1999 2258 Haec
2018 2209 2154 2270 sama
2186 2211 2315 2272 quod
2332 2210 2568 2274 Trojano-

1451 2287 1561 2320 rum
1583 2272 1881 2321 calamitates
1914 2274 1967 2320 in
2000 2273 2077 2322 his
2112 2273 2233 2338 ipsis
2262 2275 2406 2322 terris
2426 2275 2569 2324 inno-

1455 2345 1667 2392 tuerunt,
1691 2336 1782 2384 hoc
1810 2336 1951 2384 nobis
1982 2338 2157 2385 horum
2188 2338 2441 2386 hominum
2464 2340 2570 2388 ani-

1455 2415 1561 2448 mos
1594 2400 1767 2448 reddet
1797 2400 2048 2464 propitios.
2108 2401 2219 2459 Sed,
2244 2417 2356 2450 cum
2390 2405 2573 2464 majore

1453 2463 1807 2512 benevolentiae
1842 2461 2211 2526 significatione,
2248 2464 2312 2513 ad
2332 2465 2573 2515 Achatem

1454 2527 1665 2576 amicum
1686 2527 1869 2585 retulit,
1890 2531 1991 2574 tibi.

1519 2593 1629 2639 464.
1665 2593 1839 2649 Pascit,
1864 2592 2103 2646 βουκολεῖ,
2127 2598 2183 2638 ut
2195 2607 2282 2666 spe
2300 2607 2426 2641 vana
2440 2597 2575 2656 pascu·

1454 2655 1675 2707 dicimur.
1727 2657 1915 2703 Inonem
1932 2655 2145 2730 appellat
2161 2653 2378 2720 epitheto
2394 2673 2573 2706 ornans

1454 2735 1484 2767 a
1504 2729 1677 2768 natura
1712 2719 1845 2778 artis,
1868 2734 1967 2767 non
2007 2735 2139 2784 ipsas
2173 2735 2265 2778 res,
2291 2721 2377 2768 sed
2410 2737 2573 2772 rerum

1455 2783 1693 2847 imagines
1702 2799 1988 2846 quocunque
2006 2783 2150 2831 modo
2162 2787 2571 2848 repraesentantis,

1453 2848 1622 2911 petito.
1680 2849 1923 2896 Caeterum
1958 2847 2011 2895 in
2047 2863 2147 2910 sqq.
2182 2850 2385 2897 observa
2418 2851 2569 2898 artifi-

1453 2912 1583 2960 cium
1605 2921 1763 2975 poetae
1784 2911 1836 2959 in
1858 2911 2185 2976 descriptione
2212 2927 2375 2960 rerum
2400 2923 2449 2961 et
2466 2915 2513 2962 h.
2538 2915 2569 2963 l.

1452 2975 1649 3038 quidem
1688 2976 1976 3034 tabularum,
2013 2976 2207 3038 quando
2235 2992 2282 3024 v.
2315 2976 2413 3027 474.-
2446 2987 2569 3025 tem-

1451 3040 1643 3104 pestive
1666 3040 1840 3088 transit
1872 3040 1934 3088 ad
1969 3055 2077 3088 eam
2100 3039 2333 3088 orationis
2351 3041 2571 3099 formam,

1453 3119 1548 3166 qua
1568 3119 1648 3152 res
1670 3104 1807 3165 quasi
1842 3114 1956 3152 ante
1992 3104 2158 3154 oculos
2189 3105 2295 3168 geri
2329 3104 2572 3168 videntur,

1453 3183 1553 3216 non
1574 3169 1719 3232 pictae
1741 3169 1939 3232 adspici.

1517 3233 1627 3280 465.
1664 3235 1904 3296 Largoqae
1936 3236 2165 3280 humectat
2184 3236 2375 3294 flumine
2402 3237 2575 3282 nauum

1452 3296 1514 3344 ad
1536 3297 1691 3345 nostri
1726 3296 1966 3345 sermonis
2003 3311 2191 3345 morem
2224 3313 2324 3345 non
2360 3306 2436 3345 est
2467 3298 2571 3346 exi-

1513 3361 1690 3416 ndum;
1726 3377 1825 3409 non
1859 3360 2029 3422 magis,
2067 3377 2212 3422 quam
2237 3361 2573 3420 Homericum,

1449 3375 1723 3486 ἓκρνχέυν
1750 3426 1877 3473 ὅστε
1896 3423 2042 3486 κρήνη
2062 3421 2377 3486 μελάνυδροςι
2414 3435 2465 3473 et
2486 3429 2571 3474 lm-

1450 3497 1617 3536 mectat
1656 3498 1732 3536 est
1765 3488 2007 3550 exquisite
2048 3503 2137 3551 pro
2174 3488 2366 3550 irrigat3
2416 3503 2575 3550 neque

1451 3553 1574 3600 adeo
1616 3555 1843 3600 humectat
1880 3553 2103 3614 JeJunum
2152 3551 2421 3614 putandum
2465 3562 2577 3615 post

1455 3619 1585 3679 largo
1648 3619 1809 3664 umine.
1866 3615 1995 3663 Tum
2028 3617 2174 3662 malta
2192 3631 2388 3677 gemm,
2411 3615 2577 3664 πολλὰ

1451 3697 1543 3729 ΠΕ
1630 3698 1706 3728 W·

1522 3745 1797 3792 466—468.
1850 3742 2071 3806 Respicit
2102 3741 2410 3806 potissimum
2446 3759 2573 3807 pug-

1449 3823 1565 3856 nam
1596 3808 1821 3856 Patroclo
1852 3807 2014 3855 occiso
2043 3806 2234 3863 factam,
2263 3821 2373 3855 cum
2405 3821 2576 3856 versus

1449 3881 1609 3920 castra
1622 3872 1849 3936 fugerent
1862 3870 2054 3928 Achivi,
2068 3871 2436 3932 insequentibus
2449 3871 2571 3920 Tro-

1445 3937 1579 3999 janis
1614 3947 1665 3984 et
1694 3937 1907 3984 instante
1948 3935 2179 3993 Hectore,
2220 3935 2358 3983 Iliad.
2390 3953 2443 3998 ρ;
2480 3951 2575 3997 quo

1453 4001 1583 4049 facto
1612 4000 1693 4048 die
1726 4000 1949 4064 sequenti
1979 3999 2197 4048 Achilles
2230 3999 2369 4048 novis
2391 4015 2418 4046 a
2442 3999 2572 4048 The·

1453 4063 1555 4114 tide
1601 4065 1813 4129 acceptis
1857 4064 2005 4112 armis
2043 4063 2207 4140 prodit
2250 4071 2300 4112 et
2339 4063 2576 4125 Trojanos

1453 4129 1603 4193 fugat,
1622 4130 1890 4178 Hectorem
1906 4127 2095 4182 occidit,
2114 4127 2253 4175 Iliad.
2271 4145 2419 4189 τ-χ.
2449 4129 2575 4176 Cum

1452 4193 1575 4242 adeo
1593 4192 1787 4242 Rhesus
1805 4207 1920 4241 mox
1940 4201 2184 4254 sequatur,
2204 4192 2416 4240 noluisse
2432 4201 2577 4256 poeta

1451 4267 1726 4322 temporum
1759 4257 1979 4305 ordinem
2006 4271 2199 4304 servare
2229 4255 2463 4304 dicendus
2484 4265 2575 4306 est.

1456 4323 1516 4370 In
1562 4327 1781 4370 cristam
1828 4321 2027 4370 Servius
2068 4320 2168 4369 vim
2215 4320 2413 4382 quaeritg
2462 4337 2577 4370 nam

1451 4387 1719 4435 secundum
1755 4387 2029 4435 Homerum
2068 4384 2121 4433 in
2168 4385 2373 4434 Achillis
2416 4386 2578 4434 cristis

1455 4451 1672 4502 terribile
1707 4449 1934 4514 quiddam
1979 4449 2144 4508 fuisse,
2187 4449 2326 4498 Iliad.
2372 4468 2417 4507 τ,
2466 4451 2575 4498 380.
