3050 4934
1104 234 1443 301 LIBER
1489 234 1636 300 111.

2403 236 2518 300 151

390 384 591 451 Multi
608 387 743 471 jam
774 396 1077 451 excretos
1105 386 1459 471 prohibent
1489 409 1529 449 a
1557 385 1874 450 matribus
1902 384 2154 464 haedos,

390 488 735 573 Primaque
767 488 1025 552 ferratis
1054 487 1409 573 praefigunt
1436 508 1554 551 ora
1579 486 1902 571 capistris·

210 588 347 651 400
387 589 589 663 Quod
620 600 929 674 surgente
960 590 1065 654 die
1095 589 1374 653 mulsere
1404 588 1714 672 horisque
1743 588 2017 665 diurniS,

386 691 607 755 Nocte
636 702 974 776 premunt3
1019 692 1199 776 quod
1216 692 1355 775 jam
1386 690 1674 755 tenebris
1705 699 1774 752 et
1803 688 1937 753 sole
1969 690 2267 767 cadente,

386 794 531 859 Sub
557 793 767 859 lucem
796 804 1153 877 exportans
1185 791 1455 856 calathis
1476 790 1627 884 ‘adit
1657 790 1900 873 oppida
1930 802 2191 873 pastor3

386 894 529 961 Aut
560 919 759 981 parco
790 896 921 960 sale
954 897 1361 979 contingunt,
1392 893 1720 976 hiemique
1751 904 2096 977 reponunt.

474 998 622 1062 Nec
654 998 769 1062 tibi
800 1018 959 1061 cura
986 1018 1219 1060 canum
1250 995 1447 1059 fuerit
1477 1004 1844 1078 postrema3
1892 990 2170 1058 sed'una

204 1099 341 1161 405
384 1098 667 1163 Veloces
700 1098 957 1183 Spartae
988 1095 1236 1161 catulos
1263 1116 1610 1178 acremque
1640 1094 2006 1159 Molossum

386 1198 601 1263 Pasce‘
631 1220 777 1262 sero
802 1199 1047 1283 pingui.

1139 1197 1499 1281 Nunquam
1528 1196 1914 1261 custodibus
1944 1196 2068 1261 illis

384 1300 801 1365 Nocturnum
832 1296 1103 1363 stabulis
1134 1298 1366 1376 furem,
1398 1300 1828 1382 incursusque
1857 1296 2182 1383 luporum,

386 1400 529 1465 Aut
557 1403 911 1485 impacatos
941 1424 981 1464 a
1009 1412 1195 1485 tergo
1225 1400 1523 1465 horrebis
1556 1399 1808 1464 Iberos.

390 1502 582 1586 Soepe
614 1504 807 1567 etiam
836 1524 1035 1566 cursu
1060 1503 1319 1566 timidos
1352 1503 1629 1586 agitabis
1660 1524 1963 1587 onagros,

210 1606 345 1669 410
390 1604 485 1669 Et
514 1605 781 1669 canibus
810 1602 1122 1688 leporem,
1154 1605 1423 1668 canibus
1455 1604 1777 1667 venabere
1805 1604 2052 1667 damas.

387 1706 579 1792 Saepe
609 1705 963 1771 volutabris
993 1704 1219 1790 pulsos
1252 1705 1658 1769 silvestribus
1689 1726 1883 1787 apros

388 1806 667 1872 Latratu
696 1808 993 1871 turbabis
1023 1829 1249 1891 agens,
1278 1816 1665 1889 montesque
1696 1826 1817 1889 per
1847 1804 2012 1868 altos

394 1908 731 1993 Ingentem
759 1908 1036 1973 clamore
1064 1930 1321 1993 premes
1352 1908 1438 1972 ad
1468 1908 1634 1971 retia
1661 1928 1944 1970 cervum.

472 2010 675 2075 Disce
706 2020 775 2075 et
802 2009 1139 2075 odoratam
1170 2008 1442 2073 stabulis
1474 2008 1834 2074 accendere
1865 2008 2155 2085 cedrum,

210 2114 343 2176 415
388 2111 860 2196 Galbaneoque
890 2112 1139 2195 agitare
1166 2132 1400 2195 graves
1432 2110 1662 2175 nidore
1693 2108 2064 2192 chelydros·

277 2279 549 2327 sss-399.
609 2278 677 2326 Ut
706 2276 845 2326 lactis
879 2278 1111 2339 maiorem
1141 2275 1333 2340 copiam

208 2344 435 2399 habeant,
454 2342 597 2391 multi
621 2342 785 2391 haedos
806 2356 906 2391 non
936 2341 1231 2389 submittunt
1248 2358 1327 2389 oa-

270 2408 368 2465 nae,
390 2407 477 2456 sed
498 2407 659 2456 statim
677 2422 707 2454 a
726 2415 881 2455 matre
914 2406 1167 2470 depellunt
1188 2406 1328 2454 sobo—

226 2488 309 2547 ειη.
332 2472 408 2547 (et
430 2488 475 2519 v.
499 2488 541 2521 c.
564 2472 798 2528 vendunt,
832 2480 1047 2519 mactant
1074 2470 1189 2531 etc).
1206 2472 1333 2545 ..sagn

208 2552 505 2649 ’3333
514 2550 687 2659 ἷοέῗέ,
704 2534 1333 2662 ἔῗέἑξῗνΐίῗςῖῗῖἕὲοῗ

206 2683 239 2713 ο
270 2668 497 2713 matribus
536 2674 589 2712 et
626 2672 886 2721 excernant,
932 2678 1021 2711 seu
1054 2672 1329 2719 secernunt,

206 2739 449 2788 amvent,
484 2728 603 2777 hinc
636 2727 855 2777 ornatius
883 2726 1069 2775 dictim
1088 2730 1333 2789 prohibent

204 2802 423 2843 excretos.
483 2796 703 2855 capistra
731 2801 895 2841 autem
916 2791 1004 2840 int.
1027 2790 1334 2853 περιστομίου

204 2858 558 2923 genuamsseis
573 2856 786 2913 insertis,
802 2855 930 2919 quod
947 2870 1047 2903 non
1094 2855 1259 2904 uidem
1277 2872 1332 2904 os

204 2924 415 2979 obturet.
456 2922 545 2971 sed
584 2921 627 2969 si
662 2920 893 2969 uberibus
931 2936 986 2969 os
1025 2935 1054 2968 a
1138 2930 1329 2979 oveant,

204 3000 409 3035 mtrem
422 2994 625 3052 pungat,
638 3000 841 3047 eamque
852 2984 1158 3033 recalcitrare
1170 2984 1328 3034 faciat.

264 3052 545 3099 *oo-403.
607 3052 739 3102 Quod
757 3052 949 3097 nubere
965 3064 1108 3097 mane
1126 3058 1179 3096 et
1196 3052 1328 3096 diur—

200 3120 275 3165 as's
292 3120 437 3173 horis,
464 3123 681 3178 premnt
710 3122 837 3163 noete
871 3113 927 3161 in
944 3128 1166 3168 caseum;
1202 3113 1332 3177 quod

198 3192 369 3229 autem
398 3180 475 3228 lac
510 3179 702 3243 vesperi
738 3177 963 3236 mulsere,
996 3187 1085 3227 aut
1114 3192 1257 3226 mane
1278 3177 1330 3226 in

196 3246 375 3294 urbem
411 3244 720 3293 vendendum
760 3242 976 3303 mittimt,
1014 3250 1100 3290 aut
1133 3258 1329 3291 caseum

196 3309 317 3357 inde
340 3308 541 3367 faciunt,
564 3317 616 3355 et
632 3307 829 3371 quidem
845 3316 1151 3371 compactum
1171 3316 1223 3355 et
1236 3306 1326 3355 du·
1394 3321 1483 3369 age

197 3373 437 3428 rabilemz
475 3382 529 3421 ut
550 3382 721 3420 eontra
740 3371 905 3436 priore
920 3371 1041 3429 loeo,
1066 3386 1111 3419 v.
1132 3372 1244 3429 401,
1267 3370 1331 3418 de

194 3453 347 3485 meo
362 3436 447 3499 qui
468 3452 641 3485 recens
657 3434 961 3485 consumitur
974 3434 1109 3499 loqui
1121 3434 1328 3484 videtur.

198 3502 283 3551 Sic
308 3500 431 3549 satis
612 3500 679 3548 'ta
694 3516 775 3549 res
798 3499 1005 3548 videtur.

262 3568 379 3613 ⁴04.
416 3565 645 3613 Procedit
662 3564 723 3613 ad
740 3580 907 3613 curam
924 3578 1115 3612 canum.
1172 3563 1324 3611 Praei-

194 3640 343 3679 verat
372 3629 623 3677 Hesiodus
645 3627 783 3691 Ἔργ.
808 3628 919 3687 604,
945 3629 1069 3683 6053
1104 3627 1327 3692 proximo

194 3694 315 3743 loco
350 3694 509 3742 Varro
548 3692 601 3751 ii,
635 3694 693 3748 93
726 3692 852 3741 adde
888 3693 1075 3741 Colum.
1112 3692 1195 3750 vii,
1239 3694 1325 3749 12;

196 3758 334 3807 nin.
358 3758 459 3816 viii,
488 3760 563 3817 11,
586 3774 625 3807 s.
651 3757 710 3805 61
736 3774 806 3821 sq.

264 3824 541 3871 405-413
598 3824 820 3885 Spartani
840 3836 975 3869 ems
999 3820 1107 3884 (qui
1144 3836 1189 3869 v.
1228 3822 1325 3868 345

195 3886 452 3949 angoht)
492 3890 674 3945 veloces,
709 3885 936 3950 inprimis
980 3885 1243 3949 sagacitate
1278 3894 1330 3933 et

192 3952 405 4000 odoratu
411 3960 729 4063 {testamen
742 3948 1007 4006 venationi,
1030 3952 1221 3998 Moloni
1240 3966 1326 3998 au·

196 4024 391 4065 temex
492 4012 969 4064 irocumvenationi
998 4022 1328 4077 tumgregum

194 4096 335 4129 eura
352 4080 467 4129 adin
558 4080 569 4092 ’
599 4078 746 4129 soliti.

262 4146 379 4192 408.
416 4143 619 4201 Eodem,
642 4158 789 4207 quem
816 4158 949 4208 ηερε
975 4146 1081 4207 jam
1102 4142 1329 4200 vidimus,

194 4218 455 4273 poetarum
474 4224 613 4257 more
624 4208 887 4265 communi,
912 4223 1004 4272 pro
1024 4222 1329 4269 quocumque

194 4274 374 4336 abigeo
392 4282 445 4321 et
463 4272 696 4337 predone
718 4275 903 4321 Iberum
935 4271 1112 4337 posuit,
1137 4271 1253 4334 quia
1271 4287 1329 4320 ea

190 4352 319 4401 gem
340 4336 531 4403 rapinis
546 4346 599 4385 et
650 4336 995 4386 raedationibus
1018 4335 1227 4395 infamis,
1248 4335 1325 4383 in-

190 4402 371 4467 primis
388 4416 505 4450 cum
520 4416 555 4449 n
654 4416 739 4450 um
756 4402 875 4451 satis
888 4400 1163 4465 perdomita
1174 4410 1327 4456 essen

1397 2276 1512 2324 hinc
1531 2280 1767 2338 inpacatos
1783 2277 1814 2323 1
1815 2280 1940 2324 beros
1957 2276 2184 2341 appellat.
2241 2278 2289 2325 A
2305 2286 2447 2343 tergo,
2473 2278 2524 2329 in

1397 2341 1580 2390 vicinia
1601 2340 1878 2389 habitantes
1897 2350 1946 2389 et
1965 2340 2267 2391 insidiantes.

1462 2407 1573 2453 409.
1627 2408 1845 2467 onagros,
1879 2404 2036 2453 ferum
2069 2404 2316 2455 asinorum
2351 2422 2523 2469 genus,

1400 2469 1627 2533 Phrygiae
1665 2478 1715 2516 et
1748 2468 2020 2531 Lycaoniae,
2059 2468 2269 2527 Arabiae,
2305 2480 2362 2518 ut
2393 2486 2524 2520 nunc

1397 2532 1566 2597 Syriae,
1591 2548 1680 2581 nec
1703 2547 1802 2581 non
1822 2532 2004 2580 Africae
2029 2548 2142 2581 cum
2164 2533 2416 2596 assignent
2437 2550 2522 2583 ve-

1396 2608 1542 2655 teres,
1561 2612 1707 2645 nemo
1727 2596 1780 2645 in
1803 2596 1962 2644 ltaliae
1982 2596 2118 2645 silvis
2142 2612 2248 2645 esse
2271 2609 2524 2647 memorat.

1400 2662 1574 2725 ltaque
1602 2662 1795 2725 poetico
1817 2676 1966 2719 more,
1988 2676 2100 2709 cum
2123 2662 2322 2711 omnino
2354 2662 2523 2721 feram,

1396 2742 1505 2789 quae
1525 2726 1728 2774 canibus
1751 2724 1924 2789 agitari
1947 2734 2125 2789 posset,
2144 2726 2398 2775 nominare
2417 2729 2520 2777 vel-

1394 2791 1480 2848 let,
1512 2799 1702 2838 certum
1736 2790 1990 2852 quoddam,
2024 2798 2174 2853 utque
2206 2791 2363 2839 oratio
2395 2801 2526 2841 esset

1396 2854 1598 2911 doctior,
1633 2853 1796 2929 minus
1827 2864 1998 2902 notum
2023 2870 2186 2929 genus
2218 2856 2408 2919 posuit:
2453 2857 2524 2906 sic

1396 2933 1848 3047 ‘uzlazmzesnlecad
1873 2918 2103 3031 omnilthukx’n.
2130 2982 2401 3045 adjectum3
2435 3000 2522 3033 vo·

1396 3048 1624 3096 eabulum
1663 3046 1943 3096 venantium
2015 3046 2248 3112 roprium,
2281 3048 2399 3097 dum
2439 3064 2520 3097 ur-

1394 3122 1515 3176 gent
1543 3112 1696 3161 feras:
1735 3112 1850 3159 AEn.
1882 3111 1947 3169 iv,
2018 3114 2039 3160 1
2076 3127 2219 3161 cerva
2246 3127 2392 3177 quam
2411 3116 2527 3175 ficte

1388 3185 1552 3239 pastor
1593 3194 1734 3239 agens
1773 3179 1891 3225 telis.
1963 3176 2042 3224 Ita
2073 3187 2126 3224 et
2159 3179 2270 3237 413,
2303 3194 2522 3239 premere,

1394 3241 1675 3305 premendo,
1723 3240 1955 3305 urgendo,
2006 3240 2246 3301 instando,
2295 3243 2356 3292 ad
2399 3244 2526 3292 retia

1485 3321 1554 3353 re.

1458 3370 1733 3418 414-439.
1771 3370 2052 3433 Sequuntur
2073 3380 2318 3435 precepta
2346 3371 2407 3420 de
2437 3388 2521 3421 ea-

1394 3434 1568 3483 vendis
1611 3433 1772 3483 noxiis
1817 3435 2158 3484 animantibus.
2247 3436 2326 3483 De
2371 3440 2519 3493 cedro,

1394 3498 1518 3547 forte
1522 3499 1634 3560 juni
1671 3514 1756 3547 ero
1764 3499 2020 3563 oxycedro,
2031 3499 2127 3547 vid.
2140 3498 2201 3546 ad
2211 3500 2330 3548 Geo.
2343 3499 2394 3556 ii,
2406 3502 2518 3547 443.

1457 3565 1570 3610 415.
1609 3564 1648 3609 P
1670 3562 1734 3609 in.
1759 3562 1846 3619 xii,
1872 3564 1949 3618 25,
1971 3578 2008 3609 s.
2030 3564 2106 3609 56.
2166 3565 2266 3609 Dat
2286 3571 2332 3610 et
2349 3566 2516 3623 galba-

1393 3643 1499 3673 num
1537 3624 1758 3688 (succum
1789 3624 2052 3686 viscidum)
2095 3628 2235 3686 Syria
2278 3629 2328 3673 iu
2369 3628 2522 3673 eodem
2573 3672 2580 3677 .

1393 3693 1572 3739 Amano
1603 3697 1750 3737 monte
1781 3705 1805 3737 e
1825 3686 2002 3749 serula.
2069 3691 2306 3737 Sint-erum
2335 3693 2379 3737 ss·
2412 3706 2518 3739 ora-

1394 3764 1485 3813 tur,
1533 3752 1680 3817 sugat
1739 3756 1895 3802 nidore
1953 3760 2198 3815 serpentes.
2281 3753 2518 3815 EJusdem

1378 3818 1553 3881 serula
1585 3818 1733 3867 etiam
1764 3818 1906 3866 radix
1933 3818 2166 3867 adversus
2193 3833 2384 3867 morsus
2415 3834 2518 3867 ser-

1391 3894 1598 3948 pentum
1637 3882 1968 3932 adhibebatur.
2047 3886 2302 3945 chelydrus
2341 3897 2522 3931 nomen

1394 3958 1470 4060 edat
1486 3948 1730 4023 serpentis
1747 3948 1976 4061 venegiosi
1997 3946 2248 4023 ampliibii,
2263 3956 2375 3995 cute
2391 3962 2518 4011 pra!-

1394 4022 1871 4139 χΐωιῖἓᾝαΐέῗ
1903 4027 2022 4137 33:⁸1,
2038 4020 2522 4138 {Zagaz'ffi‘t'iffi

1394 4141 1614 4198 doceant,
1655 4156 1686 4189 a
1723 4138 1875 4202 χέλυς
1914 4148 1965 4187 et
2003 4141 2112 4201 δρῦς
2146 4154 2368 4202 quercus,
2407 4140 2522 4203 quia

1394 4206 1525 4255 circa
1568 4219 1834 4267 quercuum
1873 4203 2063 4253 radices
2106 4204 2317 4253 libenter
2359 4207 2518 4270 degat.

1398 4273 1574 4319 Graves
1605 4272 1839 4331 chelydros
1877 4268 2004 4317 dixit
2039 4268 2119 4331 (ut
2155 4268 2242 4317 inf.
2279 4272 2372 4319 451
2409 4274 2518 4319 elle-

1397 4338 1524 4383 boro:
1553 4350 1732 4397 graves,
1755 4332 2117 4407 grave-olentes)
2141 4333 2254 4397 quia
2282 4346 2398 4383 sunt
2427 4334 2517 4384 foe-

1397 4409 1501 4448 torre
1524 4397 1817 4446 intolerabili
1841 4398 1977 4459 quasi
1999 4398 2159 4463 putris
2182 4398 2371 4447 ulceris.
