3050 4934
1237 253 1578 317 LIBER
1629 254 1714 317 X.
2513 256 2645 319 569

493 394 667 463 Tum
698 420 897 483 super
926 402 1251 485 abjectum
1282 406 1499 487 posito
1531 403 1700 487 pede
1731 403 1924 465 nixus
1955 413 2022 466 et
2051 402 2278 468 hasta:

490 494 655 561 Pars
685 499 837 563 belli
867 500 1045 566 haud
1076 506 1445 581 temnenda,
1478 505 1620 579 viri,
1643 504 1824 587 jacet
1851 501 2022 567 altus
2057 504 2342 569 Orodes.

491 596 913 667 Conclamant
940 607 1097 669 socii
1128 604 1347 669 laetum
1376 628 1606 690 paeana
1637 606 1864 669 secuti.

487 697 604 763 Ille
636 711 850 767 autem
881 707 1261 789 exspirans:
1310 706 1467 769 Non
1496 688 1624 781 me,
1656 707 2046 790 quicumque
2077 726 2172 781 etz,
2205 707 2432 785 inulto,

315 795 444 860 740
487 798 739 880 Victor,
770 826 891 869 nec
920 804 1185 889 longum
1213 806 1558 871 loetabere:
1609 816 1674 868 te
1703 826 1966 889 quoque
1997 804 2134 869 fata

488 899 923 987 Prospectant
954 908 1157 990 paria,
1188 920 1387 991 atque
1416 906 1646 971 eadem
1674 927 1826 968 mox
1857 928 2012 969 arva
2043 909 2320 971 tenebis.

487 999 603 1065 Ad
634 1026 829 1087 quem
858 1006 1205 1071 subridens
1234 1009 1437 1071 mixta
1468 1006 1840 1071 Mezentius
1869 1008 1998 1072 ira:

484 1102 683 1167 Nunc
710 1128 985 1171 morere.
1060 1106 1191 1172 Ast
1222 1107 1305 1173 de
1333 1131 1435 1173 me
1464 1107 1685 1173 divfim
1705 1118 1897 1191 pater
1925 1120 2122 1193 atque
2153 1109 2483 1177 hominum
2511 1134 2630 1179 rex

487 1201 768 1269 Viderit.
860 1207 1013 1272 Hoc
1044 1210 1267 1273 dicens
1298 1210 1527 1273 eduxit
1557 1231 1832 1292 corpore
1865 1207 2086 1273 telum.

313 1301 441 1366 745
485 1303 619 1368 Olli
648 1306 817 1371 dura
846 1310 1031 1392 quies
1064 1309 1285 1375 oculos
1317 1320 1386 1373 et
1415 1309 1668 1374 ferrens
1701 1322 1894 1393 urget

480 1405 795 1486 Somnus;
840 1409 907 1473 in
938 1421 1243 1473 aeternam
1272 1410 1664 1475 clauduntur
1691 1393 1930 1475 lumina
1959 1422 2236 1477 noctem.

481 1506 779 1573 Caedicus
810 1507 1205 1575 Alcathoum
1234 1511 1603 1587 obtruncat,
1637 1509 1942 1575 Sacrator
1971 1510 2376 1597 Hydaspem

482 1607 1037 1696 Partheniumque
1068 1612 1267 1696 Rapo
1292 1622 1363 1675 et
1387 1611 1766 1696 praedurum
1793 1612 2036 1677 viribus
2069 1612 2324 1691 Orsen3

480 1707 837 1795 Messapus
868 1711 1295 1797 Cloniumque
1329 1712 1860 1796 Lycaoniumque
1893 1711 2203 1777 Ericeten
2229 1742 2246 1791 ;

307 1808 439 1872 750
481 1809 670 1876 Illum
694 1812 961 1877 infrenis
992 1816 1145 1897 equi
1174 1813 1366 1898 lapsu
1398 1813 1628 1879 tellure
1651 1814 1999 1897 jacentem,

480 1910 677 1977 Hunc
706 1914 993 1997 peditem
1022 1915 1250 1999 pedes.
1330 1914 1423 1979 Et
1456 1914 1698 1999 Lycius
1731 1926 2142 1999 processerat
2167 1913 2372 2000 Agis3

480 2012 699 2085 Quem
727 2024 943 2079 tamen
970 2014 1151 2080 haud
1178 2038 1421 2100 expers
1455 2015 1737 2081 Valerus
1769 2016 2024 2079 virtutis
2055 2016 2246 2081 avitae

479 2112 767 2198 Dejicit:
814 2126 883 2178 at
912 2114 1279 2180 Thronium
1310 2115 1551 2193 Salius,
1583 2115 1958 2199 Saliumque
1989 2115 2298 2194 Nealces,

477 2211 758 2298 Insignis
779 2213 1001 2299 jaculo
1028 2225 1096 2279 et
1122 2214 1314 2299 longe
1342 2215 1606 2281 fallente
1640 2217 1897 2301 sagitta.

302 2312 433 2376 755
560 2312 711 2377 «Iam
738 2314 955 2397 gravis
986 2315 1290 2397 oequabat
1317 2314 1534 2380 luctus
1565 2328 1634 2379 et
1663 2328 1886 2379 mutua
1917 2316 2186 2380 Mavors

477 2412 771 2491 Funera3
818 2415 1160 2479 coedebant
1188 2416 1431 2499 pariter
1462 2417 1834 2500 pariterque
1865 2416 2144 2485 ruebant
2215 2416 2223 2425 '

478 2514 779 2580 Victores
809 2517 1124 2600 victique3
1172 2538 1383 2600 neque
1412 2515 1515 2580 his
1546 2515 1704 2599 fuga
1733 2525 1910 2591 nota,
1939 2538 2152 2599 neque
2183 2515 2328 2579 illis.

477 2613 573 2677 Di
601 2616 648 2679 J
650 2616 783 2680 ovis
815 2618 883 2680 in
908 2618 1099 2681 tectis
1132 2619 1293 2682 iram
1318 2618 1710 2681 miserantur
1739 2616 1992 2679 inanem

474 2712 859 2794 Amborum,
890 2730 958 2781 et
986 2729 1201 2782 tantos
1231 2718 1612 2782 mortalibus
1643 2739 1788 2781 esse
1821 2714 2122 2793 labores;

303 2817 432 2881 760
472 2816 649 2881 Hinc
682 2816 935 2894 Venus,
966 2818 1117 2883 hinc
1148 2830 1375 2882 contra
1400 2830 1655 2903 spectat
1687 2818 1994 2882 Saturnia
2019 2816 2236 2881 Juno:

475 2916 731 2982 Pallida
760 2916 1123 3002 Tisiphone
1155 2920 1367 2983 media
1398 2920 1566 2985 inter
1595 2918 1793 2984 millia
1821 2919 2026 2983 saevit.

473 3015 568 3082 At
598 3040 751 3082 vero
780 3021 1107 3102 ingentem
1135 3021 1431 3104 quatiens
1464 3020 1835 3085 Mezentius
1867 3020 2122 3083 hastam

365 3257 635 3309 ⁷86—738.
670 3260 925 3321 Affectmn,
964 3260 1009 3307 h.
1046 3259 1077 3307 l.
1110 3268 1415 3321 procttatum.
1552 3258 1662 3308 754.
1713 3261 1868 3321 Longe
1884 3256 2086 3318 fallente
2115 3263 2308 3321 sagitta,
2341 3258 2546 3309 feriente
2584 3278 2610 3309 e

302 3324 595 3371 com-emant
615 3328 759 3371 “euti
774 3326 913 3385 jung.
1484 3322 1750 3385 longinquo
1771 3322 2052 3370 incautum:
2087 3321 2184 3370 vid.
2209 3338 2316 3385 sup.
2343 3323 2408 3380 ix,
2433 3325 2542 3376 672.

363 3387 459 3438 789
481 3402 584 3450 sqq.
624 3386 841 3435 Affectus
872 3387 1017 3450 plena
1040 3388 1143 3434 hoec
1154 3385 1419 3435 «morientis
1550 3386 1821 3435 755-832
1857 3386 2018 3433 Locus
2033 3385 2096 3433 de
2117 3401 2283 3497 ἵξεαι
2305 3386 2478 3437 AEneae
2497 3404 2612 3436 cum

296 3452 472 3505 verbu
508 3460 559 3498 et
592 3460 769 3513 quanta
806 3450 985 3498 ferocia
1022 3450 1283 3499 Mezentii!
1332 3450 1419 3499 sed
1486 3450 1748 3505 Mezentio,
1793 3448 2075 3498 interventu
2193 3449 2267 3497 usi
2322 3449 2608 3514 intercepta,

290 3515 404 3563 viro
442 3513 557 3561 forti
634 3514 645 3525 “
819 3514 880 3561 ln
918 3523 1123 3575 utroque
1168 3514 1417 3562 Homerus
1480 3522 1535 3561 et
1577 3513 1726 3561 Lausi
1781 3522 1950 3561 morte.
2025 3514 2326 3575 comparant
2373 3512 2512 3561 Iliad.
2559 3524 2608 3573 λ,

296 3576 491 3641 preivit
522 3578 576 3625 in
674 3586 835 3625 actore
872 3586 925 3625 et
958 3577 1153 3626 Achille
1188 3576 1331 3625 Iliad.
1363 3596 1414 3637 χ,
1482 3578 1548 3627 70
1567 3594 1638 3639 sq.

296 3642 570 3700 358—366,
606 3650 659 3687 et
700 3640 753 3689 in
789 3640 1070 3705 Sarpedone
1104 3650 1155 3689 et
1200 3641 1417 3689 Hectore
1548 3640 1574 3690 7
1579 3644 1656 3689 58.
1689 3643 1816 3688 Iram
1833 3644 2028 3697 inanem,
2045 3654 2142 3702 qua
2157 3648 2332 3687 neutra
2346 3639 2476 3689 acies
2489 3656 2604 3704 pro-

300 3705 439 3754 lliad.
463 3722 513 3764 r,
544 3706 815 3753 851—861.
850 3708 1027 3753 Eadem
1059 3722 1172 3753 arva
1210 3708 1415 3753 tenebis:
1482 3704 1678 3753 finiebat
1705 3704 1990 3766 quicquum
2033 3712 2208 3751 neutra
2242 3702 2374 3751 enim
2404 3703 2608 3753 alteram

293 3771 385 3819 hoc
407 3769 579 3818 eodem
601 3769 704 3817 solo
724 3778 1047 3832 prosternere.
1480 3769 1733 3832 impellere
1747 3776 1951 3832 poterat.
1976 3768 2104 3815 Tum
2119 3766 2312 3815 inflexit
2322 3767 2606 3825 orationem,

358 3834 469 3884 ⁷4³.
503 3838 595 3882 Aet
616 3837 671 3881 de
694 3850 763 3881 me
783 3836 935 3881 divam
954 3840 1092 3895 pater
1119 3835 1291 3880 viderit
1304 3852 1319 3880 :
1355 3848 1417 3881 ex
1482 3848 1574 3897 pro
1607 3832 1810 3895 vulgari,
1843 3830 2138 3880 miserantur
2173 3830 2298 3879 iram
2333 3838 2388 3879 et
2418 3830 2608 3879 labores

292 3898 481 3960 vulgari
521 3897 751 3959 loquendi
785 3897 973 3946 ratione
1006 3912 1173 3945 eorum
1205 3896 1289 3959 qui
1326 3896 1414 3945 ali-
1484 3906 1646 3945 tantos
1667 3911 1851 3945 eorum.

326 3961 411 4009 uid
432 3976 603 4009 curare
624 3976 677 4009 se
708 3960 838 4009 nolle
872 3960 1056 4018 dicunt,
1080 3960 1141 4008 de
1172 3976 1231 4009 eo
1249 3960 1317 4009 dii
1340 3961 1414 4009 vi·
1550 3961 1658 4012 760.
1695 3960 1932 4009 Nominat
1958 3958 2088 4007 inter
2109 3966 2310 4007 ceteros
2337 3957 2456 4005 deos
2485 3957 2608 4007 duas

324 4025 467 4082 erint,
490 4024 587 4073 diis
608 4024 711 4073 haec
746 4023 985 4088 permissa
1013 4033 1170 4073 sunto.
1230 4024 1417 4073 Volunt
1479 4025 1611 4083 deas,
1651 4024 1827 4087 quibus
1867 4022 2176 4087 potissimum
2219 4036 2397 4085 pugna!
2442 4020 2604 4071 exitus

292 4087 749 4202 ‘fflfflffi
765 4088 1081 4201 cffffllnsl'}
1116 4088 1412 4202 3:33
1478 4090 1732 4216 mm*
1631 4085 2338 4213 ωζωὲξξᾙὶῗίῧῗέἳὶ
2353 4083 2604 4197 2335?

410 4188 422 4200 ·
1399 4189 1413 4211 υ
2579 4176 2602 4187 “
2635 4186 2672 4211 ο

286 4220 473 4267 dem
492 4224 749 4275 contemtor,
772 4232 879 4281 sup.
902 4216 985 4275 vii,
1004 4218 1117 4273 648,
1140 4226 1191 4265 et
1205 4221 1280 4265 σω·
1302 4221 1411 4265 dex·
1480 4226 1642 4265 terum
1683 4226 1940 4279 poetarum
1984 4214 2274 4281 phantasma
2317 4213 2422 4269 hoc,
2460 4212 2606 4276 Ἔρις,

290 4291 367 4330 ενα
386 4284 499 4329 dem
518 4290 602 4339 ese,
624 4280 791 4347 paullo
810 4292 923 4356 post
942 4297 987 4329 v.
1016 4280 1123 4332 773.
1478 4282 1643 4337 Ἐνυὼ,
1671 4279 1786 4341 Κὴρ,
1811 4279 1940 4327 inter
1969 4277 2098 4325 acies
2127 4276 2452 4341 pugnantium
2481 4278 2602 4326 voli-

268 4394 281 4403 ,
358 4344 659 4395 747-749,
720 4346 897 4393 Latina
952 4345 1151 4393 nomina
1198 4344 1413 4401 Latinos,
1480 4354 1604 4391 tans.
1665 4344 1734 4391 Ut
1763 4358 1915 4391 unum
1939 4341 2218 4405 exemplum
2241 4356 2518 4401 memorem,
2543 4341 2604 4390 cf.

286 4411 462 4457 Graeca
485 4410 737 4471 Troianos,
762 4408 1017 4471 desig-nare
1040 4409 1281 4457 videntur.
1420 4477 1441 4519 ι
1482 4406 1686 4456 Hesiod.
1713 4407 1844 4455 Scut.
1859 4408 1962 4481 ¹248
1985 4422 2054 4467 sq.

1412 4496 1419 4504 ·
1468 4486 1498 4519 n
