3050 4934
461 229 589 292 560

1344 223 1869 292 AENEIDOS

630 377 1014 462 Impositum
1047 387 1234 442 scuto
1261 375 1554 442 referunt
1582 373 1879 440 Pallanta
1906 371 2309 456 frequentes.

632 480 697 544 O
729 479 916 543 dolor
944 490 1142 563 atque
1172 479 1376 543 decus
1403 499 1709 562 magnum
1736 475 2027 540 rediture
2056 472 2349 557 parenti!

631 580 800 645 Haec
828 589 892 644 te
919 580 1128 663 prima
1153 580 1293 644 dies
1324 577 1497 643 bello
1529 577 1735 654 dedit,
1767 576 1910 640 haec
1938 575 2171 640 eadem
2198 571 2447 637 aufert:

631 681 854 754 Quum
886 692 1100 746 tamen
1128 681 1424 764 ingentes
1457 677 1858 744 Rutulorum
1886 675 2123 760 linquis
2154 676 2451 738 acervos!

238 785 372 798 “’“”““
458 783 589 846 510
717 781 866 846 Nec
885 783 1024 868 jam
1053 781 1223 846 fama
1251 779 1400 845 mali
1429 780 1615 856 tanti,
1648 779 1767 843 sed
1794 778 2033 843 certior
2060 787 2289 854 auctor

629 880 918 947 Advolat
947 881 1208 960 AEneae,
1241 883 1422 947 tenui
1450 881 1819 945 discrimine
1848 877 2011 943 lethi

633 982 806 1048 Esse
839 1005 1022 1048 suos:
1069 993 1350 1067 tempus,
1380 983 1587 1046 versis
1621 1001 2001 1046 succurrere
2032 977 2335 1043 Teucris.

632 1084 940 1149 Proxima
965 1106 1244 1169 quaeque
1273 1084 1458 1148 metit
1483 1081 1729 1166 gladio,
1760 1081 2093 1164 latumque
2121 1101 2243 1164 per
2270 1099 2501 1163 agmen

634 1184 900 1251 Ardens
930 1184 1194 1249 limitem
1223 1185 1360 1268 agit
1389 1183 1595 1260 ferro:
1642 1193 1733 1260 te,
1765 1182 2015 1258 Turne,
2050 1181 2404 1265 superbum

461 1287 591 1350 515
635 1286 837 1350 Caede
865 1307 1033 1350 nova
1059 1306 1384 1369 quaerens.
1462 1282 1705 1360 Pallas,
1738 1283 2071 1358 Evander,
2104 1283 2169 1346 in
2198 1281 2356 1365 ipsis

634 1386 874 1450 Omnia
903 1395 1056 1450 sunt
1083 1383 1316 1462 oculis3
1361 1406 1627 1460 mensae,
1654 1407 1819 1467 quas
1844 1384 2097 1474 advena
2124 1384 2363 1467 primas

631 1486 826 1551 Tunc
854 1486 1038 1562 adiit,
1069 1485 1452 1568 dextroeque
1483 1485 1677 1549 datae.
1756 1483 2063 1549 Sulmone
2091 1493 2347 1548 creatos

626 1587 932 1660 Quatuor
957 1585 1066 1650 hic
1086 1587 1386 1670 juvenes,
1417 1586 1691 1650 totidem
1718 1607 1884 1670 quos
1912 1587 2153 1650 educat
2186 1583 2420 1660 Ufens,

635 1687 950 1752 Viventes
979 1686 1174 1772 rapit,
1204 1686 1468 1751 inferias
1497 1675 1665 1770 quos
1695 1685 1978 1751 immolet
2006 1685 2275 1762 umbris,

461 1789 592 1854 520
635 1789 1042 1874 captivoque
1065 1788 1212 1872 rogi
1239 1787 1597 1871 perfundat
1627 1789 1939 1872 sanguine
1966 1786 2277 1850 flammas.

632 1889 798 1955 Inde
831 1889 1036 1974 Mago
1063 1888 1294 1974 procul
1322 1887 1639 1954 infensam
1668 1888 2093 1954 contenderat
2118 1886 2405 1951 hastam:

633 1989 750 2055 Ille
781 2000 928 2056 astu
959 1991 1172 2068 subit:
1217 2000 1286 2053 at
1315 1989 1745 2054 tremebunda
1774 1985 2149 2072 supervolat
2174 1987 2397 2066 hasta:

635 2091 730 2155 Et
759 2113 974 2176 genua
999 2089 1394 2174 amplectens
1423 2089 1664 2154 effatur
1693 2087 1847 2154 talia
1874 2087 2185 2174 supplex:

637 2192 770 2257 Per
798 2192 1046 2274 patrios
1076 2189 1338 2267 Manes,
1369 2212 1490 2274 per
1521 2211 1673 2275 spes
1706 2193 2031 2274 surgentis
2061 2188 2209 2266 Iuli,

464 2293 594 2358 525
638 2293 742 2357 Te
769 2313 1028 2377 precor,
1057 2292 1228 2356 hanc
1255 2293 1533 2356 animam
1561 2313 1781 2356 serves
1811 2302 2097 2376 natoque
2124 2291 2448 2377 patrique.

635 2393 763 2458 Est
792 2393 1022 2458 domus
1053 2392 1212 2470 alta:
1250 2393 1476 2478 jacent
1502 2395 1765 2478 penitus
1794 2393 2059 2458 defossa
2088 2392 2332 2458 talenta

635 2495 866 2562 Caelati
895 2495 1186 2579 argenti:
1233 2503 1386 2558 sunt
1415 2495 1557 2557 auri
1587 2495 1881 2578 pondera
1912 2493 2069 2559 facti

636 2595 998 2680 Infectique
1027 2595 1204 2660 mihi.
1280 2593 1438 2658 Non
1467 2593 1575 2659 hic
1604 2597 1875 2660 victoria
1903 2594 2239 2661 Teucrum

636 2697 969 2773 Vertitur:
1015 2707 1130 2761 aut
1157 2697 1368 2760 anima
1395 2717 1526 2758 una
1557 2694 1741 2760 dabit
1768 2696 2140 2762 discrimina
2164 2707 2363 2763 tanta.

465 2800 594 2864 530
639 2799 941 2865 Dixerat.
1014 2797 1268 2862 AEneas
1301 2805 1528 2860 contra
1556 2798 1665 2861 cui
1694 2796 1846 2862 talia
1872 2799 2125 2863 reddit:

527 2981 640 3036 510,
677 2979 786 3026 511.
835 2977 877 3024 Ρ

463 3042 658 3106 agmine
699 3041 970 3090 310—361.
1041 3042 1186 3088 Tenui
1223 3041 1486 3087 discrimine
1521 3043 1587 3089 le-

462 3111 547 3164 thi,
567 3105 758 3154 modico
778 3103 950 3152 mortis
970 3102 1247 3152 interstitio.
1287 3105 1482 3152 Lethen
1497 3119 1589 3168 pro

463 3170 630 3227 exitio,
653 3179 816 3232 strage
836 3167 1101 3233 copiarum.

527 3235 640 3292 513,
665 3236 776 3282 514.
811 3235 982 3282 Latum
1001 3235 1188 3282 unium
1208 3236 1324 3296 agit.
1375 3232 1589 3296 Elegans

462 3298 716 3350 mandatio
749 3314 778 3346 a
799 3313 953 3347 vacuo
987 3297 1146 3362 spatio
1178 3297 1240 3345 ad
1269 3296 1398 3346 viam
1421 3307 1472 3346 et
1505 3313 1586 3346 ac-

464 3374 569 3414 tum
593 3363 722 3412 inter
743 3363 841 3411 dno
863 3377 1004 3424 agros
1027 3361 1198 3409 relicto
1219 3361 1386 3424 petita.
1434 3364 1589 3425 Agere

460 3431 650 3478 limitem
670 3437 834 3476 autem
893 3425 1053 3490 roprie
1079 3425 1258 3474 dicitur
1281 3440 1373 3489 pro
1395 3425 1582 3475 facere:

463 3491 561 3542 vid.
587 3495 802 3542 Gronov.
909 3489 1068 3538 Taciti
1089 3491 1318 3538 German.
1345 3490 1418 3538 29.

527 3557 636 3606 516.
671 3559 860 3614 Mensa,
894 3571 1022 3617 quas.
1083 3552 1310 3618 Respicit
1339 3570 1446 3618 sup.
1481 3552 1583 3612 viii,

463 3623 570 3679 102,
599 3620 692 3671 1⁷5
713 3637 784 3684 sq.

1069 2986 1094 3023 t
1127 2975 1311 3024 AEneas
1348 2974 1402 3022 in
1437 2975 1592 3024 altero
1655 2975 1879 3027 immolat
1896 2979 2097 3028 AEneas.
2138 2980 2374 3030 Nondum
2394 2981 2547 3045 igitur
2560 2999 2619 3032 ea
2636 2993 2785 3034 etate

1656 3043 1971 3116 metuendum
2014 3043 2108 3092 fuit
2153 3045 2351 3094 Maroni
2393 3061 2457 3095 ne
2499 3046 2789 3112 displiceret

1654 3119 1867 3154 immane
1902 3106 2091 3156 facinus
2122 3109 2411 3166 lectoribus:
2450 3125 2543 3160 nee
2576 3111 2783 3172 AEneaa,

1654 3170 1739 3218 ubi
1782 3180 1973 3226 summa
2014 3187 2127 3221 cum
2170 3174 2455 3224 crudelitate
2601 3176 2783 3241 plicem

1656 3233 1861 3298 Mag-um
1900 3251 1945 3283 v.
1986 3237 2081 3284 523
2126 3239 2397 3298 obtruncat,
2442 3249 2495 3288 et
2505 3191 2783 3304 n'lparquitii

1652 3298 1877 3348 cadaveri
1911 3299 2117 3349 insultat
2144 3317 2189 3349 v.
2215 3305 2311 3350 555
2336 3318 2407 3366 sq.
2440 3303 2504 3352 ad
2526 3304 2781 3353 Romano-

1653 3378 1762 3411 rum
1806 3379 1979 3412 sensus
2022 3365 2178 3414 videri
2230 3365 2401 3416 debuit
2442 3367 2783 3418 inhumaniter

1652 3426 1835 3489 egisse:
1871 3427 1961 3476 etsi
1996 3429 2089 3478 boe
2110 3430 2173 3478 ad
2198 3442 2420 3480 nostmm
2451 3447 2653 3482 sensum
2686 3434 2777 3482 ali-

1652 3499 1727 3540 ter
1746 3507 1801 3540 se
1822 3492 1981 3540 habet.

1716 3557 1989 3604 521—523.
2026 3559 2183 3621 Mago,
2206 3558 2259 3606 in
2284 3559 2503 3622 Magum,
2524 3568 2585 3608 ut
2615 3563 2780 3622 tmies,

1649 3622 1788 3678 subit,
1814 3617 2061 3683 ὑπέδραμε,
2084 3625 2345 3684 apennia&
2368 3621 2653 3686 ὑπέρπτατο.
2710 3629 2783 3676 13:

525 3687 634 3734 518.
679 3681 848 3746 Ufens,-
881 3683 925 3732 is
949 3682 1138 3732 scilicet
1168 3682 1230 3730 de
1252 3697 1348 3745 quo
1365 3681 1585 3757 sup-ndi,
1644 3700 1798 3747 genua
1831 3687 2118 3746 amplectens.
2175 3688 2220 3736 A
2259 3687 2325 3736 ud
2354 3687 2629 3736 Homerum
2664 3691 2781 3754 plus

463 3749 586 3805 7453
622 3747 724 3806 viii,
759 3749 804 3796 6.
871 3747 1045 3796 Malim
1079 3757 1242 3796 tamen
1275 3747 1338 3794 de
1369 3745 1582 3795 homini-

461 3815 552 3864 bus
575 3829 602 3861 e
626 3813 914 3861 Volscorum
945 3821 1092 3874 gente
1117 3809 1312 3858 Ufentis
1334 3809 1471 3859 fluvii
1503 3827 1584 3860 ac-

464 3877 586 3928 colis
606 3875 842 3942 accipere.

523 3944 635 3992 520.
672 3943 950 4002 captivoque
981 3939 1028 3987 h.
1055 3954 1097 3986 e.
1129 3937 1446 4002 captivorum,
1481 3939 1582 3988 ele-

453 4015 632 4070 ganter
661 4021 766 4070 pro,
790 4016 842 4052 et
871 4017 1077 4066 quorum
1110 4001 1348 4066 sanguine
1371 4013 1460 4052 etc.
1521 4004 1585 4052 In

456 4069 736 4120 ulciscendo
761 4068 996 4125 Pallante,
1019 4076 1071 4116 et
1101 4081 1217 4114 mox
1247 4065 1301 4114 in
1323 4082 1382 4114 eo
1403 4067 1581 4131 sepeli-

459 4136 600 4192 endo,
633 4133 894 4192 Achillem,
929 4131 1012 4195 qui
1047 4130 1258 4180 Patrocli
1290 4131 1472 4179 caedem
1505 4132 1581 4180 ul·

457 4197 820 4312 chfimfeique
851 4196 1052 4310 infertizts
1083 4193 1212 4308 ἰαὲιὲ,
1240 4195 1435 4308 §geroni
1469 4205 1584 4244 ante

460 4278 520 4310 oc
571 4277 625 4310 oa
683 4277 813 4310 uisse
852 4276 972 4311 cons
1043 4295 1057 4308 .
1239 4275 1258 4308 1
1291 4275 1372 4309 em
1415 4276 1582 4310 exem-

457 4325 594 4440 plum
630 4325 839 4376 Achillis
873 4341 1004 4374 nunc
1041 4333 1242 4374 octonos
1265 4327 1472 4387 iuvenes
1503 4325 1581 4374 in-

475 4389 605 4438 erias
641 4389 851 4436 Pallanti
885 4388 1099 4436 destinat
1133 4397 1184 4435 et
1216 4387 1298 4438 lib.
1325 4389 1394 4447 xi,
1418 4391 1495 4448 81,
1521 4391 1585 4438 82

1650 3747 2001 3798 miserationis:
2037 3750 2193 3800 altera
2310 3769 2339 3800 ν
2372 3752 2637 3801 dulcem
2656 3754 2781 3815 γοό-

1650 3829 1755 3870 m,
1780 3811 1933 3862 altera
1953 3814 2141 3864 hastam
2164 3815 2375 3864 Achillis
2394 3815 2589 3864 retinet.

1718 3877 1990 3926 526—528.
2022 3878 2157 3927 Male
2180 3893 2297 3927 vero
2316 3889 2513 3943 poetam
2532 3881 2595 3929 ad
2610 3897 2781 3946 gram-

1649 3941 1877 3991 maticam
1898 3942 2216 3991 subtilitatem
2236 3953 2473 3994 revocant
2489 3943 2647 4011 intpp.
2668 3957 2789 4011 post

1651 4005 1890 4064 Servium,
1936 4015 1993 4054 ut
2034 4007 2130 4055 tria
2170 4022 2354 4072 genera
2400 4008 2522 4067 ain-i,
2568 4013 2781 4074 argenti,

1646 4068 1883 4144 erisque:
1916 4074 2147 4134 signatam
2172 4071 2249 4132 (in
2270 4071 2473 4136 numia),
2490 4073 2677 4135 soctan
2701 4077 2783 4139 (in

1648 4148 1779 4208 yasis
1800 4144 1852 4182 et
1868 4133 2069 4210 signis),
2104 4134 2405 4210 infectumque
2428 4138 2589 4200 (rude,
2610 4155 2785 4202 grave,

1650 4213 1705 4246 in
1734 4200 1948 4260 maasia),
1984 4215 2259 4264 exprimere
2290 4201 2529 4251 debuerit.
2588 4208 2781 4268 Argen-

1651 4271 1747 4310 ta:-
1783 4265 1995 4313 celatum
2032 4273 2110 4312 est
2143 4263 2196 4312 in
2232 4265 2377 4324 vasis,
2416 4281 2563 4331 opere
2600 4279 2787 4335 ectypo

1649 4327 1848 4384 ematis,
1872 4337 1929 4376 ut
1961 4345 2126 4376 aaran
2148 4326 2332 4389 soem
2356 4345 2573 4394 quoque:
2610 4345 2664 4382 et
2700 4343 2781 4382 to-

1651 4394 1775 4440 lenta
1794 4391 2083 4456 simpliciter
2104 4407 2196 4456 pro
2216 4393 2515 4458 ponderibus
2534 4395 2677 4446 dixit.
