3050 4934
1183 229 1533 310 LIBER
1576 244 1759 312 vn.

2494 246 2622 311 437

347 387 437 452 45
481 387 708 473 Majus
737 411 906 474 opus
931 411 1182 456 moveo.
1259 392 1414 458 Rex
1443 416 1600 460 arva
1630 393 1907 460 Latinus
1936 404 2005 460 et
2035 397 2234 462 urbes

477 489 630 554 Jam
660 491 878 556 senior
905 489 1102 576 longa
1129 491 1420 576 planitias
1447 496 1516 560 in
1544 517 1709 579 pace
1736 497 2031 580 regebat.

479 589 684 656 Hune
715 591 944 656 Fauno
973 604 1042 658 et
1065 594 1351 679 nympha
1375 597 1669 679 genitum
1700 596 2037 662 Laurente
2064 597 2321 664 Marica

481 689 897 776 Accipimus;
942 691 1172 758 Fauno
1201 695 1400 760 Picus
1429 707 1657 781 pater3
1701 697 1887 782 isque
1918 709 2255 783 parentem

477 791 608 870 Te,
641 794 948 871 Saturne,
978 793 1216 874 refert3
1263 807 1338 862 tu
1367 799 1699 882 sanguinis
1728 797 1991 863 ultimus
2020 811 2271 864 auctor.

349 894 439 958 50
481 893 684 958 Filius
713 894 890 973 huic,
920 894 1060 960 fato
1086 895 1330 974 divum,
1358 897 1709 982 prolesque
1738 897 1935 964 virilis

482 993 686 1059 Nulla
715 994 862 1073 fuit,
891 997 1228 1082 primaque
1260 999 1474 1062 oriens
1505 1009 1737 1082 erepta
1756 1000 2029 1083 juventa
2063 1011 2187 1064 est.

479 1093 634 1160 Sola
661 1096 926 1161 domum
949 1108 1018 1162 et
1045 1109 1262 1162 tantas
1289 1100 1593 1166 servabat
1620 1098 1755 1164 filia
1786 1101 2005 1178 sedes,

477 1195 629 1260 Jam
657 1209 911 1262 matura
937 1198 1101 1275 viru,
1121 1199 1260 1283 jam
1288 1197 1496 1283 plenis
1527 1200 1765 1265 nubilis
1794 1202 2003 1266 annis.

477 1296 678 1362 Multi
705 1297 877 1364 illam
907 1321 1144 1384 magno
1169 1321 1208 1364 e
1240 1299 1434 1366 Latio
1460 1311 1729 1385 totaque
1761 1303 2077 1386 p‘etebant

345 1397 434 1462 55
475 1395 811 1464 Ausoniaz
856 1400 1024 1483 petit
1049 1409 1202 1464 ante
1231 1399 1390 1464 alios
1421 1400 1895 1485 pulcherrimus
1926 1425 2151 1468 omnes

477 1499 771 1577 TurnuS,
803 1501 940 1564 avis
967 1501 1302 1586 atavisque
1333 1513 1605 1586 potens3
1651 1525 1845 1587 quem
1871 1504 2053 1588 regia
2079 1505 2321 1588 conjux

479 1598 775 1686 Adjungi
803 1623 1116 1685 generum
1143 1603 1306 1666 miro
1335 1605 1735 1687 properabat
1763 1626 2016 1681 amore3

479 1702 614 1768 Sed
643 1703 836 1766 variis
866 1713 1173 1786 portenta
1200 1702 1398 1768 deum
1428 1705 1787 1768 terroribus
1820 1706 2105 1768 obstant.

480 1802 740 1868 Laurus
770 1813 914 1868 erat
941 1805 1098 1868 tecti
1123 1804 1338 1868 medio
1367 1805 1434 1869 in
1463 1803 1909 1889 penetralibus
1938 1803 2109 1882 altis,

345 1903 438 1967 60
480 1903 682 1968 Sacra
711 1925 980 1981 comam,
1011 1902 1380 1989 multosque
1407 1916 1587 1971 metu
1616 1916 1873 1972 servata
1899 1927 2021 1989 per
2050 1929 2292 1983 annos3

481 2003 700 2077 Quam
725 2015 916 2088 pater
942 2005 1290 2082 inventam,
1320 2007 1561 2090 primas
1592 2029 1793 2090 quum
1822 2007 2137 2072 conderet
2163 2029 2371 2084 arcese,

477 2103 632 2189 Ipse
661 2104 994 2170 ferebatur
1023 2104 1282 2170 Phoebo
1313 2105 1609 2173 sacrasse
1641 2105 1942 2184 Latinus,

479 2205 960 2289 Laurentisque
989 2207 1076 2270 ab
1103 2227 1184 2270 ea
1211 2229 1446 2272 nomen
1475 2209 1777 2292 posuisse
1807 2207 2075 2274 colonis.

297 2405 536 2472 dispersis
556 2423 646 2472 per
672 2407 864 2458 Italiam
885 2408 1096 2468 sedibus,
1115 2417 1166 2457 et
1187 2408 1240 2456 in
1261 2407 1426 2473 plures

297 2471 510 2584 ¹pit-'pulos
525 2487 580 2520 ac
598 2471 798 2521 nomina
811 2471 1008 2530 divisos,
1025 2472 1282 2522 habitasse.
1328 2471 1428 2528 Qui

411 2535 608 2594 fuerint,
641 2535 845 2597 qmtio
879 2545 956 2585 est
989 2537 1120 2586 inter
1151 2545 1342 2586 veteres
1378 2545 1429 2584 et

295 2599 600 2648 recentiores
620 2599 767 2648 variis
788 2599 946 2649 modis
967 2600 1160 2663 agitata.
1215 2601 1286 2648 Ut
1305 2599 1428 2648 adeo

297 2663 626 2727 Aboriginum
643 2679 822 2712 nomen
838 2664 902 2711 ad
918 2679 1071 2713 unum
1093 2664 1305 2727 aliquem
1328 2679 1428 2712 non

298 2727 444 2776 valde
459 2737 710 2792 potentem
727 2736 814 2776 aut
827 2728 924 2776 late
944 2728 1246 2778 habitantem
1266 2744 1424 2793 popu-

297 2792 404 2841 lum
433 2801 678 2856 speetame
709 2807 909 2840 necesse
941 2801 1032 2840 est.
1089 2793 1287 2841 Mature
1315 2808 1428 2841 cum

298 2855 518 2905 barbaris
539 2855 638 2904 illis
653 2856 935 2931 promiscue
955 2856 1238 2905 habitarunt
1259 2856 1425 2906 Pelas-

295 2920 365 2984 gi.
416 2921 528 2976 Qun
543 2919 732 2984 origine
749 2921 820 2969 illi
837 2920 1034 2978 fuerint,
1053 2921 1270 2968 nondum
1284 2920 1421 2983 quic·

297 2999 448 3048 quam
467 2985 588 3034 satis
605 2985 844 3049 explorati
871 2985 1042 3034 habeo.
1099 2985 1182 3033 Ex
1202 2983 1425 3034 Thraciae

297 3047 500 3112 quidem
517 3048 640 3098 locis
659 3063 744 3098 eos
765 3049 818 3098 in
840 3049 1082 3098 Graeoiam
1112 3049 1424 3099 descendisse

295 3112 420 3162 nafis
439 3112 608 3176 liquet,
631 3123 682 3162 et
703 3128 733 3162 a
755 3113 1069 3162 Phoenicibus
1090 3128 1175 3163 eos
1194 3113 1422 3164 habuisse

293 3176 480 3227 literas.
538 3177 852 3241 Pelasgorum
875 3187 976 3226 tres
1006 3176 1205 3226 fuerunt
1231 3177 1286 3226 in
1317 3179 1420 3226 Ita-

293 3241 420 3290 liam
445 3241 666 3290 deducte
695 3241 910 3299 colonia,
933 3250 992 3290 ut
1015 3241 1164 3305 vulgo
1193 3251 1420 3299 nan-anu

295 3321 400 3354 uns
419 3307 480 3354 ab
503 3306 712 3354 OEnotro
739 3321 801 3354 ex
824 3304 1050 3362 Arcadia,
1073 3305 1424 3370 septemdecim

293 3369 522 3420 autibus
539 3379 654 3420 ante
675 3369 858 3418 bellum
879 3370 1174 3432 Troianumg
1207 3369 1362 3418 altera
1395 3385 1422 3418 e

293 3433 568 3492 The-lia,
593 3433 926 3482 Deucalioneo
947 3449 1082 3490 evm
1117 3443 1169 3482 et
1190 3433 1336 3482 tertia
1359 3435 1422 3482 ab

295 3497 546 3556 Evandro,
587 3497 842 3562 sexaginta
887 3498 1030 3547 annis
1078 3508 1194 3546 ante
1239 3497 1422 3546 bellum

293 3562 579 3624 ijmum.
631 3564 740 3612 Nec
761 3571 926 3612 tamen
952 3562 1248 3625 Aborigines
1269 3577 1420 3627 prop-

293 3635 436 3675 terea
487 3626 752 3690 Pelasgia
801 3624 970 3689 stirpis
1011 3626 1222 3676 habendi
1275 3637 1418 3682 sunt3

289 3690 386 3740 ned
401 3690 466 3739 ad
482 3692 738 3741 Ausonum
754 3705 936 3740 nomen
955 3690 1323 3754 pertinuerunt:
1358 3691 1422 3739 ab

291 3755 388 3804 hae
405 3755 652 3804 oommtmi
667 3755 927 3804 Ausonum
941 3754 1094 3818 stirpe
1110 3765 1272 3804 ortum
1293 3755 1418 3803 dux-

289 3833 380 3868 ere
403 3827 476 3868 tot
509 3817 790 3870 nominibus
823 3818 1004 3868 diversi
1045 3817 1202 3867 Italiae
1233 3818 1420 3883 populi,

437 3883 526 3932 ’κῆ
541 3883 738 3948 quidem
755 3883 828 3932 ini
848 3882 1030 3948 passim
1049 3899 1163 3931 cum
1186 3883 1419 3946 Pelasgis,

441 3947 590 3996 etiam
614 3964 728 3998 cum
749 3947 858 3998 aliis
879 3947 962 4010 qui
985 3947 1415 4011 aGallQLigm-i-

289 4013 402 4068 bnis.
425 4022 476 4060 et
497 4012 730 4062 Liburnis
751 4011 946 4088 populis
967 4011 1062 4062 orti
1085 4023 1237 4064 erant.

359 4077 570 4126 46—49.
605 4077 772 4126 Latim
789 4093 946 4151 genus
965 4077 1028 4126 ad
1052 4077 1316 4126 Saturnum
1339 4091 1416 4124 re-

289 4140 464 4198 fertur,
485 4141 632 4190 deum
656 4139 980 4204 Aboriginum
1003 4140 1168 4205 indige

287 4221 407 4254 ctam
419 4205 584 4256 Crono
595 4205 866 4270 comparari
879 4205 1091 4254 solima
1134 4206 1216 4253 Ab
1227 4206 1319 4253 hoc
1335 4207 1418 4252 Pi·-

285 4285 374 4322 ens
385 4281 685 4334 procreatum
701 4271 864 4318 exhoc
875 4272 1075 4326 Faunus,
1088 4268 1252 4318 Latini
1261 4279 1418 4344 pater.

291 4335 484 4384 Faunus
521 4350 706 4384 numen
741 4333 930 4398 antiqui
969 4332 1100 4382 Latii
1139 4333 1417 4382 fatidicum:

289 4397 390 4448 vid.
409 4399 496 4448 inf.
515 4401 576 4448 sl
592 4415 696 4462 sqq.
731 4401 920 4448 Μενίου
935 4397 1150 4462 nympha
1168 4395 1314 4455 Latii,
1331 4413 1417 4446 eu·-

1172 4151 1284 4199 tem,
1305 4157 1420 4188 mox

1483 2411 1569 2520 {m
1586 2409 1757 2472 religio
1774 2410 1905 2484 apud
1923 2410 2293 2459 Minturnenses
2314 2421 2506 2461 servata
2528 2424 2615 2474 est,

1509 2487 1603 2520 uco
1624 2471 1686 2520 ad
1724 2472 1879 2520 Lirim
1910 2473 2111 2522 fluvium
2140 2485 2435 2524 consecrato.
2494 2477 2614 2526 Per-

1489 2536 1687 2584 hibetur
1702 2536 1941 2584 Saturnus
1954 2545 2184 2599 tanquam
2200 2536 2363 2599 gentis
2379 2541 2615 2590 conditor.

1492 2599 1589 2649 Est
1614 2610 1665 2648 et
1691 2600 1849 2649 Janus
1881 2599 2011 2648 inter
2034 2601 2225 2663 mythos
2256 2601 2459 2664 Latinos
2486 2605 2613 2652 refe-

1491 2663 1687 2722 rendus,
1712 2663 1929 2726 deusque
1947 2679 2117 2712 eorum
2138 2663 2446 2714 domesticus.
2506 2669 2613 2716 Du-

1491 2727 1699 2778 bitatum
1750 2737 1825 2776 est
1866 2727 1997 2777 inter
2026 2729 2057 2776 J
2062 2743 2210 2776 anum
2242 2738 2294 2777 et
2334 2729 2615 2791 Saturnum,

1493 2801 1605 2840 uter
1624 2791 1779 2840 altero
1804 2801 1933 2840 esset
1961 2791 2219 2854 antiquior.
2278 2793 2505 2868 Plerique
2538 2806 2613 2846 ta-

1493 2871 1608 2904 men
1640 2857 1823 2904 Janum
1854 2855 2069 2919 priorem
2112 2855 2307 2906 Italiam
2344 2859 2617 2910 obtinuisse

1487 2928 1703 2979 narrant,
1728 2929 1779 2968 et
1798 2921 2035 2969 advenam
2054 2921 2319 2970 Saturnum
2339 2923 2401 2971 ab
2422 2937 2483 2970 eo
2506 2939 2615 2974 esse

1487 2985 1921 3098 ffiffifflmgss
1930 2983 2616 3116 gffffimoniunfffflessffig

1487 3123 1715 3162 narratur
1746 3113 1907 3162 Picus.
1967 3113 2049 3162 Ex
2078 3113 2184 3162 Pici
2220 3113 2321 3163 filio
2358 3115 2531 3164 Fauno
2562 3127 2615 3166 et

1490 3177 1683 3228 Marica
1714 3178 1945 3242 Nvmpha
1980 3178 2187 3228 Latinus
2224 3187 2371 3228 natus
2404 3189 2493 3240 est,
2517 3197 2613 3244 quo

1486 3251 1725 3304 regnante
1746 3229 1932 3292 AEneas
1954 3243 2017 3291 ad
2036 3243 2140 3291 hsec
2162 3243 2270 3292 loea
2289 3243 2439 3293 venit.

1553 3307 1761 3354 52—68.
1798 3306 2005 3355 Lavinia
2035 3311 2247 3374 rev-vaber
2278 3311 2407 3358 sedes
2439 3310 2611 3372 exqui-

1486 3367 1597 3427 site,
1638 3371 1847 3428 tenebat,
1882 3369 2175 3445 possidebat,
2212 3381 2264 3420 et
2293 3372 2387 3420 hoc
2421 3373 2513 3422 sim
2548 3374 2611 3424 li-

1486 3433 1609 3481 citer
1630 3449 1734 3497 pro‚
1760 3443 1867 3482 erat
1887 3450 1938 3482 m
1956 3435 2101 3482 domo
2118 3443 2323 3498 paterna
2344 3436 2490 3484 unica
2564 3437 2614 3487 ia

1487 3507 1539 3544 et
1558 3497 1729 3553 heresa
1764 3497 1889 3564 nihil
1920 3498 2145 3562 amplius.
2195 3499 2341 3546 Rene
2361 3507 2525 3548 autem
2550 3502 2613 3550 ad

1485 3560 1709 3625 prodigia
1726 3570 1779 3609 et
1798 3561 1999 3610 deorum
2022 3569 2215 3610 ostenta
2238 3577 2343 3609 rem
2363 3564 2613 3614 revocavit

1485 3635 1658 3690 poeta3
1694 3625 1919 3699 primum,
1946 3637 2002 3672 ut
2031 3623 2180 3672 totius
2211 3625 2441 3675 carminis
2462 3626 2613 3678 colori

1486 3699 1538 3737 et
1558 3688 1711 3737 indoli
1734 3705 1765 3736 a
1784 3688 2020 3752 religione
2032 3687 2192 3736 ducta
2208 3688 2357 3738 etiam
2372 3691 2476 3739 haec
2498 3707 2613 3766 pars

1485 3753 1796 3808 convenirem
1823 3761 1927 3801 tum
1950 3763 2007 3803 ut
2022 3751 2245 3801 Turnum
2266 3757 2610 3817 prestantissi-

1485 3833 1621 3866 mum
1665 3817 2021 3866 adolescentem
2067 3831 2181 3865 cum
2222 3818 2413 3868 ratione
2452 3819 2613 3883 aliqua

1487 3881 1661 3930 AEneoe
1774 3881 2013 3930 thabitum
2030 3891 2266 3931 narraret.

1552 3947 1615 3996 59
1714 3948 1758 3994 8.
1795 3945 2167 3995 Revocandaein
2182 3945 2400 3995 ariimum
2416 3948 2613 3998 arbores

1485 4019 1537 4060 et
1566 4009 1667 4060 luci
1703 4011 1756 4060 in
1790 4009 2039 4075 impluviis
2075 4019 2309 4068 veterum,
2340 4010 2403 4059 de
2436 4011 2612 4075 quibus

1483 4074 1669 4141 passim
1684 4075 2001 4124 commentati
2022 4083 2139 4124 sunt
2153 4075 2247 4124 viri
2268 4075 2413 4123 docti.
2466 4079 2611 4128 Sacra

1485 4157 1667 4198 eom,
1690 4139 1942 4189 frondibus
1976 4137 2185 4188 intactis.
2242 4141 2399 4188 Mem
2418 4155 2510 4204 pro
2528 4157 2607 4190 re-

1485 4203 1682 4278 ligione,
1722 4213 1779 4252 ut
1816 4207 1974 4252 horror
2006 4211 2057 4252 et
2096 4201 2287 4251 similia.
2356 4206 2612 4255 Laurentes

1485 4267 1605 4316 dicti
1628 4268 1937 4330 Aborigines,
1958 4268 2042 4330 qui
2062 4268 2166 4315 haec
2184 4267 2291 4316 loca
2312 4268 2375 4316 ad
2396 4269 2607 4319 orienta-

1485 4332 1584 4380 lem
1606 4330 1799 4380 Tiberis
1816 4331 1973 4396 ripam
2006 4331 2296 4391 incolebant,
2324 4349 2440 4397 rege
2471 4335 2606 4383 Lati·

1487 4411 1565 4446 no.
1628 4395 1750 4446 Inde
1794 4398 2091 4454 Murenam,
2139 4396 2303 4446 Latini
2344 4398 2507 4462 regim
2560 4409 2609 4448 et
