3050 4934
466 247 597 312 448

1355 241 1450 308 AE
1462 241 1533 306 N
1550 241 1612 304 E
1625 240 1659 305 1
1675 240 1742 305 D
1756 241 1825 304 Ο
1837 239 1884 304 S
1935 231 1944 238 ’

474 397 605 460 305
647 395 997 460 Immanem
1028 391 1385 478 Lapithum
1412 389 1613 456 valuit
1631 415 1647 468 3

1693 386 2018 454 concessit
2045 388 2112 452 in
2141 387 2271 452 iras

645 496 799 583 Ipse
829 494 1025 560 dei'im
1054 495 1385 579 antiquam
1410 493 1668 577 genitor
1698 489 2034 574 Calydona
2065 488 2338 552 Dianae:

645 596 847 670 Quod
870 594 1082 660 scelus
1108 605 1223 658 aut
1251 593 1570 679 Lapithas
1593 602 1867 669 tantum,
1896 601 2009 656 aut
2033 588 2370 674 Calydona
2389 591 2792 656 merentem?

646 695 778 762 Ast
806 719 953 781 eg0‚
981 718 1217 780 magna
1244 695 1427 759 «Iovis
1458 695 1723 779 conjux,
1753 692 1846 756 nil
1870 691 2162 777 linquere
2191 692 2493 756 inausum

647 799 820 872 Quae
847 799 1033 883 potui
1059 796 1306 874 infelix,
1338 819 1486 880 quoe
1514 805 1752 860 memet
1781 797 1848 858 in
1877 797 2090 859 omnia
2118 794 2306 870 verti,

474 903 605 966 310
650 899 896 965 Vincor
923 899 1009 964 ab
1036 898 1290 962 AEnea!
1354 898 1554 970 Quod
1589 897 1644 960 si
1671 919 1816 961 mea
1845 897 2106 961 numina
2133 917 2267 959 non
2295 904 2448 958 sunt

652 1001 902 1086 Magna
920 1001 1101 1076 satis,
1122 999 1415 1064 dubitem
1430 997 1612 1062 haud
1629 997 1931 1082 equidem
1953 995 2300 1082 implorare
2319 995 2498 1078 quod
2515 1017 2796 1080 usquam

646 1101 943 1168 Flectere
976 1102 1031 1166 si
1060 1123 1317 1186 nequeo
1346 1120 1646 1184 superoS,
1677 1096 2061 1163 Acheronta
2087 1097 2384 1162 movebo.

2635 1095 2788 1180 [est.

649 1203 809 1268 Non
837 1203 1101 1267 dabitur
1126 1202 1370 1286 regnis,
1402 1210 1570 1277 esto,
1598 1199 1948 1285 prohibere
1983 1199 2259 1275 Latinis,

652 1304 877 1388 Atque
908 1305 1169 1368 immota
1194 1311 1413 1366 manet
1442 1301 1593 1366 fatis
1627 1301 1898 1365 Lavinia
1924 1302 2201 1386 conjuxt

479 1406 610 1470 315
652 1402 750 1469 At
777 1399 1060 1480 trehere,
1092 1414 1289 1487 atque
1320 1425 1534 1466 moras
1563 1403 1761 1465 tantis
1788 1401 1941 1466 licet
1969 1403 2214 1467 addere
2245 1403 2484 1481 rebus3

432 1505 441 1512 ’
652 1503 750 1570 At
776 1505 928 1569 licet
954 1506 1291 1570 amborum
1316 1501 1598 1588 populos
1627 1502 2012 1566 exscindere
2041 1525 2306 1587 regumz

654 1607 805 1671 Hac
833 1627 1035 1690 gener
1064 1615 1261 1689 atque
1291 1625 1476 1669 socer
1504 1615 1737 1668 coeant
1765 1604 2064 1668 mercede
2097 1626 2382 1668 suorum.

657 1709 987 1792 Sanguine
1017 1707 1311 1792 Trojano
1340 1716 1409 1770 et
1436 1703 1690 1769 Rutulo
1718 1696 2057 1782 dotabere‚
2089 1705 2308 1790 virgo3

658 1809 752 1872 Et
782 1808 1053 1874 Bellona
1080 1818 1297 1872 manet
1328 1817 1393 1871 te
1421 1806 1742 1890 pronuba.
1817 1805 1968 1870 Nec
1997 1805 2138 1871 face
2169 1817 2420 1872 tantum

486 1911 616 1975 320
659 1909 902 1974 Cisseis
932 1930 1278 1995 praegnans
1308 1909 1493 1992 ignes
1522 1907 1715 1972 enixa
1734 1905 2032 1990 jugales3

660 2011 842 2084 Quin
867 2011 1041 2074 idem
1066 2009 1311 2074 Veneri
1339 2018 1568 2093 partus
1601 2030 1782 2084 suus,
1814 2018 1882 2072 et
1913 2007 2100 2072 Paris
2133 2007 2319 2084 alter,

660 2111 1095 2194 Funestaeque
1124 2111 1359 2174 iterum
1386 2109 1672 2176 recidiva
1699 2110 1764 2172 in
1796 2109 2117 2193 Pergama
2143 2109 2356 2174 taedae.

749 2210 915 2275 Haec
941 2211 1057 2274 ubi
1086 2211 1263 2276 dicta
1288 2211 1494 2288 dedit,
1531 2221 1738 2275 terras
1761 2210 2092 2275 horrenda
2119 2211 2369 2296 petivit.

492 2439 617 2482 rum,
642 2423 725 2486 qui
757 2421 889 2472 idem
920 2422 1109 2472 felicius
1142 2421 1249 2472 ausi
1284 2422 1397 2482 sint,
1433 2439 1612 2488 propo-

492 2486 614 2536 sitis.
688 2488 768 2536 De
822 2487 1147 2551 Lapithorum
1194 2503 1307 2536 cum
1356 2487 1616 2536 Centauris

528 2568 659 2616 ugna
677 2551 729 2599 in
755 2551 964 2601 Pirithoi
985 2552 1171 2616 nuptiis
1193 2569 1221 2600 e
1244 2552 1368 2600 Met.
1391 2552 1464 2600 xii
1492 2551 1612 2600 ovi-

494 2567 564 2664 gii
602 2617 815 2665 narratio
854 2617 957 2681 peti
999 2627 1173 2682 potest.
1244 2617 1409 2679 Vulgo
1452 2626 1616 2666 tamen

494 2696 639 2729 cama
682 2683 743 2729 ab
784 2681 1019 2729 ebrietate
1063 2681 1287 2736 ducitur;
1340 2681 1469 2742 quod
1509 2680 1617 2744 ipse

496 2745 641 2794 Maro
672 2745 892 2807 sequitur
914 2747 1035 2793 Geo.
1060 2745 1112 2802 ii,
1135 2745 1247 2796 457.
1300 2745 1371 2792 At
1392 2745 1453 2792 de
1478 2745 1614 2792 Mar-

494 2809 559 2858 tis
584 2809 637 2858 in
662 2809 897 2873 Lapithas
916 2808 1043 2858 odiis
1063 2809 1314 2858 obscurior
1336 2818 1411 2857 est
1441 2809 1616 2866 fabula,

494 2872 717 2986 ΞέΡὲῗὶῗ
739 2883 903 2986 ‘tw
924 2875 973 2984 ’ἐξ
996 2873 1618 2986 ’ὲέἶῗῗὲὴᾎῗᾝῗῖἓ

972 2973 986 2996 2
1132 2973 1145 2994 r
1345 2973 1356 2984 ·

498 3001 705 3052 Pirithoi
740 3003 891 3050 sacris
929 3000 1058 3050 inter
1094 3009 1294 3050 coetems
1332 3001 1450 3051 deos
1486 3001 1620 3050 solus

492 3065 783 3131 preteritum
820 3065 874 3112 in
914 3066 1149 3129 Lapithas
1180 3064 1365 3114 exarsit
1400 3075 1451 3114 et
1482 3066 1615 3114 furo-

494 3146 601 3180 rem
634 3128 851 3188 immisit,
876 3144 971 3191 quo
1006 3129 1079 3177 illi
1112 3145 1222 3178 cum
1245 3129 1505 3179 Centauris
1540 3130 1616 3178 in-

497 3193 633 3243 sestis
655 3193 803 3241 armis
824 3203 1187 3242 concurrerunt.

562 3257 834 3308 805-307.
872 3261 1101 3306 Cone-escit
1134 3263 1183 3306 in
1205 3262 1316 3316 iras,
1341 3259 1404 3306 ad
1424 3273 1619 3324 poenam

496 3331 549 3372 et
583 3320 861 3371 vindictam.
936 3326 1068 3374 Quod
1103 3326 1250 3371 scelus
1286 3339 1377 3388 pro
1415 3322 1617 3385 vulgari,

494 3403 592 3450 quo
624 3395 789 3434 tamen
822 3387 1004 3434 scelere
1036 3397 1120 3435 aut
1150 3387 1371 3452 Lapithoe
1403 3397 1490 3436 aut
1521 3389 1616 3435 Ca-

494 3450 886 3516 lydoniitantam
908 3467 1103 3516 poenam
1126 3455 1437 3500 meruerant?
1474 3451 1617 3500 Scili-

494 3526 573 3565 cet
588 3531 772 3578 poenam
792 3519 959 3564 scelere
981 3533 1151 3564 merere
1170 3517 1232 3564 ed
1254 3517 1620 3579 exquisitiorem

495 3581 701 3630 formam
738 3590 1019 3630 revocatum
1059 3590 1159 3637 est;
1210 3591 1264 3630 ut
1304 3581 1427 3630 adeo
1460 3581 1620 3630 scelus

494 3644 681 3694 dictum
702 3644 769 3693 sit
788 3661 899 3694 curn
922 3646 1121 3694 notione
1142 3662 1313 3710 poenae.

562 3711 671 3766 308,
697 3711 805 3758 809.
847 3713 959 3762 Qua
975 3715 1121 3771 potui,
1146 3713 1193 3758 h.
1218 3710 1443 3767 sustinui,
1468 3709 1618 3758 semel

494 3771 549 3821 in
572 3788 687 3822 eum
719 3774 881 3821 locum
914 3790 993 3822 me
1026 3775 1215 3832 demisi,
1248 3786 1303 3824 ut
1336 3775 1501 3822 omnia
1531 3789 1618 3821 au-

496 3837 677 3887 derem.
736 3839 877 3886 Potm‘
916 3841 1119 3900 linquere
1152 3855 1289 3888 mera
1318 3839 1622 3904 periphrasis

496 3900 733 3967 simplicis
754 3901 936 3960 formae,
960 3920 1061 3964 qua
1086 3907 1214 3964 liqui.

562 3965 833 4016 314-317.
879 3969 1071 4015 Immota
1107 3975 1259 4016 manet
1279 3966 1405 4028 satis
1439 3967 1618 4030 conjux,

496 4029 787 4094 exquisitius
856 4046 913 4079 ro
950 4040 1149 4080 manent
1186 4033 1387 4080 immota
1424 4032 1523 4080 fata
1559 4031 1620 4080 de

496 4094 704 4144 Lavinia
722 4097 785 4143 ab
872 4111 967 4144 nea
986 4099 1191 4160 conjuge
1216 4097 1464 4150 ducenda:
1500 4111 1616 4144 con-

488 4159 681 4224 jugium
720 4160 813 4208 hoc
848 4160 1101 4208 interverti
1138 4161 1335 4223 nequit3
1380 4171 1435 4208 ut
1466 4159 1550 4209 lib.
1585 4160 1618 4218 i,

495 4225 605 4281 257,
652 4232 837 4272 manent
890 4228 1074 4273 immota
1118 4233 1293 4273 {nomm
1343 4228 1467 4272 Pata
1518 4229 1619 4273 tibi.

496 4286 643 4335 Dicta
684 4297 849 4336 autem
891 4289 995 4337 haec
1040 4289 1308 4339 secundum
1352 4289 1623 4338 doctrinam

496 4351 842 4400 Homericam:
892 4351 1126 4402 infectum
1162 4355 1269 4402 fleri
1309 4365 1393 4402 aut
1434 4354 1538 4402 tolli
1571 4354 1622 4402 id

492 4414 623 4474 quod
643 4415 793 4462 fatale
816 4425 889 4464 est
922 4418 1138 4479 nequire,
1164 4429 1214 4466 at
1246 4419 1429 4467 differri
1462 4435 1618 4482 posse.

1678 2425 1858 2471 Merces
1877 2437 1968 2486 pro
1997 2421 2125 2471 malo
2151 2432 2203 2471 et
2232 2422 2465 2487 pernicie.
2523 2425 2694 2472 (hemi
2727 2434 2804 2472 est

1678 2490 2051 2598 conjquiqntur·
2066 2487 2248 2536 foedere
2280 2497 2333 2536 et
2367 2487 2680 2538 matrimonio
2709 2489 2800 2536 AE-

1679 2566 1786 2599 neae
1807 2565 1834 2598 e
1923 2565 2111 2599 sviniae.

1744 2616 2032 2663 319—322.
2091 2618 2284 2664 Bellona
2319 2619 2544 2678 pronuba,
2587 2615 2805 2680 graviter

1680 2678 1864 2731 dictum
1887 2679 1930 2727 si
1953 2695 1980 2728 e
2001 2680 2213 2728 Junonis
2237 2695 2448 2756 persona
2467 2680 2674 2747 proferri
2695 2695 2802 2729 me-

1681 2743 1911 2800 minei-in
1948 2759 2061 2792 nam
2092 2758 2292 2809 proprie
2323 2747 2445 2794 Iuno
2470 2749 2680 2808 pronuba
2711 2753 2802 2794 est.

1685 2809 1801 2858 Non
1847 2805 2180 2858 tantummodo
2225 2809 2448 2868 Hecuba,
2495 2813 2643 2859 Cissei·
2683 2809 2801 2869 filia,

1671 2871 1783 2935 face
1809 2889 2073 2936 pra-gnam,
2113 2889 2224 2921 cum
2261 2873 2418 2922 facem
2461 2883 2600 2923 utero
2631 2889 2805 2938 gerere

1683 2936 1948 2986 somniaret
1981 2937 2064 2999 (cf.
2089 2937 2174 2986 ins.
2198 2953 2246 2994 x,
2272 2939 2382 2996 704,
2408 2939 2544 3000 705,)
2577 2943 2714 2988 enim
2734 2946 2806 2986 est

1683 3004 1812 3063 ignes
1839 3001 2043 3064 jugam,
2080 3003 2372 3066 conjugales,
2409 3003 2602 3068 peperit
2633 3002 2804 3052 maui-

1683 3065 1849 3113 monio
1886 3065 2042 3114 filium
2079 3065 2162 3128 qui
2206 3065 2341 3115 Asiae
2379 3066 2660 3116 incendium
2699 3075 2808 3115 erat

1683 3130 1907 3187 futui-1183
1949 3145 2120 3180 verum
2149 3128 2299 3178 simili
2328 3131 2474 3179 modo
2510 3131 2665 3180 facem
2701 3131 2806 3179 edi-

1686 3194 1814 3243 disse
1848 3204 1990 3258 partu
2013 3194 2254 3243 credenda
2275 3194 2370 3243 erit
2402 3197 2598 3251 Venus:
2633 3194 2808 3244 simili·

1675 3258 1814 3321 -ignis
1847 3259 1941 3306 erit
1965 3258 2145 3306 Veneri
2175 3258 2306 3308 filius
2327 3275 2445 3308 suus
2467 3261 2668 3318 AEneas,
2693 3260 2805 3322 (ex-

1684 3323 1924 3386 quisitius,
1959 3327 2070 3385 quin
2101 3326 2220 3371 idem
2259 3325 2422 3372 Veneri
2447 3333 2616 3387 pare-u
2650 3326 2808 3384 eune.)

1685 3397 1736 3435 et
1772 3388 1866 3436 erit
1904 3387 1988 3436 ille
2023 3391 2144 3436 alter
2178 3390 2334 3446 Paris,
2373 3399 2424 3437 et
2455 3398 2604 3437 erunt
2641 3393 2808 3437 {term

1670 3450 1874 3514 funestet
1911 3456 2042 3501 taedae
2073 3457 2124 3500 in
2155 3455 2385 3516 Perga-ma
2421 3456 2640 3512 recidiua,
2675 3455 2724 3501 h.
2759 3467 2806 3501 e.

1684 3531 1812 3564 nova
1845 3517 1947 3564 haec
1987 3518 2148 3580 Troja‚
2183 3533 2271 3566 seu
2308 3517 2535 3567 restituta
2569 3518 2806 3581 Trojano-

1684 3597 1793 3629 rum
1819 3580 2028 3640 fortuna,
2061 3582 2240 3630 iterum
2263 3582 2547 3647 experietur
2579 3592 2806 3646 tanquam

1684 3645 1891 3694 alterum
1919 3645 2122 3694 Iliacum
2144 3646 2402 3696 excidium.
2447 3650 2672 3695 Recidivo
2689 3649 2806 3695 Per-

1680 3727 1848 3772 gama.-
1889 3710 1949 3758 cf.
1992 3711 2054 3758 ad
2093 3710 2158 3769 iv,
2203 3713 2311 3759 344.
2379 3712 2596 3760 Multum
2639 3707 2810 3774 tragici

1687 3775 1888 3839 spiritus
1909 3774 2023 3822 huic
2045 3775 2152 3822 loco
2173 3775 2314 3824 inest.

1755 3841 1849 3886 323
1867 3855 1967 3902 sqq.
2004 3839 2236 3902 Sequitur
2255 3839 2392 3888 locus
2413 3839 2474 3888 de
2490 3841 2685 3897 Allecto,
2705 3838 2806 3887 Fu-

1685 3904 1868 3952 riarum
1893 3919 2002 3961 uns,
2028 3919 2091 3951 ex
2122 3902 2292 3952 inferis
2315 3902 2526 3952 excitata
2544 3919 2574 3952 a
2594 3905 2627 3952 J
2631 3919 2810 3962 unone,

1687 3977 1739 4016 et
1757 3969 1960 4025 Amatae,
1983 3968 2148 4016 Latini
2167 3968 2324 4026 uxori,
2345 3983 2460 4016 mox
2479 3967 2670 4018 Latinis
2719 3983 2806 4016 uo-

1685 4048 1779 4094 quc
1817 4031 2274 4090 matribussamilias,
2311 4042 2414 4080 tum
2453 4033 2638 4090 Turno,
2675 3984 2809 4081 'zeu-

1685 4096 1782 4144 cris
1825 4113 2016 4160 quoque
2067 4107 2118 4145 et
2173 4097 2524 4160 Aboriginibus
2577 4097 2810 4154 immissa.

1685 4161 1880 4224 egregie
1910 4161 2106 4225 quidem
2139 4161 2224 4210 ille
2255 4171 2490 4210 uectatus
2513 4171 2564 4209 et
2595 4172 2812 4210 ornatus.

1689 4226 1854 4274 Poetae
1888 4242 1947 4274 ea
1975 4226 2028 4273 in
2060 4227 2152 4274 hoc
2185 4225 2394 4289 contigit
2423 4225 2644 4284 felicitas,
2683 4225 2815 4288 quod

1688 4305 1786 4338 non
1821 4291 1872 4338 in
1904 4291 2177 4353 allegoricis
2212 4290 2434 4355 personis
2469 4289 2565 4355 ipsi
2603 4289 2698 4338 suit
2729 4305 2814 4337 ac-

1687 4355 2048 4417 quiescendum.
2107 4357 2234 4404 Sunt
2269 4355 2400 4404 enim
2428 4354 2592 4402 Furiae
2626 4369 2690 4403 ex
2721 4370 2814 4418 po-

1689 4420 1814 4468 etica
1847 4436 1904 4467 nc
1926 4419 2137 4483 mythice
2160 4420 2382 4468 doctrina
2404 4434 2532 4470 verse
2557 4419 2662 4468 deae
2683 4419 2818 4482 ειμκί
