3050 4934
442 242 575 305 372

440 390 572 454 485

1329 230 1858 300 AENEIDOS

704 387 1031 452 Protenus
1063 384 1317 450 AEneas
1348 385 1546 448 celeri
1573 348 1827 447 certare
1857 382 2096 465 sagitta

616 488 877 565 Invitat,
908 484 1020 570 qui
1049 485 1217 550 forte
1248 484 1470 562 velint,
1500 494 1570 548 et
1599 483 1866 568 praemia
1893 480 2115 565 ponit;

617 588 1008 672 Ingentique
1037 608 1233 650 manu
1262 584 1499 649 malum
1528 584 1612 647 de
1643 604 1808 647 nave
1841 580 2090 645 Seresti

616 687 872 772 Erigit3
916 699 986 751 et
1014 686 1341 750 volucrem
1370 684 1648 769 trajecto
1678 683 1746 746 in
1775 680 1930 745 fune
1961 678 2346 752 columbam,

617 789 775 862 Quo
806 788 1080 851 tendant
1107 787 1375 861 ferrum,
1404 782 1573 848 malo
1605 781 1951 867 suspendit
1979 781 2062 843 ab
2093 777 2250 842 alto.

446 890 577 953 490
622 888 1003 953 Convenere
1030 887 1173 963 viri,
1206 885 1657 969 dejectamque
1691 904 1862 947 aerea
1891 890 2135 944 sortem

619 987 902 1073 Accepit
930 986 1153 1071 galea:
1200 996 1269 1050 et
1299 986 1545 1069 primus
1575 984 1853 1049 clamore
1885 980 2176 1045 secundo

621 1088 1007 1173 Hyrtacidoe
1037 1098 1188 1151 ante
1219 1107 1441 1149 omnes
1472 1086 1612 1149 exit
1638 1084 1819 1149 locus
1853 1078 2374 1165 Hippocoontis;

622 1190 841 1263 Quem
867 1177 1063 1254 modo
1093 1186 1303 1251 navali
1333 1185 1729 1250 Mnestheus
1759 1182 2108 1247 certamine
2137 1180 2346 1243 victor

623 1289 1088 1375 Consequitur,
1118 1288 1310 1351 viridi
1338 1285 1732 1351 Mnestheus
1762 1284 2054 1349 evinctus
2085 1279 2274 1344 oliva.

448 1392 580 1456 495
622 1390 893 1455 Tertius
926 1389 1275 1474 Eurytion,
1308 1399 1484 1464 tuuS,
1516 1409 1557 1451 o
1585 1385 1959 1459 clarissime,
1989 1382 2214 1456 frater,

624 1490 965 1569 Pandare3
1013 1492 1126 1575 qui
1153 1489 1504 1574 quondam,
1526 1488 1754 1572 jussus
1784 1483 2185 1550 confundere
2214 1478 2457 1554 foedus,

624 1592 704 1655 In
732 1592 979 1656 medios
1010 1589 1211 1656 telum
1239 1589 1488 1655 torsisti
1517 1588 1765 1671 primus
1794 1583 2110 1649 Achivos·

628 1692 986 1757 Extremus
1018 1690 1335 1775 galeaque
1366 1690 1494 1753 ima
1525 1686 1808 1752 subsidit
1836 1682 2117 1749 Acestes
2143 1709 2160 1758 ς

626 1790 855 1857 Ausus
888 1802 956 1857 et
984 1793 1126 1877 ipse
1158 1812 1354 1855 manu
1372 1792 1690 1873 juvenum
1716 1797 1969 1851 tentare
1999 1783 2314 1847 laborem.

453 1892 583 1957 500
628 1891 805 1957 Tum
832 1891 1061 1956 validis
1091 1891 1300 1954 flexos
1332 1892 1672 1953 incurvant
1697 1888 1941 1951 viribus
1983 1906 2173 1949 arcus

628 1992 767 2056 Pro
794 2014 865 2055 se
895 1992 1174 2075 quisque
1206 1990 1347 2067 viri,
1380 1999 1448 2053 et
1476 1990 1873 2072 depromunt
1899 1984 2033 2051 tela
2061 1982 2410 2069 pharetris.

629 2090 979 2175 Primaque
1010 2112 1133 2175 per
1162 2089 1397 2155 coelum
1425 2110 1629 2153 nervo
1659 2087 1976 2151 stridente
2005 2085 2244 2168 sagitta

629 2190 1017 2275 Hyrtacidae
1034 2190 1293 2274 juvenis
1325 2187 1622 2253 volucres
1654 2188 2026 2252 diverberat
2053 2206 2286 2260 auras;

630 2290 724 2355 Et
753 2290 952 2367 venit,
984 2290 1371 2373 adversique
1400 2288 1694 2373 infigitur
1724 2289 1958 2352 arbore
1989 2284 2158 2349 mali.

456 2393 583 2458 505
628 2391 975 2457 Intremuit
1004 2388 1235 2466 malm,
1268 2389 1610 2472 timuitque
1641 2389 1956 2453 exterrita
1985 2387 2216 2470 pennis

592 2484 597 2489 ’
630 2490 817 2569 Ales,
849 2500 917 2556 et
944 2490 1193 2575 ingenti
1224 2500 1584 2554 sonuerunt
1615 2491 1828 2553 omnia
1855 2486 2112 2572 plausu.

589 2640 595 2647 .
629 2592 795 2657 Post
824 2614 975 2657 acer
1006 2576 1401 2655 Mnestheus
1432 2591 1720 2654 adducto
1750 2590 2041 2654 constitit
2069 2610 2250 2665 arcu,

591 2709 605 2776 ¹¹.
630 2691 790 2756 Alta
818 2702 1074 2776 petens,
1104 2692 1480 2776 pariterque
1514 2689 1736 2755 oculos
1769 2689 2096 2773 telumque
2131 2688 2432 2753 tetendit.

598 2793 611 2837 ἲ
634 2792 769 2857 Ast
794 2794 1005 2877 ipsam
1032 2791 1442 2856 miserandus
1474 2812 1658 2855 avem
1686 2791 2063 2875 contingere
2093 2789 2268 2855 ferro

458 2896 589 2960 510
632 2894 790 2958 Non
821 2892 1057 2969 valuit3
1104 2892 1312 2956 nodos
1341 2902 1411 2956 et
1441 2890 1697 2956 vincula
1725 2890 1896 2955 linea
1925 2892 2129 2975 rupit,

632 2994 843 3067 Queis
872 2994 1112 3058 innexa
1140 2993 1378 3076 pedem
1407 2991 1576 3056 malo
1601 2992 1938 3077 pendebat
1968 2992 2051 3056 ab
2084 2990 2252 3055 alto:

456 3176 631 3227 fuerit:
674 3182 861 3233 ornate,
894 3174 982 3224 sed
1012 3175 1169 3224 multo
1200 3175 1355 3239 magis
1388 3192 1447 3225 ea
1477 3192 1587 3239 quae

1714 3177 1990 3226 496—499.
2025 3178 2256 3233 Pandare,
2282 3173 2423 3222 Iliad.
2447 3175 2489 3231 δ,
2515 3174 2622 3221 104.
2661 3176 2783 3223 Gon-

454 3247 743 3303 aequuntur.
818 3241 966 3287 Illisit
1017 3249 1201 3298 eentum,
1250 3254 1339 3289 seu
1387 3256 1586 3288 manum
1636 3238 1839 3302 sundere
1848 3240 2024 3302 foedas,
2043 3241 2251 3296 turbare,
2275 3238 2441 3287 vocab.
2463 3252 2631 3301 propr.
2657 3254 2784 3298 συγ-

456 3312 597 3353 cestu
632 3302 888 3363 munitam,
933 3302 1136 3351 ossibus.
1201 3306 1440 3353 Meliorem
1478 3308 1583 3353 am'-
1650 3302 1799 3366 χέειν,
1840 3314 1898 3352 ut
1939 3304 2045 3368 ipse
2084 3304 2232 3351 Hom.
2271 3301 2301 3350 l.
2354 3302 2395 3349 c'.
2428 3317 2472 3350 v.
2511 3302 2623 3358 269,
2680 3301 2792 3349 ἐπεὶ

458 3384 593 3425 mm,
626 3366 879 3431 aptiorem.
938 3367 1155 3415 Ductum
1189 3369 1251 3417 ab
1282 3368 1441 3417 hostia
1473 3383 1584 3416 suc·

460 3430 689 3480 cedanea.
769 3432 866 3479 Hic
909 3434 1306 3493 victor—repono
1323 3450 1339 3478 .-
1397 3446 1427 3479 a
1472 3440 1589 3479 noto

460 3494 997 3607 msffizss‘ffl
1009 3494 1576 3622 ..esum

466 3620 606 3670 Iliad.
649 3625 699 3687 ψ,
742 3624 835 3669 850
876 3638 933 3684 sq
964 3642 1007 3678 .;
1062 3622 1150 3671 sed
1192 3622 1401 3671 variavit
1438 3621 1593 3670 multa

462 3684 715 3759 Virgilius.
772 3687 920 3733 Manu
1030 3686 1063 3733 1.
1092 3686 1419 3735 multitudine.
1478 3686 1590 3733 Nisi

461 3748 604 3797 malis
646 3747 866 3813 accipere
914 3748 1113 3805 dictum,
1160 3759 1215 3797 ut
1256 3750 1319 3797 de
1362 3749 1592 3798 heroibus

464 3811 611 3885 nolet,-
624 3829 792 3875 magna
822 3826 973 3869 mauu,
997 3812 1123 3874 χειρὶ
1151 3812 1357 3887 παχείῃ..
1403 3816 1590 3871 Seresti,

464 3890 571 4009 33¹1·
579 3876 714 4003 ‚212¹
725 3874 963 4001 axj-3:2¹5
972 3876 1027 3987 ,Ξ
1030 3890 1171 3999 2⁸3,
1172 3884 1591 4002 ‘amasa

462 4010 739 4051 transverse
760 4002 1153 4066 circumplicatur
1174 4002 1422 4052 columbae.

528 4068 802 4115 491—494.
846 4066 1034 4114 Primus
1072 4069 1194 4115 locus
1229 4066 1478 4131 eleganter
1502 4082 1595 4131 pro

461 4130 623 4195 prima
640 4140 792 4186 sorte3
818 4140 870 4178 et
890 4130 1173 4178 acclamatio
1192 4130 1474 4188 faventium,
1494 4134 1590 4178 cla-

461 4210 557 4241 mor
569 4196 791 4242 secundus
801 4213 819 4248 ,·
836 4202 887 4241 et
899 4198 994 4241 exit
1011 4210 1130 4253 sors,
1143 4193 1337 4257 ἐξέθορε,
1357 4194 1589 4257 ἑξόρουσε.

468 4258 640 4314 Ποίαν,
688 4260 902 4305 secundo
944 4257 1077 4306 loco:
1115 4274 1173 4307 su
1208 4293 1220 4306 .
1265 4260 1375 4306 258.
1446 4258 1592 4313 Quod

460 4323 665 4369 evinctus
699 4336 861 4369 comas
900 4323 1020 4370 oliva
1064 4331 1142 4371 est
1239 4324 1487 4379 nestheus,
1529 4322 1590 4371 ad

463 4382 668 4431 eandem
690 4383 940 4433 victoriam
964 4396 1166 4449 spectat.

1653 3366 1742 3417 σύν
1762 3370 1812 3428 ’γ’
1833 3367 1948 3430 ὅρκι’
1968 3366 2189 3429 ἔχωσαν.
2247 3368 2404 3415 Telum
2423 3368 2612 3413 torsisti.
2650 3365 2786 3413 Pau-

1653 3431 1800 3479 darus
1823 3430 2000 3479 emissa
2031 3430 2208 3492 sagitta
2234 3428 2519 3477 Menelaum
2550 3428 2786 3477 vulnera-

1654 3495 1738 3543 vit.
1793 3498 1956 3552 Manu,
1989 3494 2165 3557 sag-itta
2200 3508 2350 3541 manu
2386 3492 2590 3549 emissaz
2627 3508 2790 3554 quan-

1653 3557 1915 3621 doquidem
1949 3574 2122 3607 manus
2153 3573 2244 3621 pro
2271 3558 2381 3621 ipsa
2396 3571 2544 3619 opera
2566 3564 2618 3603 et
2635 3571 2795 3619 opere

1655 3637 1889 3670 manuum
1909 3621 2102 3669 dicitur.

1723 3687 1995 3733 501—606.
2030 3688 2126 3733 Pro
2159 3700 2206 3732 ee
2245 3686 2446 3745 quisque,
2475 3682 2578 3731 καθ’
2615 3682 2798 3731 ἑαυτὸν

1658 3748 1874 3806 ἕκαστος,
1894 3750 1942 3796 h.
1963 3764 2004 3797 e.
2023 3748 2089 3797 εἷς
2105 3746 2309 3807 δύναμιν.
2347 3747 2428 3795 Sic
2447 3745 2587 3794 Iliad.
2607 3764 2652 3804 α,
2674 3746 2792 3804 272,

1659 3813 1736 3861 καὶ
1753 3810 1980 3873 μαχόμην
1995 3812 2100 3860 κατ’
2117 3811 2188 3871 ἔμ’
2207 3810 2364 3859 αὐτόν.
2423 3812 2600 3857 Tt'mm‘t
2607 3815 2793 3871 pennis,

1657 3892 1750 3941 pro
1766 3876 1970 3939 vulgari,
1995 3876 2195 3924 tremuit
2211 3875 2316 3931 alis,
2339 3876 2389 3922 h.
2409 3890 2450 3923 e.
2469 3873 2667 3937 plausit,
2688 3884 2790 3923 tre-

1657 3940 1845 4004 pidavit
1881 3956 1988 4004 prae
2017 3950 2165 3987 metu.
2225 3938 2428 3986 Dictum
2457 3938 2593 3995 adeo,
2617 3936 2790 3994 utsin-

1658 4020 1844 4065 crepare
1875 4007 2074 4061 verbere,
2106 4002 2350 4065 obiurgare
2386 4005 2582 4057 brachio,
2597 4006 2790 4064 flagris.

1659 4068 1879 4115 Tenuius
1922 4067 2106 4115 dictum
2151 4066 2339 4122 fuisset,
2385 4068 2570 4124 tremuit
2605 4070 2792 4126 pennis.

1659 4130 1814 4179 Totus
1827 4132 1961 4179 locus
1979 4130 2196 4179 resonuit
2211 4133 2388 4192 ingentu·
2401 4133 2582 4191 plausu,
2599 4129 2794 4178 alarum

1657 4196 1892 4243 columba!
1930 4195 2075 4243 debet
2109 4193 2330 4257 intelligi.
2389 4194 2610 4241 Tenuius
2641 4206 2792 4251 esset.

1657 4260 1696 4307 si
1723 4260 1783 4306 de
1806 4259 1979 4323 plausu
2001 4259 2170 4323 populi
2192 4258 2413 4322 accipere
2433 4256 2619 4305 malles.

1723 4322 1992 4372 507-511,
2029 4327 2152 4370 Acer
2173 4332 2248 4370 est
2278 4322 2530 4387 epitheton
2551 4336 2736 4370 ornans
2759 4338 2792 4370 a

1657 4386 1836 4433 virtute
1871 4386 2070 4434 omnino
2105 4386 2340 4450 petitum:
2376 4385 2435 4435 cf.
2461 4401 2565 4449 sup.
2593 4385 2626 4445 i,
2654 4388 2712 4433 14
2737 4398 2792 4435 et
