3050 4934
1303 243 1976 309 GEORGICON

661 395 921 459 Scilicet
948 406 1015 459 et
1046 405 1303 479 tempus
1334 396 1572 472 veniet,
1603 417 1804 479 quum
1831 395 2074 459 finibus
2103 394 2229 457 illis

657 495 991 581 Agricola,
1019 498 1288 561 incurvo
1318 508 1560 561 terram
1588 497 1847 561 molitus
1877 507 2120 572 aratr0,

460 598 613 663 ‚495
660 598 885 663 Exesa
914 599 1197 663 inveniet
1226 600 1460 663 scabra
1488 599 1782 681 robigine
1811 598 1966 683 pila,

654 697 796 763 Aut
825 700 1131 783 gravibus
1153 701 1391 780 ‘rastris
1420 696 1640 783 galeas
1673 698 1960 782 pulsabit
1989 700 2238 773 inance,

656 801 1083 884 Grandiaque
1114 800 1372 865 effossis
1402 801 1741 864 mirabitur
1771 823 1922 864 ossa
1952 799 2337 884 sepulchris,

656 900 751 964 Di
780 902 973 985 patrii
1000 900 1357 984 IndigeteS,
1390 911 1459 965 et
1488 899 1794 975 Romule,
1820 900 2159 983 Vestaque
2187 908 2432 975 mater,

654 1002 827 1074 Quae
856 1000 1151 1065 Tuscum
1180 1000 1475 1065 Tiberim
1504 1011 1573 1064 et
1601 1000 1902 1063 Romana
1933 1000 2184 1064 Palatia
2213 1022 2458 1074 servaS,

480 1104 611 1187 500
654 1101 856 1167 Hunc
888 1102 1113 1195 saltem
1144 1124 1375 1166 everso
1393 1101 1702 1185 juvenem
1733 1122 2112 1165 succurrere
2143 1098 2336 1163 saeclo

652 1205 761 1269 Ne
792 1204 1175 1289 prohibete!
1223 1202 1399 1266 Satis
1421 1203 1560 1286 jam
1587 1202 1841 1285 pridem
1870 1202 2183 1285 sanguine
2213 1211 2440 1265 nostro

656 1305 1163 1369 Laomedonteae
1193 1304 1427 1368 luimus
1458 1302 1748 1386 perjuria
1776 1301 2024 1385 Trojae.

554 1406 570 1510 ξ’
650 1407 801 1472 «Iam
828 1408 1081 1491 pridem
1112 1406 1301 1470 nobis
1330 1404 1482 1469 coeli
1512 1414 1580 1468 te
1609 1406 1814 1487 regia,
1847 1403 2094 1480 Caesar,

479 1562 607 1674 5d5

545 1853 818 1903 493—497.
854 1852 1041 1900 Natum
1075 1851 1361 1914 plmntasma
1394 1864 1459 1897 ex
1491 1848 1598 1897 vul·

474 1917 609 1979 gari:
637 1917 829 1965 ossibus
846 1931 1083 1965 caesorum
1102 1916 1437 1963 Romanorum
1459 1928 1602 1975 agros

476 1989 749 2029 constratos
772 1996 891 2029 esse.
949 1983 1119 2027 Inanea
1151 1994 1248 2027 non
1274 1978 1483 2027 otiosum
1512 1993 1600 2040 ga-

474 2046 660 2093 learum
678 2044 945 2108 epitheton,
964 2058 1076 2091 cum
1093 2046 1301 2103 pulsabit
1315 2042 1598 2104 adjunctum

474 2109 564 2163 sit:
600 2108 721 2155 alias
742 2124 886 2155 cavas
912 2117 965 2155 et
984 2109 1046 2155 ab
1074 2106 1250 2155 effectu
1277 2114 1488 2155 sonantes
1518 2104 1595 2153 di·-

473 2180 604 2219 cunt.
686 2174 898 2219 Grandia
940 2188 1042 2219 ossa
1083 2171 1145 2218 ad
1188 2184 1495 2218 communem
1537 2168 1600 2217 de

470 2236 622 2283 vastis
640 2236 912 2299 priscorum
930 2235 1185 2283 hominum
1199 2244 1249 2281 et
1266 2236 1469 2281 heroum
1486 2250 1594 2281 cor-

472 2298 674 2363 poribus
718 2298 999 2362 opinionem
1044 2298 1275 2362 praeclare
1318 2297 1476 2347 dixit:
1535 2297 1595 2347 cf.

474 2362 587 2411 AEn.
612 2363 697 2420 xii,
728 2364 837 2420 899,
874 2364 984 2411 900.
1041 2365 1168 2411 Cum
1194 2362 1246 2410 in
1274 2362 1385 2411 istis
1411 2361 1598 2426 proeliis

470 2426 721 2476 fortissimi
745 2428 968 2475 homines
990 2427 1296 2485 cecidissent,
1320 2426 1596 2491 posteritas,

470 2507 578 2553 quae
610 2502 841 2556 corrupto
878 2492 991 2540 huic
1038 2503 1087 2541 et
1128 2492 1271 2540 decre
1308 2492 1377 2539 ito
1416 2491 1595 2539 saeculo

468 2571 753 2604 successura
784 2565 873 2615 est,
895 2556 1066 2605 eodem
1099 2556 1245 2603 modo
1310 2572 1449 2604 orum
1485 2571 1596 2603 ossa

468 2620 740 2675 mirabitur,
780 2630 834 2668 ut
878 2636 967 2669 nos
1012 2621 1281 2685 priscorum
1324 2619 1592 2668 hominum.

470 2684 659 2731 Debuit
678 2694 844 2732 autem
866 2685 972 2743 hoc,
1000 2688 1103 2747 ⁸iam
1145 2684 1367 2732 Maronis
1404 2692 1591 2747 tempo-

468 2747 617 2805 ribus,
637 2763 767 2811 saepe
785 2748 1083 2811 contingere,
1106 2757 1161 2797 ut
1178 2758 1308 2797 terra
1322 2757 1465 2797 eruta
1483 2763 1591 2796 ara-

470 2819 601 2858 tores
636 2811 686 2857 in
720 2828 897 2875 magna
932 2829 1043 2861 ossa
1068 2812 1253 2861 fossilia
1287 2812 1592 2867 inciderent3

470 2890 591 2935 quse,
618 2890 731 2922 cum
775 2876 1044 2925 belluarum
1086 2893 1149 2925 ex
1192 2876 1367 2941 priscis
1407 2876 1596 2925 telluris

467 2937 625 2987 ruinis
659 2949 837 2996 essent,
872 2941 934 2987 ad
959 2940 1147 3005 priscos
1180 2952 1344 2990 tamen
1370 2941 1594 2988 homines

468 3016 524 3049 ac
542 3002 766 3065 gigantes
781 3004 1094 3052 referrentur.
1140 3006 1367 3053 Debuere
1386 3020 1591 3067 quoque,

468 3077 581 3141 post
614 3076 749 3115 tanta
784 3068 940 3115 Italiae
965 3068 1105 3123 bella,
1131 3082 1259 3131 saepe
1290 3068 1421 3131 agris
1448 3068 1593 3116 motis

467 3144 519 3177 in
546 3131 653 3177 loca
682 3146 957 3194 pugnarum
986 3131 1222 3179 factarum
1256 3132 1473 3180 incidere
1500 3133 1590 3181 ho-

466 3193 534 3239 mi
539 3209 639 3249 nen,
652 3204 702 3241 et
710 3210 819 3242 ossa
827 3210 939 3242 cum
948 3194 1097 3243 armis
1106 3195 1349 3259 permixta
1360 3195 1590 3269 reperire.

532 3258 643 3305 498.
680 3258 749 3303 Di
764 3262 915 3317 patrii
936 3271 988 3305 et
1011 3260 1243 3319 Indigetes
1275 3259 1336 3306 ab
1362 3258 1471 3307 aliis
1500 3274 1592 3322 pro

364 3370 369 3375 ,
466 3320 655 3375 iisdem,
698 3323 759 3369 ab
802 3321 912 3369 aliis
954 3336 1046 3386 pro
1086 3321 1291 3371 diversis
1335 3322 1590 3371 habentur.

468 3386 538 3432 Di
553 3387 787 3447 Inda'getes
802 3393 921 3433 sunt
937 3386 1171 3447 ἐγχόριοι.
1228 3386 1308 3433 Ex
1326 3386 1387 3434 iis
1407 3386 1593 3435 AEneas

468 3457 599 3497 erat:
636 3448 733 3497 vid.
770 3448 877 3497 Liv.
914 3449 946 3507 i,
982 3450 1013 3497 2
1048 3460 1171 3497 extr.
1232 3449 1371 3497 l’dem
1406 3449 1593 3498 AEneas

466 3516 571 3561 deos
582 3517 763 3575 patrios
784 3528 874 3562 seu
890 3516 1088 3562 Penates
1109 3529 1138 3562 a
1155 3514 1303 3575 Troja
1322 3514 1375 3561 in
1393 3513 1592 3562 Latium

468 3578 746 3626 advexerat.

532 3644 642 3699 500,
668 3644 777 3691 501.
814 3644 1043 3701 Jwenem,
1071 3652 1129 3691 ut
1164 3643 1267 3691 Ecl.
1301 3643 1334 3701 i,
1368 3644 1449 3699 48,
1486 3643 1590 3691 Ro-

464 3705 596 3753 mani
628 3706 867 3755 sermonis
890 3716 1007 3756 noto
1028 3724 1119 3757 usu
1142 3708 1358 3771 appellat
1388 3708 1588 3755 Octavi-

464 3784 612 3818 anum
649 3772 907 3829 cesarem,
942 3780 1045 3819 tum
1074 3770 1205 3819 circa
1238 3770 1373 3819 xxvii
1406 3786 1592 3819 annum

464 3843 705 3896 agentem.
765 3836 906 3883 Saeelo
940 3835 1020 3895 (ut
1049 3850 1094 3881 v.
1120 3834 1241 3895 468)
1264 3850 1415 3883 everso
1446 3834 1588 3891 dixit,

464 3898 594 3959 quod
612 3898 663 3945 in
689 3914 846 3962 prosa,
870 3900 1016 3947 rebus
1041 3897 1247 3961 perditis
1276 3912 1586 3954 succurrere;

464 3970 521 4009 ut
554 3978 755 4011 eversum
794 3966 1034 4024 imperium
1068 3978 1160 4026 pro
1194 3962 1497 4019 labefactam,
1527 3962 1591 4011 ad

464 4023 718 4073 interitum
750 4038 935 4075 ruente.
992 4028 1235 4075 Ceterum
1271 4026 1505 4075 nonnulla
1535 4026 1592 4075 in

464 4090 779 4149 sequentibus
800 4100 929 4149 sunt,
946 4106 1055 4153 quae
1074 4091 1199 4139 forte
1223 4090 1459 4139 Romanis
1482 4107 1586 4139 ma-

462 4150 540 4261 gis
572 4153 767 4215 probari
806 4165 1087 4217 potuerunt,
1124 4170 1153 4203 a
1192 4155 1333 4203 nobis
1364 4156 1586 4205 excusari

482 4223 587 4262 orte
622 4216 741 4273 satis
781 4228 881 4273 est;
930 4220 1022 4267 etsi
1059 4220 1304 4267 declarare
1342 4218 1584 4279 videntur,

457 4281 561 4341 Jam
585 4288 687 4327 tum
712 4290 871 4343 poetae
902 4284 1066 4332 animo
1090 4282 1329 4332 insedisse
1361 4283 1587 4335 AEneidis

460 4353 815 4404 argumentum,
864 4355 920 4393 ut
958 4362 987 4394 a
1031 4348 1257 4410 Trojanis
1300 4349 1445 4397 rebus
1488 4350 1586 4399 fata

462 4407 795 4456 Romanorum
818 4417 929 4473 apta
952 4420 1001 4457 et
1022 4426 1151 4459 nexa
1174 4413 1367 4460 faceret.

552 1515 561 1538 '
651 1507 929 1585 Invidet,
964 1518 1160 1592 atque
1190 1505 1521 1570 hominum
1549 1507 1848 1590 queritur
1877 1526 2108 1569 curare
2140 1504 2502 1589 triumphos
2521 1530 2540 1569 z

648 1610 921 1713 Quippe
952 1609 1067 1672 ubi
1096 1608 1195 1672 fas
1226 1628 1485 1671 versum
1516 1617 1712 1691 atque
1742 1605 1962 1685 nefas;
1994 1615 2093 1671 tot
2121 1604 2292 1671 bella
2320 1628 2440 1690 per
2470 1609 2719 1684 orbem,

1733 1850 1842 1897 502.
1877 1850 2196 1897 Laomedontis
2226 1856 2360 1896 certe
2393 1847 2608 1909 perjuria
2639 1845 2791 1896 nimis

1665 1913 1810 1976 longe
1832 1912 1986 1978 petita
2009 1912 2162 1961 videri
2195 1921 2428 1976 possunt3
2463 1927 2555 1959 nec
2585 1921 2788 1961 senten-

1668 1977 1845 2025 tiarum
1868 1978 2128 2027 admodum
2154 1974 2436 2024 commodus
2466 1984 2518 2023 et
2551 1976 2791 2025 naturalis

1663 2042 1781 2089 ordo
1804 2052 1855 2089 et
1873 2044 2106 2103 junctura
2127 2056 2249 2090 esse.
2306 2040 2492 2089 Verum
2515 2040 2578 2088 de
2601 2041 2788 2090 Roma-

1663 2120 1838 2154 norum
1877 2121 2026 2155 sensu
2069 2105 2384 2167 quaerendum
2424 2116 2542 2161 erat,
2584 2120 2682 2153 non
2724 2105 2791 2153 de

1664 2180 1844 2217 nostro.
1913 2169 2112 2218 Scilicet
2143 2184 2320 2231 magna
2351 2167 2514 2231 aliqua
2537 2168 2793 2218 calamitas

1662 2250 1760 2281 non
1783 2233 1879 2281 nisi
1901 2234 2104 2282 deorum
2125 2233 2213 2281 iris
2241 2230 2441 2280 immitti
2538 2242 2660 2281 test:
2695 2249 2788 2281 ex-

1661 2314 1824 2347 arsere
1857 2298 1957 2347 iuae
1989 2312 2166 2360 magno
2200 2296 2364 2359 aliquo
2393 2312 2474 2345 sce
2493 2312 2576 2345 ere
2615 2312 2671 2345 ac
2705 2297 2788 2361 pi-

1661 2362 1800 2411 aculo
1843 2361 2114 2411 commisso.
2199 2362 2280 2409 Ita
2329 2360 2458 2409 bella
2499 2360 2664 2409 civilia
2703 2376 2788 2409 re-

1661 2427 1885 2475 feruntur
1928 2425 1991 2475 ad
2034 2428 2271 2489 majorum
2315 2440 2547 2489 mag-num
2590 2425 2794 2488 aliquod

1660 2490 1799 2551 ἄγω-ε
1825 2492 1886 2539 ab
1911 2492 2122 2539 Horatio
2147 2491 2209 2538 ad
2230 2489 2546 2554 parricidium
2569 2490 2788 2549 Romuli,

1661 2554 1817 2619 Epod.
1842 2555 1925 2612 vii,
1955 2554 2041 2605 17:
2078 2571 2109 2603 a
2131 2554 2341 2617 Virgilio
2361 2554 2424 2603 ad
2444 2554 2785 2620 Trojanorum,

1659 2618 1744 2682 qui
1779 2619 1942 2682 gentis
1966 2620 2202 2668 Romanae
2227 2626 2452 2667 auctores
2479 2618 2630 2675 fuere,
2663 2618 2786 2667 faci-

1659 2699 1793 2731 nora,
1838 2683 1952 2731 Jam
1970 2700 2146 2747 porro:
2183 2683 2420 2731 bellorum
2437 2682 2654 2730 civilium
2675 2698 2786 2731 sce-

1659 2748 1764 2795 lera
1799 2764 1980 2796 novum
2003 2757 2118 2796 sunt
2152 2746 2283 2807 ᾰγος,
2310 2762 2492 2795 novum
2519 2746 2784 2821 piacidum,

1660 2828 1755 2874 quo
1777 2812 1994 2860 obstricti
2027 2811 2252 2860 homines
2286 2810 2489 2860 deorum
2521 2826 2620 2860 iras
2647 2810 2700 2859 in
2731 2828 2786 2861 se

1659 2886 1937 2939 provocant.
1975 2876 2163 2924 Verum
2181 2884 2347 2923 reatus
2369 2874 2451 2923 ille
2470 2875 2594 2923 solvi
2613 2875 2788 2937 nequit

1659 2939 1756 2987 nisi
1793 2940 1943 2989 certis
1977 2939 2153 2988 ritibus
2181 2948 2232 2988 et
2257 2939 2408 2988 sacris
2437 2939 2784 3003 piacularibus,

1659 3020 1758 3051 non
1791 3004 1886 3053 nisi
1908 3005 1970 3053 ab
1990 3003 2189 3053 homine
2222 3018 2348 3067 puro
2369 3020 2426 3051 ac
2447 3013 2616 3053 sancto
2643 3012 2730 3053 aut
2754 3021 2787 3054 a

1658 3067 1751 3116 deo
1773 3067 1934 3131 aliquo
1961 3068 2216 3117 curandis:
2251 3067 2332 3116 hic
2355 3077 2461 3115 erat
2482 3068 2786 3119 Octavianus

1659 3132 1836 3191 Caesar,
1861 3132 1946 3196 qui
1977 3148 2082 3208 rem
2119 3132 2329 3181 ublicam
2361 3147 2490 3181 unus
2522 3132 2784 3182 restituere

1655 3206 1859 3309 ἲῗῖῖἒῐ
1883 3198 2511 3311 23132123523133333
2537 3197 2784 3311 ὶῗῖυέἑῗὲ

1658 3325 1874 3374 animum
1905 3325 1948 3373 si
1969 3325 2212 3383 habueris,
2235 3324 2377 3373 facile
2413 3324 2646 3389 expedies
2675 3325 2780 3374 sin-

1654 3388 1798 3449 gula:
1837 3389 2087 3447 Permitte,
2123 3388 2206 3446 dii,
2239 3398 2295 3437 ut
2325 3390 2490 3437 Caesar
2511 3389 2781 3452 rempubli-

1656 3467 1764 3499 cam
1793 3452 2033 3511 restituat,
2059 3462 2109 3501 et
2135 3452 2248 3501 belli
2281 3452 2440 3502 civilis
2471 3452 2660 3501 scelera
2691 3469 2780 3502 ex-

1657 3514 1773 3579 piet.
1841 3516 1972 3564 Satis
1991 3517 2228 3565 malorum
2249 3516 2440 3580 experti
2463 3532 2646 3565 sumus.
2699 3518 2784 3567 Ne

1655 3578 1798 3627 nobis
1829 3596 1941 3629 eum
1977 3580 2166 3643 eripite,
2195 3590 2426 3643 tanquam
2456 3596 2610 3629 unum
2641 3580 2783 3631 illum

1657 3642 1740 3706 qui
1762 3644 1956 3708 culpam
1980 3654 2196 3693 nostram
2219 3644 2420 3707 expiare
2440 3654 2615 3709 potest.
2656 3646 2782 3695 Hoec

1657 3708 1822 3756 omnia
1901 3708 2098 3757 lendide
2120 3708 2314 3757 ornavit
2333 3716 2384 3755 et
2406 3709 2737 3772 amplificavit.

1723 3774 1831 3820 503.
1949 3772 2238 3821 trahendum
2261 3780 2338 3819 est
2359 3772 2422 3820 ad
2439 3789 2484 3820 v.
2507 3774 2624 3821 5002
2649 3789 2782 3823 unus

1656 3845 1733 3884 est
1769 3838 1947 3895 Caesar,
1982 3836 2065 3900 qui
2104 3834 2453 3900 rempublicam
2493 3836 2780 3887 labefactam

1653 3898 1913 3949 restituere
1957 3910 2010 3947 et
2045 3900 2173 3949 mala
2215 3901 2398 3957 tollere,
2433 3900 2636 3949 deorum
2679 3901 2782 3952 iras

1654 3962 1848 4027 placare
1875 3973 2066 4028 potest:
2103 3973 2156 4012 at
2191 3964 2286 4021 hic,
2331 3964 2348 4013 i
2385 3979 2439 4013 se
2475 3964 2569 4013 diis
2603 3981 2694 4029 par
2729 3975 2782 4015 et

1655 4043 1770 4076 mox
1802 4027 1923 4077 deus
1957 4028 2162 4087 futurus,
2187 4044 2344 4093 ‘veren
2379 4044 2464 4077 um
2495 4038 2584 4086 est,
2619 4044 2684 4077 ne
2717 4030 2783 4079 ab

1653 4092 1743 4140 hac
1798 4092 2037 4141 scelerum
2080 4108 2172 4141 con
2259 4108 2285 4141 e
2329 4092 2597 4142 subductus
2639 4094 2784 4143 nobis

1654 4157 1916 4232 eripiatur:
1965 4158 2068 4206 fere
2106 4168 2163 4206 ut
2255 4172 2324 4205 or.
2360 4156 2377 4204 i
2412 4158 2573 4205 Carm.
2609 4159 2653 4215 2,
2697 4161 2778 4217 45,

1653 4237 1736 4283 qui
1767 4231 1898 4271 totus
1931 4221 2067 4271 locus
2099 4222 2215 4271 inde
2238 4238 2268 4269 a
2289 4236 2332 4269 v.
2358 4224 2420 4269 25
2456 4237 2548 4287 pro
2577 4223 2778 4272 aemula-

1655 4286 1786 4335 tione
1808 4288 1954 4349 liujus
1975 4286 2069 4335 loci
2097 4285 2375 4335 Maroniani
2399 4286 2568 4335 haberi
2602 4296 2781 4349 potest.

1719 4354 1988 4399 505—511.
2019 4352 2099 4399 Ad
2123 4365 2304 4399 annum
2324 4352 2386 4399 ab
2409 4350 2471 4398 U.
2484 4352 2539 4399 C.
2565 4350 2674 4408 71⁷,
2705 4352 2782 4401 M.

1651 4415 1876 4477 Agrippa
1910 4426 1960 4463 et
1995 4416 2051 4463 L.
2077 4416 2220 4464 Gallo
2240 4430 2361 4464 coss.
2387 4416 2492 4464 haec
2523 4425 2780 4479 spectant;
