3050 4934
501 249 590 314 32

1339 237 1987 307 BUCOLICON

564 399 681 447 Non
703 395 850 456 enim,
874 411 1024 460 quare
1047 394 1110 444 nd
1133 393 1337 460 Epicuri
1370 391 1681 458 potissimum
1710 389 1893 456 placita
1914 404 1959 440 v.
1984 389 2045 436 31
2068 401 2173 450 sqq.
2196 385 2419 444 referam,
2444 381 2601 432 video.
2670 379 2833 438 Quid,

559 477 692 541 quod
713 485 920 541 quantor
942 475 1198 534 elementa,
1222 490 1250 522 e
1273 473 1450 537 quibus
1481 471 1765 522 universum
1788 470 1857 519 ibi
1880 467 2194 525 construitur,
2218 481 2327 530 quoe
2356 465 2421 514 ad
2443 461 2835 529 Empedoclem

561 556 803 607 rationem
823 556 1088 620 pertinent,
1107 556 1168 602 ab
1189 553 1547 619 Epicureorum
1569 550 1793 617 principe
1814 548 2060 606 Lucretio,
2081 546 2114 606 i.
2136 545 2249 606 717,
2272 545 2616 609 exagitantur?
2656 543 2729 591 Et
2750 540 2833 589 ni-

563 637 685 686 titur
707 645 812 685 tota
837 636 898 684 de
921 633 1131 698 Virgilio
1163 633 1422 699 Epicureoe
1453 631 1776 697 philosophie
1806 638 2044 678 sectatore
2075 627 2239 676 fabula
2260 627 2357 675 fide
2381 622 2749 674 Pseudodonati
2784 630 2843 669 et

561 716 739 776 Servii,
774 725 860 764 aut
890 716 1056 780 potius
1087 714 1464 763 vanissimorum
1495 711 1751 762 homiuum
1784 711 1867 774 qui
1910 710 2111 759 nomina
2144 709 2241 758 ista
2280 716 2398 757 sunt
2428 704 2639 756 mentiti.
2710 702 2843 751 Fuit

559 806 728 846 autem
751 795 1090 859 antiquissima
1111 795 1274 858 aliqua
1295 793 1458 844 fabula
1486 793 1549 842 de
1580 791 1735 842 sileni
1758 789 2070 858 philosophia
2098 799 2151 838 et
2172 786 2579 838 reconditior-ibus
2600 785 2835 850 disputa·
2932 772 2943 778 ’

566 877 784 926 tionibus
805 892 956 941 super
977 884 1154 924 ustura
1171 885 1226 924 et
1245 875 1477 924 moribus.

498 959 625 1014 Quoe
654 957 718 1006 de
741 958 888 1015 Varo,
909 956 990 1005 cui
1021 957 1190 1019 ecloga
1221 954 1470 1040 iuscripta,
1496 969 1560 1002 ex
1587 953 1680 1001 hac
1711 961 1763 1001 et
1786 951 1891 1000 Ecl.
1914 949 1983 1011 ix,
2007 949 2050 999 si
2081 949 2225 998 modo
2252 947 2305 996 in
2337 956 2543 1010 umque
2575 945 2749 1008 ecloga
2774 943 2841 992 de

565 1038 740 1086 eodem
755 1037 888 1086 Varo
905 1037 1080 1100 agitur,
1097 1034 1259 1098 colligi
1277 1041 1496 1100 possunt,
1513 1034 1619 1082 hoec
1636 1041 1775 1081 sunt:
1800 1031 1952 1079 fuisse
1970 1029 2217 1078 homiuem
2236 1027 2433 1076 Maroni
2452 1024 2811 1074 unicissimum
2825 1043 2841 1080 ς

569 1117 734 1166 Musis
751 1127 946 1182 gratum
963 1127 1013 1165 et
1024 1115 1298 1180 jucundum
1319 1129 1498 1164 nomen
1515 1132 1531 1162 ι
1562 1127 1677 1162 eum
1692 1113 1841 1161 rebus
1858 1110 2048 1160 bellicis
2066 1110 2249 1158 clsrum
2268 1107 2443 1156 finisse:
2467 1105 2619 1154 fuisse
2638 1119 2845 1167 quoque

563 1197 779 1260 aliquam
797 1201 902 1262 ejus
919 1197 1128 1262 gratiam
1147 1213 1203 1246 se
1223 1195 1454 1245 meritum
1471 1194 1605 1259 apud
1626 1193 1939 1250 Mantuanos,
1959 1190 2013 1240 in
2033 1187 2340 1240 vindicandis
2354 1187 2419 1236 iis
2436 1202 2469 1236 a
2486 1195 2843 1236 veteranorum

570 1277 783 1344 injuriis.

681 1585 940 1666 PmMA
971 1600 1315 1685 Syracosio
1342 1599 1612 1683 dignata
1640 1609 1745 1662 est
1773 1596 2001 1661 ludere
2032 1617 2227 1660 versu

681 1701 957 1780 Nostra,
992 1724 1112 1767 nec
1143 1701 1408 1767 erubuit
1437 1698 1631 1766 silvas
1661 1698 1982 1774 habitare,
2014 1695 2272 1762 Thalia.

683 1803 913 1876 Quum
941 1824 1240 1868 canerem
1270 1823 1462 1885 reges
1493 1811 1562 1865 et
1591 1798 1845 1886 proelia,
1878 1798 2199 1885 Cynthius
2230 1820 2451 1862 aurem

683 1904 911 1982 vellit,
943 1915 1012 1969 et
1039 1904 1407 1968 admonuit:
1457 1901 1823 1980 Pastorem,
1855 1901 2109 1987 Tityre,
2140 1901 2420 1986 pingues

595 2009 644 2072 5
689 2006 971 2072 Pascere
1003 2015 1266 2090 oportet
1294 2027 1473 2082 ovea,
1505 2003 1865 2069 deductum
1894 2004 2115 2068 dicere
2145 2024 2428 2067 carmen.

686 2109 890 2174 Nunc
916 2130 1078 2194 ego;
1123 2130 1402 2192 namque
1431 2129 1635 2192 super
1664 2107 1780 2172 tibi
1810 2117 2004 2171 erunt
2031 2106 2143 2191 qui
2172 2105 2391 2172 dicere
2422 2104 2679 2183 laudes,

691 2209 896 2287 Vare,
925 2221 1073 2274 tuas
1101 2211 1394 2295 cupiant,
1423 2220 1493 2273 et
1519 2209 1733 2272 tristia
1760 2208 2043 2274 condere
2070 2206 2280 2286 bella3

689 2310 1047 2396 Agrestem
1076 2311 1258 2375 tenui
1285 2310 1653 2375 meditabor
1681 2311 1999 2375 arundine
2028 2331 2301 2374 musam.

692 2410 853 2475 Non
879 2412 1130 2496 injussa
1159 2433 1344 2476 cano·
1421 2411 1494 2475 Si
1523 2411 1669 2496 quis
1704 2421 1918 2476 tamen
1946 2410 2089 2476 haec
2118 2433 2407 2496 quoque,
2438 2412 2496 2476 si
2522 2411 2671 2495 quis

571 2515 651 2578 10
694 2512 946 2598 Captus
978 2535 1196 2577 amore
1225 2510 1439 2597 leget3
1486 2523 1552 2577 te
1583 2523 1848 2589 nostrae‚
1874 2511 2077 2590 Vare,
2109 2513 2395 2597 myricae,

693 2613 799 2678 Te
829 2634 1056 2678 nemus
1089 2635 1275 2678 omne
1307 2622 1535 2691 canet3
1580 2635 1703 2677 nec
1734 2611 1994 2678 Phoebo
2022 2614 2273 2696 gratior
2300 2612 2433 2678 ulla
2460 2625 2585 2692 est,

692 2714 918 2788 Quam
947 2715 1072 2780 sibi
1100 2737 1248 2800 quae
1278 2712 1445 2779 Vari
1472 2713 1877 2799 praescripsit
1906 2714 2145 2798 pagina
2169 2736 2427 2780 nomen.

595 2937 637 2983 1.
691 2937 1142 2998 Syracosio—versu,
1186 2932 1505 2982 'theom-item
1560 2933 1657 2982 vid.

529 2999 636 3048 Ecl.
681 2997 746 3055 iv,
789 3000 830 3046 1.
899 2999 1065 3047 Prima
1106 2996 1392 3060 intelligunt
1427 2997 1589 3060 vulg-o,
1631 3012 1659 3045 e

529 3062 796 3118 Romania
832 3077 859 3110 e
891 3062 1068 3125 quibus
1097 3077 1151 3110 se
1181 3061 1396 3126 primum
1425 3061 1488 3110 ad
1510 3070 1659 3110 tenue

527 3127 622 3176 hoc
641 3125 873 3175 carminis
947 3140 1040 3173 nus
1056 3123 1368 3174 descendisse
1383 3124 1655 3188 significet:

529 3199 586 3240 ut
619 3192 740 3239 Geo.
778 3189 830 3248 ii,
871 3192 896 3238 1
934 3191 978 3237 5.
1054 3190 1132 3238 Ita
1165 3188 1436 3253 accipiebat
1469 3204 1661 3252 quoque

531 3254 716 3330 Popius
741 3253 964 3302 Pastor.i
1017 3269 1055 3301 r.
1107 3253 1290 3302 Melius
1321 3252 1384 3300 de
1413 3261 1557 3301 aetate
1580 3269 1659 3302 sc-

529 3318 844 3440 32⁹3&
857 3316 956 3430 353„
995 3316 1353 3440 diffinffifii
1365 3316 1663 3430 “ffimbssn'ssssf

533 3447 737 3496 vocabat
759 3461 874 3494 eum
895 3397 1090 3510 Apoeli'o.
1211 3416 1226 3430 .
1283 3417 1298 3440 ³
1379 3398 1410 3444 q

600 3513 644 3558 2.
680 3513 832 3558 Silvas
860 3513 1086 3568 haume,
1110 3510 1172 3558 ad
1201 3525 1358 3573 genus
1387 3509 1664 3558 bucolicum

533 3575 769 3626 refertur:
805 3571 903 3623 vid.
932 3573 995 3623 ad
1026 3574 1131 3622 Eel.
1166 3573 1217 3623 iv
1246 3589 1320 3639 pr.
1359 3575 1526 3622 Thalia
1558 3589 1661 3621 om-

535 3639 654 3688 nino
671 3653 762 3704 pro
781 3639 930 3688 Musa
947 3637 1077 3687 dicta
1095 3637 1249 3688 videri
1265 3646 1454 3704 potest3
1491 3635 1585 3686 etsi
1608 3653 1668 3686 ea

533 3703 734 3770 proprie
777 3703 858 3752 hic
907 3711 1188 3760 memorata,
1233 3703 1348 3766 quis
1392 3702 1667 3752 bucolicum

536 3783 736 3818 carmen
773 3770 880 3830 ejus
915 3767 1034 3815 fidei
1067 3783 1124 3816 sc
1159 3767 1388 3831 prasidio
1424 3765 1667 3814 creditum

537 3833 822 3882 habebatur.

604 3899 648 3944 3.
693 3894 866 3944 Voluit
899 3893 1050 3958 igitur
1083 3895 1228 3942 Maro
1262 3893 1545 3942 adolescens
1580 3909 1665 3956 ag-

538 3959 678 4022 gredi
703 3959 868 4010 statim
895 3975 1028 4024 epos,
1053 3974 1183 4022 reges
1203 3966 1250 4006 et
1266 3961 1452 4020 proelia.
1495 3961 1670 4006 Aurem

539 4025 696 4078 velut,-
709 4033 874 4098 ‘notus
906 4021 1200 4073 admonendi
1221 4037 1340 4080 mos,
1366 4021 1450 4085 qui
1471 4021 1595 4070 adeo
1614 4020 1669 4070 in

541 4101 1174 4211 μῗωέεὲἷὲιὲωιοωτιω,
1197 4165 1261 4200 ex
1285 4150 1396 4225 ipsa
1417 4149 1670 4226 ‘sententis

544 4223 749 4280 apparet
784 4230 892 4263 esse
924 4225 1085 4275 tenue,
1119 4226 1177 4265 ut
1207 4223 1545 4280 pastormum3
1582 4231 1669 4280 op-

543 4277 760 4344 positum
788 4278 1034 4341 grandiori
1065 4280 1216 4344 epico.
1278 4281 1357 4328 Ita
1391 4287 1554 4328 tamen
1585 4279 1669 4328 ad-

539 4345 728 4406 jectum
757 4358 822 4391 ex
855 4351 1002 4401 ectes,
1043 4345 1178 4393 tenui
1213 4344 1310 4402 filo,
1349 4352 1406 4392 ut
1438 4359 1514 4408 ap.
1546 4344 1671 4392 Hor.

548 4407 643 4471 Ep.
674 4407 726 4466 ii,
755 4408 796 4466 1,
855 4409 932 4465 25,
967 4413 1093 4455 tenui
1123 4411 1320 4458 deducta
1346 4411 1672 4470 poematafllo.

1725 2933 1821 2982 Est
1842 2933 1973 2982 enim
1995 2931 2205 2996 petitum
2226 2932 2319 2981 hoc
2338 2949 2369 2980 a
2391 2933 2505 2982 lana
2524 2933 2579 2982 in
2600 2933 2741 2982 filum
2764 2935 2862 2986 de-

1722 2995 1882 3045 ducta.
1948 2997 2115 3046 Ausus
2144 2995 2295 3059 igitur
2326 3007 2402 3046 est
2430 3007 2577 3062 poeta
2608 3001 2869 3050 deductum

1722 3060 1944 3110 absolute
1964 3077 2056 3126 pro
2078 3060 2215 3110 tenui
2235 3076 2434 3125 ponere.

1788 3125 1835 3184 6,
1858 3123 1906 3176 7.
1936 3127 2027 3178 Qun·
2045 3127 2197 3173 dicere
2220 3127 2378 3174 laudes
2397 3133 2502 3175 tuas
2522 3129 2747 3190 cupiant,-
2770 3128 2870 3192 qui

1725 3204 1924 3238 carmen
1964 3189 2159 3253 epicum
2202 3189 2429 3238 condant.
2509 3190 2565 3239 M
2737 3208 2873 3242 vero

1725 3269 1839 3302 cum
1857 3261 2112 3302 venustate
2135 3268 2238 3302 rem
2261 3253 2324 3300 ad
2341 3253 2461 3302 Vari
2482 3254 2652 3303 laudes
2674 3255 2869 3314 trahit;

1726 3333 1785 3366 ac
1806 3317 1849 3366 si
1866 3318 1959 3366 hoc
1982 3316 2109 3381 epici
2126 3317 2357 3366 carminis
2374 3329 2719 3381 argumentum
2734 3336 2870 3368 con-

1726 3381 1949 3430 stitutum
1994 3381 2256 3430 habuisset.
2336 3381 2523 3430 Varum
2568 3393 2731 3432 sutem
2778 3399 2875 3434 res

1727 3445 1857 3494 bello
2005 3445 2017 3456 '
2138 3459 2339 3494 necesse
2376 3454 2466 3503 est,
2502 3455 2558 3495 ut
2590 3449 2699 3510 ejus
2738 3449 2877 3498 bell·

1726 3513 1875 3568 condi,
1898 3525 2095 3558 carmen
2114 3509 2177 3558 de
2199 3509 2262 3558 iis
2282 3509 2509 3574 componi
2530 3521 2713 3574 posset.

1796 3574 1827 3622 9
1845 3589 1946 3637 sqq.
1967 3576 2075 3622 Non
2096 3573 2275 3637 injussa
2295 3591 2419 3631 cano,
2438 3573 2527 3622 sed
2548 3577 2609 3623 ab
2622 3574 2875 3640 Apolline

1722 3639 1888 3700 jussa:
1917 3637 2070 3700 jussis
2090 3641 2297 3686 camina
2319 3645 2469 3700 empta
2491 3641 2599 3698 iuis,
2624 3639 2732 3690 1301.
2756 3640 2875 3701 viii,

1735 3704 1817 3750 11:
1862 3705 1989 3750 tenui
2020 3717 2080 3750 ea
2114 3701 2311 3765 quidem
2342 3701 2585 3760 carmine3
2628 3702 2673 3751 si
2709 3712 2877 3755 tmen

1730 3781 1830 3815 non
1862 3766 2123 3815 infeliciter
2154 3781 2187 3814 a
2216 3781 2295 3815 me
2332 3766 2579 3816 elaborata
2608 3778 2771 3828 erunt,
2808 3781 2878 3818 ut

1732 3830 1835 3878 sint
1872 3831 2048 3892 quibus
2090 3830 2331 3894 placeant,
2364 3831 2469 3880 haec
2511 3830 2620 3896 ipsa
2666 3847 2874 3898 quoque

1732 3893 1901 3942 laudes
1922 3903 2032 3942 tuas
2053 3894 2310 3942 ornabunt.

1803 3959 1877 4016 10,
1898 3958 1971 4005 11.
1997 3959 2415 4020 Myricae—nemus
2432 3975 2523 4024 pro
2540 3975 2655 4008 rure
2679 3969 2729 4008 et
2748 3976 2873 4025 paz-

1736 4021 1921 4070 toribus
1942 4021 2025 4084 qui
2058 4035 2255 4070 carmen
2279 4032 2537 4088 repetunt:
2574 4023 2634 4072 cf.
2660 4023 2723 4072 ad
2744 4039 2791 4074 v.
2821 4029 2875 4087 2,

1734 4095 1786 4134 et
1808 4086 1913 4134 Ecl-
1938 4086 2004 4144 ἰν,
2028 4087 2073 4134 2.

1804 4152 1879 4198 12.
1911 4153 2099 4226 Pagina
2128 4165 2261 4200 nunc
2291 4150 2505 4216 primum
2538 4167 2568 4200 a
2698 4161 2749 4202 ta
2777 4169 2881 4218 pro

1736 4215 1952 4264 carmine
1962 4216 2105 4274 dmta,
2115 4219 2352 4264 utclumae
2363 4215 2589 4273 Horatio,
2634 4232 2693 4264 oc
2704 4226 2873 4266 tamen

1740 4279 1892 4328 Ennii
1922 4279 2159 4344 exemplo.
2218 4279 2331 4327 Vox
2356 4295 2387 4327 a
2416 4280 2627 4344 pastoris
2654 4289 2875 4338 persons

1738 4343 1900 4393 aliena
1930 4343 2149 4393 adhiberi
2182 4344 2229 4391 h.
2254 4343 2285 4390 l.
2310 4341 2363 4390 in
2395 4343 2614 4392 bucolico
2648 4337 2877 4386 carmine

1738 4409 1913 4472 potuit,
1922 4423 2035 4458 cum
2046 4417 2241 4471 epoetae
2248 4421 2455 4470 persona
2468 4408 2571 4452 hoec
2586 4401 2722 4451 dicta
2734 4411 2873 4452 sunt.
