3050 4934
1103 268 1559 338 ECLOGA
1595 269 1684 336 V.

406 423 756 490 Pastores:
801 422 1070 488 mandat
1095 421 1244 488 fleri
1273 423 1400 488 sibi
1425 421 1583 488 talia
1606 419 1932 506 Daphnis.

407 524 504 588 Et
530 523 852 590 tumulum
877 523 1098 602 facite,
1128 535 1200 590 et
1223 523 1474 590 tumulo
1505 525 1929 609 superaddite
1960 545 2256 589 carmen:

408 626 717 712 Daphnis
745 649 872 709 ego
898 627 966 690 in
995 624 1199 703 silvis,
1228 625 1380 691 hine
1407 649 1621 711 usque
1650 627 1737 690 ad
1770 627 1987 691 sidera
2014 637 2237 703 notus,

407 727 466 791 F
465 729 706 793 ormosi
731 728 988 813 pecoris
1017 737 1268 804 custos,
1297 727 1643 793 formosior
1668 730 1837 812 ipse.

280 829 366 892 45
407 828 606 893 Meu.
652 828 820 893 Tale
849 839 1034 892 tuum
1063 849 1326 894 carmen
1349 829 1567 906 nobis,
1595 829 1811 893 divine
1842 840 2064 913 poeta,

409 929 628 1003 Quale
658 953 858 1015 sopor
886 929 1080 996 fessis
1109 930 1178 994 in
1204 931 1534 1014 gramine3
1579 929 1772 1015 quale
1800 953 1923 1015 per
1952 940 2185 996 aestum

409 1031 644 1096 Dulcis
675 1055 864 1116 aquae
895 1030 1168 1098 saliente
1197 1031 1368 1096 sitim
1395 1033 1805 1116 restinguere
1834 1033 1995 1097 rivo.

407 1133 558 1198 Nee
587 1132 846 1198 calamis
877 1132 1088 1198 solum
1115 1133 1507 1219 aequiparas,
1540 1134 1659 1198 sed
1686 1155 1847 1200 voce
1875 1135 2293 1219 magistrum:

407 1233 771 1300 Fortunate
800 1256 990 1319 puer,
1021 1246 1095 1299 tu
1121 1257 1296 1300 nune
1325 1235 1454 1300 eris
1484 1233 1651 1301 alter
1678 1237 1763 1300 ab
1792 1234 1925 1301 illo.

281 1338 368 1401 ⁵0
409 1336 560 1402 Nos
589 1348 806 1401 tamen
831 1335 978 1402 haec
1005 1359 1416 1421 quocumque
1443 1338 1642 1402 modo
1670 1339 1789 1403 tibi
1818 1350 2045 1403 nostra
2072 1339 2353 1404 vicissim

408 1437 762 1516 Dicemus;
807 1437 1258 1524 Daphninque
1285 1449 1470 1504 tuum
1495 1438 1795 1504 tollemus
1826 1441 1910 1505 ad
1942 1451 2163 1522 εει-ως

408 1539 728 1625 Daphnin
755 1541 843 1605 ad
873 1551 1052 1604 astra
1079 1539 1401 1606 feremus:

1445 1541 1683 1606 amavit
1710 1565 1833 1607 nos
1862 1565 2127 1628 quoque
2158 1543 2491 1630 Daphnis,

407 1641 597 1706 Mor.
643 1641 758 1708 An
787 1643 1144 1727 quidquam
1171 1643 1360 1708 nobis
1390 1643 1504 1706 tali
1536 1645 1621 1708 sit
1646 1667 1915 1709 munere
1944 1647 2202 1730 majus?

409 1743 504 1807 Et
533 1765 702 1828 puer
731 1745 872 1829 ipse
901 1744 1026 1822 fuit
1053 1745 1303 1810 cantari
1334 1745 1612 1834 dignum
1656 1756 1727 1808 et
1754 1746 1882 1808 ista

279 1847 364 1909 55
405 1843 560 1910 Jam
586 1845 843 1930 pridem
871 1846 1182 1911 Stimicon
1208 1844 1499 1911 laudavit
1527 1847 1813 1911 carmina
1840 1847 2057 1911 nobis.

406 1947 608 2011 ΜΕΝ.
655 1947 995 2012 Candidus
1023 1943 1351 2012 insuetum
1377 1947 1652 2012 miratur
1678 1945 1874 2012 limen
1905 1947 2199 2034 Olympi,

409 2048 552 2113 Sub
577 2049 990 2134 pedibusque
1021 2049 1200 2115 videt
1228 2051 1438 2115 nubes
1469 2058 1539 2115 et
1565 2050 1783 2115 sidera
1812 2049 2147 2135 Daphnis,

411 2149 597 2234 Ergo
623 2149 857 2214 alacris
885 2149 1078 2214 silvas
1106 2162 1179 2216 et
1203 2162 1442 2217 caetera
1471 2172 1629 2216 rura
1657 2150 1959 2237 voluptas

407 2249 722 2337 Panaque
751 2263 1180 2338 pastoresque
1210 2263 1394 2319 tenet
1421 2253 1863 2338 Dryadasque
1893 2251 2175 2338 puellas.

279 2353 368 2416 ω
407 2351 558 2417 Nec
585 2352 781 2437 lupus
809 2353 1077 2418 insidias
1109 2356 1354 2439 pecori,
1387 2377 1510 2420 nec
1540 2356 1707 2420 retia
1736 2355 1945 2420 cervis

411 2453 566 2520 Ulla
595 2453 814 2520 dolum
842 2455 1276 2520 meditantur:
1323 2467 1496 2520 amat
1523 2458 1739 2521 bonus
1769 2457 1905 2521 otia
1932 2455 2263 2541 Daphnis.

407 2555 546 2641 Ipsi
571 2555 798 2620 laetitia
828 2578 1022 2621 voees
1053 2555 1139 2622 ad
1172 2557 1389 2622 sidera
1410 2558 1668 2642 jactant

407 2657 660 2722 Intonsi
685 2668 980 2735 montes;
1022 2659 1187 2742 ipsae
1206 2658 1346 2742 jam
1373 2659 1657 2724 carmina
1686 2681 1913 2744 rupes,

239 2862 424 2918 μεως
449 2868 610 2916 neque
629 2853 768 2902 locu
786 2853 986 2904 Horatii
1007 2854 1170 2902 Cam.
1190 2853 1261 2913 iii,
1286 2853 1361 2913 13,

239 2919 286 2974 2.
305 2918 466 2980 Ossae
480 2921 946 2968 Badasiae-Dslci
963 2921 1102 2981 digne
1123 2935 1258 2977 nero,
1275 2935 1365 2967 m

235 2987 334 3030 dne
343 2985 558 3043 floribus,
587 2991 722 3032 recte
743 2983 840 3032 hue
870 2981 1092 3032 refertur.
1155 2983 1366 3032 Videtur

237 3047 356 3095 -ihi
371 3063 450 3096 res
467 3047 540 3097 sic
556 3047 878 3112 expedienda,
896 3057 953 3096 ut
965 3047 1210 3096 tumulum
1221 3050 1368 3110 juxta

235 3111 418 3160 fontem
447 3112 632 3160 &cmm
657 3111 814 3160 intell’
931 3127 1003 3160 us.
1070 3111 1152 3162 Sic
1187 3111 1242 3160 in
1273 3112 1362 3160 ho-

237 3191 404 3225 norem
417 3175 640 3226 defumti
651 3185 876 3241 pastoris,
891 3187 1010 3224 noto
1021 3191 1171 3233 more,
1185 3176 1366 3226 humus

235 3239 436 3290 finib-n
467 3251 521 3289 et
553 3239 807 3290 &cudibus
843 3239 1104 3304 spargitur,
1145 3255 1201 3290 ac
1235 3240 1366 3290 circa

237 3305 476 3353 munium
511 3306 712 3354 arbores
745 3314 991 3354 seruntur.
1062 3305 1367 3354 incusandus

235 3379 400 3418 tamen
411 3369 494 3418 vel
508 3369 582 3418 sie
595 3377 756 3433 poeta,
771 3369 903 3432 quod
918 3368 978 3418 ad
999 3383 1196 3418 sensum
1213 3369 1365 3418 animi

235 3444 285 3481 et
305 3433 436 3482 oculi
457 3449 560 3482 non
582 3433 702 3482 utin
725 3433 908 3482 diserte
927 3449 1034 3482 rem
1055 3435 1297 3498 exposuit.

297 3501 378 3546 4³.
411 3501 544 3546 Hine
565 3515 706 3560 usque
729 3501 798 3546 ad
821 3501 978 3546 sidera
1003 3507 1148 3554 notus,
1172 3513 1200 3546 e
1235 3499 1365 3547 icum

233 3571 322 3620 est,
345 3577 438 3612 nec
455 3562 510 3611 in
526 3561 785 3628 pastoritio
801 3561 1022 3612 carmine
1037 3563 1155 3613 satis
1173 3579 1206 3628 p
1225 3577 1366 3612 acere

267 3691 512 3767 ..45-47.
561 3691 676 3740 Vid.
714 3691 922 3740 Theocr.
959 3691 992 3749 i,
1037 3693 1059 3740 1
1107 3702 1160 3741 et
1199 3692 1228 3742 7
1269 3700 1362 3742 etc.

233 3757 334 3814 mi,
371 3756 586 3807 78-83.
653 3757 896 3820 Compara
930 3757 1138 3820 Popium
1175 3757 1362 3807 Pastor.

235 3821 300 3876 is,
339 3823 482 3869 1—4.
537 3823 686 3882 ΛΜ
721 3824 820 3870 rivo
847 3820 1008 3885 poetis
1042 3830 1361 3886 perpetuum:

233 3885 330 3933 vid.
356 3885 466 3934 Eel.
493 3884 596 3942 viii.
619 3884 698 3935 87.

295 3953 378 3998 48.
411 3952 510 3998 sed
525 3949 676 3998 etiam
695 3967 814 4008 voce,
835 3959 998 4010 canui,
1022 3951 1256 4014 magistro
1277 3965 1368 4015 par

231 4030 300 4064 a.

295 4081 376 4128 49.
411 4078 490 4127 cr.
511 4079 719 4126 Theocr.
745 4077 777 4138 i,
801 4081 846 4138 3,
871 4083 916 4138 4,
943 4083 986 4127 5.

295 4145 374 4192 51.
417 4145 644 4192 Tollen-un
679 4145 746 4190 ad
781 4152 928 4202 aava,
965 4153 1128 4210 potest
1168 4159 1277 4193 esse
1315 4143 1368 4192 in

228 4209 410 4256 ooelum
423 4217 478 4256 et
493 4207 624 4256 inter
635 4206 778 4258 divos
795 4209 1038 4258 sublatum
1055 4223 1240 4257 canam.
1277 4209 1370 4259 Est

237 4275 396 4322 b-nen
406 4272 576 4322 verius
589 4287 652 4320 ex
661 4287 754 4322 usu
773 4272 1004 4336 loquendi
1018 4282 1069 4322 et
1079 4273 1368 4337 simplicius,

231 4329 604 4394 “lebabimus,
624 4345 682 4385 ut
703 4336 772 4395 ix,
795 4339 874 4394 29,
907 4341 1042 4396 Vere,
1067 4345 1193 4386 tuum
1215 4355 1372 4386 nonen

232 4398 556 4446 -castanm
567 4401 924 4464 sublimescunt
941 4406 1006 4452 od
1016 4407 1172 4450 sidera
1185 4407 1335 4465 cygni.

297 4461 378 4516 54·
402 4463 484 4508 55·
523 4461 590 4510 Bt
613 4477 956 4524 augumentum
977 4467 1098 4516 mihi
1123 4467 1298 4530 placet,
1323 4477 1372 4516 et

1428 2862 1514 2903 tua
1529 2853 1807 2918 argumenti
1824 2853 2049 2902 metatio
2064 2869 2155 2918 per
2165 2855 2335 2904 laudes
2351 2855 2559 2906 aliorum

1422 2921 1526 2982 jam
1549 2919 1670 2967 mihi
1692 2929 1812 2966 nota
1831 2927 1919 2968 est.

1489 2983 1553 3030 56
1562 2999 1665 3047 sqq.
1679 2984 1794 3033 Jam
1805 2981 2031 3060 Daphnis
2040 2982 2161 3031 deus
2167 2982 2325 3032 finctus
2336 2985 2557 3033 celebra-

1429 3056 1526 3106 tur,
1550 3057 1695 3110 atque
1717 3049 1839 3096 adeo
1859 3063 1921 3105 ei,
1945 3056 2175 3110 tanquam
2204 3063 2333 3096 novo
2364 3048 2558 3096 numini

1427 3113 1623 3176 agresti,
1645 3129 1705 3161 es
1719 3113 1886 3161 omnia
1904 3111 2203 3170 tribuuntur,
2218 3129 2327 3175 quae
2348 3113 2454 3160 sive
2470 3113 2557 3160 de·

1429 3192 1570 3225 amm
1592 3177 1709 3226 olim
1731 3177 1784 3225 in
1810 3176 1953 3226 terris
1972 3176 2249 3241 praesentiae
2276 3175 2555 3226 tribueban-

1428 3249 1524 3300 tur,
1565 3241 1671 3291 sive
1712 3241 1917 3290 deorum
1946 3241 2213 3289 honoribus
2244 3241 2441 3290 institui
2476 3258 2557 3292 so-

1427 3305 1625 3362 lebant3
1655 3321 1848 3354 summa
1880 3305 2069 3354 scilicet
2095 3305 2267 3354 laetitia
2300 3307 2447 3354 etiam
2482 3307 2557 3355 fe·

1430 3385 1597 3418 rarum
1635 3380 1686 3419 et
1724 3385 1890 3419 rerum
1930 3370 2323 3428 inanimam-um,
2348 3373 2559 3419 58—64.

1435 3434 1561 3483 Inde
1604 3451 1797 3484 sacrum
1843 3449 2061 3484 annuum
2106 3435 2152 3482 ei
2201 3434 2561 3483 instituendum

1431 3510 1612 3558 narrat,
1636 3502 1843 3549 65—80.
1889 3502 2139 3554 Candidus,
2162 3499 2440 3574 splendens,
2464 3501 2557 3547 mi·

1430 3579 1564 3620 cans,
1587 3573 1643 3612 ut
1662 3565 1813 3612 sidus.
1882 3565 2044 3612 Locus
2064 3563 2388 3611 dulcissimus.

1495 3631 1573 3676 58.
1608 3632 1797 3676 Alam-⁸⁶2
1830 3628 1955 3674 ratio
1985 3627 2179 3689 poetica
2212 3641 2325 3672 cum
2355 3628 2566 3687 voluptas

1423 3691 1569 3755 jungi
1590 3692 1747 3740 docet.

1495 3758 1575 3814 60,
1618 3758 1695 3805 61.
1746 3756 1863 3804 Non
1897 3754 2086 3804 seilicet
2122 3754 2208 3803 illa
2241 3752 2474 3802 silvarum
2515 3762 2568 3802 et

1429 3837 1659 3885 agrorum
1680 3820 1852 3870 laetitia
1881 3837 1988 3870 esse
2022 3829 2215 3885 poterat
2244 3818 2352 3868 sine
2378 3818 2563 3867 securi·-

1429 3896 1558 3943 nte3
1583 3901 1729 3950 quam
1751 3901 1843 3952 per
1858 3885 1959 3936 otia
1980 3886 2209 3935 declarat.
2255 3885 2325 3932 Et
2346 3883 2567 3932 omnium

1430 3952 1555 4001 adeo
1584 3967 1751 4000 renim
1782 3961 1971 4000 natura!
2006 3965 2065 3999 ea
2096 3949 2267 3998 laetitia
2292 3948 2569 3998 communis

1433 4031 1543 4064 esse
1570 4017 1785 4080 ponitur.
1854 4017 2073 4064 Ductum
2104 4023 2267 4063 autem
2298 4029 2327 4062 e
2357 4013 2565 4062 Theocr.

1433 4081 1567 4139 xxiv,
1594 4083 1671 4139 84,
1706 4083 1785 4138 85,
1808 4080 2019 4136 videtur,
2056 4077 2153 4136 ubi,
2188 4078 2407 4127 Hercule
2438 4078 2571 4126 iuter

1433 4145 1553 4194 deos
1574 4161 1685 4194 rece
1722 4155 1787 4202 to,
1809 4145 1957 4208 lupus
1987 4159 2087 4191 non
2120 4142 2331 4207 amplius
2362 4142 2565 4192 insidia·

1433 4215 1516 4258 tur
1537 4210 1695 4258 hinnu
1712 4225 1757 4257 o.

1499 4275 1580 4322 63.
1615 4277 1797 4323 latomi
1810 4279 1981 4321 montes
2000 4281 2117 4320 sunt
2137 4271 2320 4329 silvosi,
2340 4271 2570 4329 incaedui,

1437 4349 1494 4387 ut
1515 4340 1654 4388 Serv.
1725 4337 1900 4386 Paullo
1931 4335 2073 4385 aliter
2094 4345 2235 4386 tonsa
2266 4339 2422 4394 valles,
2446 4338 2569 4384 Geo-

1435 4404 1502 4460 iv,
1528 4403 1639 4458 277,
1674 4411 1791 4450 sunt
1824 4417 1946 4464 quas
1980 4402 2194 4466 pecudes
2230 4401 2451 4459 tondent,
2484 4400 2571 4448 de-

1437 4476 1672 4531 pascunt:
1722 4475 1851 4516 tonsa
1888 4470 2049 4516 hamas
2088 4466 2232 4517 ovid.
2276 4467 2417 4514 Rem.
2464 4464 2571 4520 192,
