3050 4934
509 246 596 308 22

1337 233 1990 304 BUCOLICON

684 389 780 454 At
809 391 924 455 tibi
950 389 1180 472 prima,
1205 409 1394 472 puer,
1425 385 1603 452 nullo
1631 379 2013 452 munuscula
2040 383 2243 464 cultu,

683 491 1002 554 Errantes
1033 488 1314 553 hederas
1346 489 1591 573 passim
1614 509 1763 552 cum
1791 488 2091 563 baccare,
2120 485 2343 562 tellus,

553 592 642 654 20
686 591 1032 674 Mixtaque
1061 590 1303 654 ridenti
1331 588 1652 654 colocasia
1680 587 1915 652 fundet
1942 587 2244 652 acanth0.

687 692 860 776 Ipsoe
889 691 1056 756 lacte
1085 692 1350 756 domum
1375 689 1665 754 reserent
1692 689 1979 753 distenta
2004 687 2276 772 capellae

688 792 954 870 Ubera3
999 813 1122 856 nec
1150 813 1419 875 magnos
1448 800 1746 855 metuent
1774 800 2067 854 armenta
2092 787 2339 852 leones.

689 892 846 977 Ipsa
874 893 992 957 tibi
1019 891 1296 957 blandos
1327 891 1609 956 fundent
1634 888 1959 955 cunabula
1987 888 2209 952 flores,

689 993 972 1058 Occidet
1001 1002 1070 1058 et
1099 1015 1396 1076 serpens,
1428 1003 1497 1056 et
1513 989 1713 1055 fallax
1740 991 1949 1054 herba
1978 990 2209 1053 veneni

557 1095 643 1158 25
688 1094 1006 1172 Occidet;
1052 1092 1403 1176 Assyrium
1431 1091 1629 1176 vulgo
1654 1101 1960 1156 nascetur
1982 1112 2321 1155 amomum.

687 1193 810 1272 At,
842 1193 1029 1258 simul
1057 1194 1332 1259 heroum
1361 1193 1590 1257 laudes
1621 1203 1693 1256 et
1719 1192 1893 1257 facta
1920 1193 2211 1275 parentis

687 1296 732 1360 J
734 1319 838 1359 am
863 1294 1104 1378 legere,
1135 1306 1204 1358 et
1233 1317 1383 1379 quae
1413 1295 1498 1358 sit
1523 1295 1771 1378 poteris
1802 1314 2196 1386 cognoscere
2220 1293 2467 1371 virtus;

686 1393 876 1459 Molli
903 1394 1238 1480 paullatim
1264 1395 1576 1459 flavescet
1600 1415 1867 1479 campus
1898 1393 2123 1470 arista,

517 1579 652 1630 tonio
679 1581 932 1645 desponsa,
957 1580 1130 1644 patriis
1149 1579 1412 1629 virtutibus
1440 1588 1643 1628 ornatus

517 1661 624 1694 esse
655 1654 874 1710 poterate
911 1654 962 1692 at
991 1661 1100 1707 quae
1125 1661 1238 1708 spes
1265 1661 1372 1692 esse
1401 1643 1563 1720 potuit
1588 1653 1646 1692 ut

517 1709 603 1758 ille
631 1713 780 1757 orbem
816 1713 1032 1771 regeret?
1069 1709 1184 1756 Non
1217 1725 1264 1756 ιιι
1331 1708 1372 1756 's
1403 1724 1458 1756 m
1523 1723 1646 1756 uero

519 1789 582 1821 ex
604 1771 872 1821 Octaviano
891 1781 943 1821 et
964 1772 1219 1821 Scribonia
1238 1772 1290 1820 id
1329 1787 1472 1822 ocum
1525 1773 1639 1820 abe-

517 1838 616 1884 bat.
685 1836 848 1886 Multo
870 1836 1033 1886 minus
1054 1837 1158 1886 haec
1175 1837 1358 1886 cadunt
1378 1835 1430 1884 in
1463 1835 1644 1884 Pollio-

519 1900 612 1956 nis,
637 1899 728 1948 viri
763 1901 1046 1958 consularis,
1069 1901 1270 1964 prolem.
1329 1903 1472 1962 Regit
1496 1903 1649 1974 ovraem

520 1973 760 2012 terrarum
785 1965 995 2029 populus
1029 1965 1294 2022 Romanus,
1319 1963 1446 2026 regit
1477 1973 1650 2027 postea

555 2029 764 2092 rinceps,
787 2037 840 2076 at
865 2043 956 2076 nec
975 2038 1173 2077 senatus
1203 2043 1294 2076 nec
1319 2027 1647 2090 magistratus.

555 2093 697 2140 lauet
733 2092 884 2154 igitur
915 2092 1050 2150 illud,
1087 2092 1216 2166 quod
1255 2091 1474 2140 omnium
1507 2107 1644 2140 max—

521 2155 620 2203 ime
638 2155 888 2218 probabile
905 2164 992 2212 est,
1011 2165 1065 2203 ut
1082 2170 1176 2203 sim
1212 2155 1370 2202 liciter
1387 2172 1512 2203 nova
1529 2171 1644 2219 pro-

517 2218 690 2284 genies
710 2219 847 2267 aurei
879 2219 1042 2268 saeculi
1075 2219 1178 2267 inte
1217 2219 1389 2282 igatur.
1457 2221 1649 2268 Caetera

521 2283 584 2330 ad
616 2281 858 2340 vaticinia,
893 2299 1002 2345 quae
1035 2292 1136 2332 tum
1167 2283 1314 2346 vulgo
1353 2283 1645 2341 ferebantur,

519 2347 788 2410 composita
813 2363 919 2396 esse
952 2356 1100 2410 puta;
1137 2346 1362 2410 inprimis
1396 2347 1457 2395 ad
1489 2347 1642 2394 famo-

519 2426 628 2459 sum
649 2410 771 2458 illud
792 2411 855 2458 de
1011 2426 1098 2458 seu
1119 2410 1268 2459 heroe
1289 2411 1550 2460 nascituro.

593 2476 664 2522 18.
693 2474 964 2524 Felicitatis
987 2490 1148 2523 aureoe
1169 2475 1314 2538 hujus
1339 2475 1511 2533 aetatis,
1547 2474 1643 2522 ini-

522 2538 592 2586 tia
624 2555 736 2587 cum
774 2539 986 2602 pueritia
1013 2539 1277 2603 procedere
1318 2538 1449 2597 facit,
1482 2539 1643 2588 incre-

521 2612 689 2650 menta
714 2617 830 2650 vero
846 2619 959 2652 cum
991 2602 1332 2660 adolescentia,
1367 2619 1480 2652 cum
1512 2601 1643 2652 virili

523 2667 718 2714 tandem
743 2677 794 2714 et
813 2667 1027 2730 perfecta
1047 2677 1188 2714 aetate
1213 2667 1362 2716 vitam
1383 2667 1641 2742 perfectis-

521 2730 708 2786 simam.
777 2733 919 2778 Nullo
935 2734 1077 2788 cultra,
1100 2729 1174 2780 uti
1196 2731 1362 2779 omnia
1380 2747 1434 2779 ιιι
1465 2730 1644 2780 saeculo

521 2809 669 2842 aureo
707 2796 1043 2852 nascebantur,
1092 2794 1298 2844 Hesiod.
1344 2793 1480 2857 Ἥρην.
1534 2797 1642 2853 118,

519 2857 700 2920 καρπὸν
731 2858 771 2904 δ’
804 2857 942 2920 ἔφερε
965 2855 1179 2922 ζείδωρος
1201 2858 1373 2921 ἄρουρα
1391 2857 1650 2920 Alb-optim

519 2919 710 2969 πολλόν
723 2939 780 2968 τε
797 2921 876 2970 καὶ
893 2921 990 2984 W

990 2939 1111 2971 ονον.
1158 2922 1259 2970 Hic
1278 2933 1456 2979 tamen,
1477 2931 1649 2987 utpote

519 2983 574 3032 in
611 2984 817 3032 infantia
848 2988 953 3048 ejus
983 2985 1138 3050 pueri,
1166 2987 1341 3034 herbas
1376 2995 1567 3036 tantum
1600 2995 1651 3034 et

523 3048 666 3098 flores
697 3065 786 3097 sua
815 3058 990 3113 sponte
1021 3059 1154 3098 terra
1188 3049 1345 3098 editos
1378 3063 1645 3108 memorat3

521 3122 572 3160 at
600 3112 765 3174 fruges
802 3129 915 3162 cum
952 3113 1292 3172 adolescentia,
1326 3130 1370 3162 v.
1405 3117 1495 3170 28;
1536 3129 1649 3162 cum

522 3175 652 3224 virili
669 3177 866 3224 tandem
881 3185 1025 3226 aetate
1043 3193 1188 3226 omne
1209 3193 1366 3240 genus
1385 3186 1650 3240 proventus

521 3248 665 3288 terrae
677 3249 852 3303 sponte
867 3251 1106 3298 nascetur,
1117 3257 1162 3290 v.
1177 3243 1256 3289 39.
1291 3241 1498 3290 Ovidius
1510 3241 1648 3300 adeo,

523 3306 621 3351 sinc
639 3308 822 3360 semine,
846 3303 995 3360 addit,
1020 3305 1142 3354 Met.
1167 3305 1200 3363 i,
1227 3307 1333 3354 108.

592 3368 664 3416 19.
691 3369 913 3416 Boccare.
941 3367 1066 3417 Plin.
1085 3369 1186 3426 xxi,
1207 3369 1250 3427 6,
1269 3386 1308 3418 s.
1337 3370 1411 3427 16,
1431 3372 1649 3418 Bacchar-

521 3447 692 3493 quoque
714 3433 890 3478 radicis
917 3439 1096 3480 tantum
1123 3437 1324 3481 odorata
1353 3441 1424 3481 est
1437 3453 1456 3488 ‚-
1488 3451 1519 3481 a
1540 3438 1645 3495 qui-

524 3497 714 3544 busdam
765 3498 962 3544 nardum
1009 3500 1230 3544 rusticum
1283 3500 1649 3558 appellatam.—

527 3561 650 3606 Odor
671 3566 740 3606 est
761 3563 805 3607 ei
831 3564 1106 3608 cinnamomo
1121 3564 1370 3622 proximus.
1418 3562 1647 3612 Formam

1706 1578 1840 1628 mine
1867 1580 2045 1629 culco-5.
2112 1581 2351 1626 Acanthus
2372 1579 2421 1627 h.
2446 1579 2477 1627 l.
2500 1587 2574 1627 est
2596 1579 2847 1654 AEgyptia

1707 1645 1864 1701 arbor,
1889 1641 2064 1690 acaciae
2095 1658 2281 1705 genusz
2316 1643 2379 1690 cf.
2413 1643 2477 1691 ad
2513 1642 2617 1692 Ecl.
2654 1643 2725 1702 in,
2752 1646 2843 1692 45.

1707 1709 1883 1756 Ridens
1900 1715 1975 1754 est
1988 1706 2181 1765 florens,
2200 1706 2403 1770 pulcher
2418 1727 2432 1764 ς
2468 1706 2722 1756 notissimo
2740 1724 2845 1758 usu

1707 1771 1841 1818 vocis
1873 1774 2039 1827 ridere,
2074 1771 2243 1832 γελᾷν,
2277 1769 2441 1831 γάνος,
2472 1773 2746 1832 Ὑανοΰσθαι,
2786 1781 2845 1820 'et

1711 1834 1959 1890 similium,
1984 1833 2133 1884 etiam
2151 1834 2203 1882 in
2226 1836 2487 1885 vernaculo
2508 1851 2747 1884 sermone.

1778 1900 1985 1946 21—23.
2010 1901 2147 1960 Ipsae,
2170 1909 2361 1962 sponte,
2380 1899 2515 1948 nullo
2531 1899 2757 1958 ducente,
2780 1910 2845 1949 ut

1712 1962 1831 2012 satis
1850 1971 2033 2011 notum.
2072 1962 2155 2010 Sic
2172 1963 2307 2011 αἴν’-αὶ
2322 1979 2411 2026 pro
2429 1963 2687 2024 αὐτόματοι
2698 1965 2842 2012 The-

1712 2042 1809 2074 ocr.
1857 2026 1998 2089 Idyll.
2021 2027 2089 2085 xi,
2118 2029 2208 2082 12;
2244 2037 2295 2074 et
2315 2043 2431 2076 mox
2456 2030 2557 2088 ipsa
2591 2031 2845 2078 cunabula.

1712 2090 1857 2145 Quod
1901 2106 1965 2138 ex
2006 2090 2085 2139 his
2128 2090 2272 2140 flores
2324 2093 2501 2155 sponte
2552 2103 2847 2150 nascuntur,

1711 2155 1910 2203 ductum
1930 2164 2005 2204 est
2024 2169 2085 2202 ex
2108 2155 2169 2203 iis
2190 2171 2297 2217 quae
2314 2155 2376 2203 de
2394 2156 2595 2203 deorum
2617 2171 2843 2218 praesen-

1712 2218 1781 2266 tia
1804 2229 1855 2266 et
1876 2217 2125 2282 ἐπιφανείᾳ
2144 2218 2327 2283 passim
2360 2231 2649 2268 narrantur:
2688 2219 2845 2268 tellu-

1711 2299 1814 2332 rem
1836 2284 1925 2330 sub
1944 2297 2111 2330 eorum
2134 2299 2307 2346 gressu
2328 2291 2380 2330 et
2400 2285 2573 2331 obtutu
2595 2282 2850 2332 virescere

1707 2362 1765 2395 ac
1788 2347 2057 2394 florescere.

1776 2412 1855 2467 24,
1882 2412 1957 2458 25.
1992 2413 2155 2460 Herba
2173 2415 2343 2470 meni,
2368 2413 2542 2459 Groeco
2576 2427 2708 2458 more
2741 2427 2849 2476 pro

1711 2484 1980 2530 venenata3
2017 2475 2187 2523 eadem
2202 2473 2376 2537 sallas,
2402 2485 2458 2522 ut
2490 2477 2610 2524 Geo.
2644 2475 2695 2533 ii,
2724 2478 2845 2535 152,

1710 2555 1793 2586 nec
1814 2542 1999 2586 miseros
2016 2537 2201 2600 fallunt
2220 2543 2403 2588 aconita
2426 2543 2638 2602 legentes.
2701 2543 2847 2589 Occi-

1708 2605 1801 2660 det,
1826 2617 1997 2650 verum
2028 2611 2084 2650 ut
2115 2604 2267 2652 herba
2302 2603 2520 2652 moritur.
2587 2607 2845 2666 Assyrius·

1707 2667 2189 2789 ἷῖᾞῖἵὶέῗέ
2209 2667 2848 2792 ἔὲἷῗἜεῗὲωΑἷῖῥὶἱῖἱ

1708 2809 1839 2852 vero.
1870 2809 1983 2844 cum
2011 2795 2261 2843 Armenio,²
2286 2803 2339 2843 et
2368 2795 2551 2844 Mediae
2580 2810 2639 2843 ea
2666 2794 2849 2858 planta

1714 2867 1855 2906 esset.

1780 2923 1857 2970 26.
1908 2921 2007 2970 Ubi
2050 2923 2333 2972 adoleveris.
2424 2923 2537 2972 Hoc
2580 2922 2849 2988 splendide

1714 2985 2035 3034 enuntiatum.
2115 2989 2317 3036 Heroum
2358 2990 2516 3038 laudes
2555 2995 2672 3036 sunt
2707 2987 2849 3037 facta

1712 3049 1857 3098 laude
1889 3049 2051 3112 digna,
2074 3060 2132 3098 ut
2164 3049 2289 3100 κλέα
2318 3051 2495 3114 ἀνδρῶν
2515 3050 2675 3114 §pabor
2706 3067 2733 3099 a
2772 3053 2851 3102 ud

1714 3113 1923 3162 Homer.
1970 3113 2109 3164 Iliad.
2124 3131 2177 3177 χ,
2194 3116 2305 3162 520.
2340 3117 2535 3174 Parem,
2560 3067 2851 3177 cujusjfcta

1714 3177 1877 3239 legere
1894 3177 2091 3242 poterit,
2111 3188 2197 3228 aut
2216 3178 2323 3242 ipse
2346 3179 2645 3228 Octavianus
2671 3188 2760 3236 est,
2800 3181 2851 3229 si

1714 3241 1777 3289 de
1796 3241 2063 3290 Scribonia!
2114 3258 2231 3291 uero
2247 3242 2437 3305 agitur3
2470 3253 2569 3300 aut,
2654 3243 2715 3291 de
2736 3244 2847 3292 Oc-

1715 3305 1859 3354 taviae
1878 3316 2037 3369 partu,
2062 3259 2118 3354 g.
2146 3307 2425 3366 Marcellus,
2452 3316 2509 3356 ut
2529 3307 2653 3355 sorte
2676 3307 2850 3358 infans

1714 3369 1796 3417 ille
1818 3371 1879 3418 ab
1906 3370 2177 3418 Octaviano
2210 3370 2483 3435 adoptatus,
2505 3380 2593 3419 aut
2620 3381 2751 3420 certe
2788 3371 2850 3420 in

1712 3433 1846 3496 pacis
1860 3433 2219 3483 conditionibus
2232 3433 2393 3497 aliqua
2410 3435 2599 3484 ratione
2619 3435 2665 3482 ei
2681 3433 2845 3498 insig-

1712 3497 1841 3546 niter
1862 3507 2175 3561 prospectum
2197 3497 2359 3548 fuerit.
2427 3500 2555 3548 Cum
2588 3507 2752 3548 tamen
2791 3509 2851 3550 et

1712 3561 1856 3623 huius
1886 3561 1957 3608 rei
1990 3561 2112 3610 fides
2139 3562 2339 3621 laboret,
2363 3563 2517 3612 altera
2550 3563 2709 3621 lectio,
2732 3563 2846 3612 scil.

524 3623 836 3672 Dioscorides
855 3623 974 3672 satis
991 3634 1214 3674 accurate
1232 3625 1514 3690 descripsit;
1542 3625 1643 3684 sed,
1696 3623 1835 3686 sacta
1844 3633 2101 3688 parentum,
2111 3626 2159 3674 h.
2171 3629 2424 3689 majorum,
2440 3637 2671 3690 tanquam
2686 3627 2849 3677 tutior

523 3686 680 3750 qualis
715 3687 800 3736 illa
837 3687 916 3746 sit,
939 3688 1069 3739 inter
1089 3689 1386 3738 recentiores
1427 3691 1647 3740 nondum
1709 3689 2046 3754 amplectenda
2068 3690 2175 3738 erit.

519 3759 724 3800 constat.
809 3751 1069 3800 Fascinum
1115 3752 1361 3816 depellere
1404 3755 1647 3804 creditum

523 3830 645 3873 esse,
669 3815 902 3864 discimus
924 3814 1008 3861 inf.
1037 3815 1141 3862 Ecl.
1167 3816 1249 3874 vii,
1272 3817 1348 3866 27.

590 3881 665 3927 20.
695 3882 985 3935 σοὶοοωίαπι,
1002 3895 1040 3928 a·
1057 3881 1290 3936 colocasia,
1300 3881 1468 3943 planta
1481 3880 1645 3944 palus-

525 3941 614 3989 tris
633 3942 880 4007 AEgyptia,
902 3941 1150 3991 latissimis
1169 3941 1312 4000 foliis,
1336 3943 1472 3993 caule
1505 3961 1531 3992 s
1566 3960 1646 3992 ec-

524 4005 675 4063 tabili,
695 4023 792 4066 quo
826 4007 1021 4071 quidem
1055 4021 1153 4054 non
1185 4006 1349 4056 minus
1381 4024 1438 4056 ac
1471 4023 1526 4056 ra
1561 4007 1650 4056 icis

523 4067 672 4117 bulbo
694 4070 824 4118 vesci
846 4071 1036 4128 solent3
1073 4071 1208 4120 fabas
1240 4086 1328 4120 esu
1360 4081 1523 4134 gratas
1559 4088 1650 4137 pro

519 4131 682 4180 fructu
705 4133 866 4182 habet.
912 4135 1056 4185 Circa
1074 4137 1178 4184 haec
1199 4135 1396 4184 demum
1428 4146 1647 4200 tempora

523 4195 576 4244 in
599 4196 745 4246 Italia
765 4198 860 4246 seri
881 4200 1100 4264 caepisse,
1126 4216 1188 4248 ex
1223 4199 1384 4248 Plinio
1416 4200 1647 4264 colligere

521 4260 666 4316 licet;
703 4276 804 4309 non
827 4271 990 4312 tamen
1013 4273 1124 4326 post
1145 4263 1323 4312 victam
1354 4264 1552 4312 demum
1586 4265 1647 4314 ab

527 4325 751 4387 Augusto
795 4325 1079 4390 AEgryptum.
1172 4327 1440 4377 Notissima
1496 4328 1646 4378 etiam

525 4403 656 4438 nunc
677 4389 780 4439 haec
813 4389 982 4454 planta
1015 4399 1091 4440 est
1122 4391 1254 4442 inter
1273 4392 1535 4458 AEgyptios
1556 4409 1643 4444 no-

1779 3753 1855 3804 2⁷.
1896 3758 2010 3806 ῥεια
2027 3757 2319 3814 cit—virtus,
2340 3771 2443 3820 pro,
2465 3753 2698 3804 virtutem
2720 3770 2843 3831 cog-

1713 3833 1943 3866 noscere:
1995 3819 2238 3881 fiequenti
2290 3827 2559 3882 poetarum,
2609 3818 2846 3882 inprimis

1716 3881 1997 3938 Homerico,
2017 3898 2123 3930 usu.
2193 3882 2357 3930 Nimis
2378 3892 2550 3944 argute
2584 3883 2645 3931 ad
2675 3882 2845 3946 philo-

1714 3943 1900 4008 sophiae
1922 3944 2230 4009 disciplinam
2254 3946 2466 3994 trahunt.

1764 4010 1857 4056 ·28.
1894 4008 1994 4057 Ubi
2010 4025 2136 4072 puer
2152 4008 2433 4068 adoleverit,
2452 4012 2607 4071 major
2616 4013 2719 4073 Jam
2738 4019 2843 4060 ter-

1714 4087 1781 4120 rae
1820 4071 1980 4122 cultm
2021 4082 2072 4120 et
2112 4072 2319 4122 felicitas
2360 4075 2454 4122 erit
2496 4075 2579 4136 (cf.
2618 4075 2681 4124 ad
2724 4075 2844 4135 18);

1710 4145 1973 4186 nascentur
1995 4147 2169 4201 sponte
2192 4137 2371 4201 fruges,
2396 4154 2517 4214 uvae,
2542 4139 2652 4214 mel.
2694 4139 2848 4193 Quod

1710 4201 2023 4314 mem
2033 4201 2171 4320 {³22ss
2186 4217 2421 4314 ἒέηοέἒὲ
2436 4201 2848 4330 ἕῖἓέἑέᾓῗ

1711 4346 1820 4378 sum
1854 4339 1943 4378 est.
2001 4330 2247 4380 Disertius
2282 4331 2406 4378 Hor.
2442 4330 2601 4394 Epod.
2631 4331 2847 4389 xvi„4·3,

1712 4397 1886 4444 Reddit
1904 4397 1985 4443 ubi
2006 4397 2213 4444 Cererem
2232 4397 2366 4444 teum
2382 4398 2571 4444 §sacrata
2582 4399 2845 4458 quotannis,
