3050 4934
440 229 575 292 634

1342 222 1870 292 AENEIDOS

612 376 899 460 Jupiter,
932 389 1177 442 aeterna
1206 389 1435 460 gentes
1466 377 1534 440 in
1563 396 1725 457 pace
1757 372 2046 436 futuras!

439 478 568 540 505
613 477 863 540 AEneas
897 475 1219 540 Rutulum
1250 477 1606 540 Sucronem
1635 473 1740 554 (ea
1763 473 1970 555 prima
1997 481 2264 534 ruentes

610 575 845 658 Pugna
873 575 1017 640 loco
1048 577 1276 640 statuit
1304 575 1652 654 Teucros),
1682 573 1863 636 haud
1892 570 2093 636 multa
2123 581 2434 645 moratum

610 675 879 758 Excipit
909 677 975 738 in
1004 675 1199 752 latus,
1231 687 1321 751 et,
1352 698 1483 758 qua
1512 673 1647 738 fata
1675 672 2032 747 celerrima,
2065 671 2342 734 crudum

611 775 1037 859 Transadigit
1066 787 1283 840 costas
1316 786 1385 840 et
1413 785 1626 838 crates
1657 773 1942 855 pectoris
1973 793 2219 834 ensem.

610 874 880 937 Turnus
912 896 1083 958 equo
1114 876 1439 958 dejectum
1472 873 1812 956 Amycum,
1845 870 2241 953 fratremque
2271 870 2570 944 Diorem,

440 975 570 1038 510
614 975 1025 1056 Congressus
1058 976 1297 1058 pedes:
1344 974 1519 1038 hunc
1550 975 1914 1036 venientem
1941 971 2214 1054 cuspide
2245 969 2464 1054 longa,

618 1073 819 1136 Hunc
848 1096 1152 1138 mucrone
1184 1074 1371 1150 ferit3
1419 1095 1745 1155 curruque
1777 1073 2032 1136 abscisa
2063 1071 2342 1134 duorum

618 1173 979 1256 Suspendit
1008 1176 1243 1257 capita,
1272 1185 1341 1237 et
1370 1173 1658 1237 rorantia
1687 1172 1998 1253 sanguine
2029 1181 2268 1253 portat.

619 1270 737 1336 Ille
769 1271 983 1336 Talon
1013 1271 1417 1356 Tanaimque
1446 1272 1591 1336 neci
1621 1271 1984 1352 fortemque
2015 1269 2404 1352 Cethegum,

619 1371 790 1435 Tres
823 1394 953 1436 uno
983 1393 1363 1456 congressu,
1396 1383 1465 1435 et
1492 1382 1798 1435 moestum
1825 1369 2021 1433 mittit
2051 1367 2340 1450 Onyten,

446 1473 574 1535 515
618 1471 880 1534 Nomen
912 1471 1325 1546 Echionium,
1355 1471 1709 1552 matrisque
1740 1491 1947 1552 genus
1981 1467 2300 1542 Peridiae;

622 1571 753 1635 Hic
784 1571 1019 1635 fratres
1054 1572 1258 1654 Lycia
1286 1572 1517 1634 missos
1548 1580 1618 1633 et
1645 1567 1968 1651 Apollinis
2001 1568 2198 1650 agriS,

620 1671 715 1734 Et
734 1672 1042 1754 juvenem
1072 1693 1345 1734 exosum
1373 1671 1812 1752 nequidquam
1841 1665 2013 1732 bella
2037 1666 2380 1732 Menoeten

622 1770 923 1833 Arcada:
974 1771 1247 1853 piscosae
1274 1771 1381 1834 cui
1410 1771 1650 1832 circum
1679 1767 1944 1830 flumina
1975 1766 2212 1830 Lernoe

625 1867 759 1932 Ars
790 1869 1025 1945 fuerat,
1057 1890 1437 1952 pauperque
1467 1869 1737 1944 domus3
1783 1887 1904 1929 nec
1933 1877 2088 1930 nota
2117 1875 2454 1949 potentum

452 1969 582 2032 520
629 1969 918 2046 Limina3
966 1971 1417 2051 conductaque
1450 1980 1638 2052 pater
1669 1965 1900 2030 tellure
1933 1967 2214 2030 serebat.

625 2067 728 2132 Ac
760 2067 941 2132 velut
970 2069 1233 2132 immissi
1264 2069 1538 2132 diversis
1571 2067 1867 2149 partibus
1895 2066 2079 2147 ignes

632 2167 953 2231 Arentem
976 2169 1043 2230 in
1074 2167 1295 2232 silvam
1323 2181 1392 2231 et
1421 2165 1700 2249 virgulta
1730 2167 2024 2229 sonantia
2051 2164 2273 2241 lauro;

631 2265 774 2330 Aut
804 2267 918 2329 ubi
946 2267 1230 2332 decursu
1258 2268 1488 2352 rapido
1519 2268 1603 2331 de
1633 2266 1960 2328 montibus
1989 2265 2135 2328 altis

634 2365 817 2428 Dant
848 2367 1127 2430 sonitum
1158 2369 1445 2450 spumosi
1476 2388 1720 2441 amneS,
1752 2376 1820 2428 et
1848 2367 1915 2428 in
1945 2387 2208 2448 aequora
2237 2377 2526 2441 currunt,

452 2467 580 2530 525
626 2465 924 2548 Quisque
957 2488 1144 2530 suum
1175 2467 1524 2550 populatus
1555 2467 1714 2529 iter:
1761 2486 1892 2528 non
1923 2466 2188 2547 segnius
2217 2467 2410 2529 ambo

630 2565 883 2630 AEneas
914 2565 1315 2649 Turnusque
1345 2577 1543 2630 ruunt
1573 2586 1692 2647 per
1720 2564 1988 2646 proelia3
2035 2586 2228 2640 nunc,
2257 2587 2428 2630 nunc

632 2663 939 2730 Fluctuat
971 2665 1067 2728 ira
1095 2666 1307 2742 intus;
1352 2675 1743 2747 rumpuntur
1770 2664 1990 2728 nescia
2017 2665 2182 2728 vinci

456 2895 512 2934 ut
549 2895 722 2948 gentes
758 2885 867 2932 duae
906 2901 1020 2933 mox
1056 2885 1107 2933 in
1141 2900 1293 2933 unum
1332 2884 1581 2933 coaliturae

456 2959 556 2996 tam
580 2947 731 2996 atroci
753 2963 919 3010 pugna
940 2951 1317 2996 concurrerent?

521 3013 631 3068 505,
658 3011 765 3058 506.
802 3013 877 3057 Ea
907 3015 1057 3070 prima
1085 3019 1267 3058 ruentes
1288 3013 1456 3072 Pugna
1488 3013 1581 3058 loco

456 3077 626 3122 statuit
662 3075 869 3130 Teucros,
894 3074 941 3119 h.
972 3088 1012 3120 e.
1042 3075 1247 3121 AEneam
1280 3090 1393 3122 cum
1426 3073 1576 3122 comi-

457 3137 588 3184 tibus
621 3151 710 3198 per
746 3135 940 3184 ordines
975 3145 1212 3192 ruentem,
1244 3153 1356 3184 cum
1392 3137 1578 3200 impetu

456 3199 823 3256 discurrentem,
860 3199 978 3246 dum
1022 3199 1295 3261 insequitur
1338 3201 1576 3258 Turnum,

456 3278 588 3310 nunc
632 3272 809 3320 autem,
846 3277 905 3310 eo
942 3262 1157 3321 dimisso,
1182 3280 1315 3312 ·cum
1357 3263 1581 3326 proximo

457 3341 649 3390 quoque
692 3341 1019 3388 congressum,
1063 3343 1119 3376 ea
1160 3345 1318 3402 pugna
1366 3327 1582 3391 primum

460 3393 553 3438 loco
596 3393 778 3446 statuit,
830 3389 1097 3438 consistere
1150 3389 1289 3438 fecit:
1348 3391 1582 3439 sollennis

460 3453 694 3502 orationis
726 3453 955 3511 inversio,
983 3469 1073 3516 pro
1105 3453 1364 3512 communi,
1390 3453 1452 3501 ad
1474 3469 1583 3502 eam

464 3517 679 3581 primum
709 3533 924 3580 pugnam
947 3516 1140 3575 Teucri,
1168 3517 1274 3564 fuse
1304 3518 1461 3566 adhuc
1494 3533 1584 3581 per

460 3581 659 3630 ordines
682 3589 895 3638 ruentes,
918 3580 1252 3629 substiterunt.

530 3645 639 3694 50⁷.
676 3645 865 3704 Excipit
898 3647 947 3692 in
980 3647 1103 3692 latus
1134 3643 1289 3703 docte,
1356 3660 1424 3700 ro.
1450 3643 1582 3692 exci-

458 3707 547 3772 pit,
583 3707 819 3764 vulnerat,
854 3706 909 3756 in
939 3706 1107 3756 latere.
1172 3711 1277 3760 Qua
1326 3716 1409 3756 ata
1440 3710 1582 3754 celer-

458 3775 592 3828 rima,
622 3767 973 3830 ὅθι-μάλιστά
994 3789 1051 3820 τε
1084 3769 1262 3832 καίριόν
1285 3771 1403 3820 ἐστι.
1465 3774 1584 3819 Gru—

464 3837 572 3882 dum
628 3848 683 3881 ro
705 3843 921 3886 cruento.

526 3899 585 3945 51
622 3897 798 3944 -516.
844 3900 949 3956 Ille,
971 3895 1169 3946 AEneas.
1226 3899 1457 3956 Maestum,
1480 3898 1592 3962 ipsa

464 3971 635 4020 morte,
654 3971 789 4025 puto,
812 3976 957 4023 quam
979 3961 1229 4010 subiturus
1248 3971 1365 4010 erat.
1412 3964 1590 4010 Nomen

466 4027 733 4078 Echionium
749 4043 765 4072 .-
800 4023 959 4085 quoad
981 4039 1173 4082 nomen,
1198 4025 1409 4081 nomine,
1435 4025 1585 4072 Echi-

462 4087 569 4135 onis
610 4087 781 4136 filium.
842 4087 921 4136 Ita
950 4088 1147 4136 tandem
1186 4087 1291 4136 fieri
1328 4097 1503 4150 potest,
1528 4097 1584 4135 ut

463 4166 644 4198 nomen
663 4166 753 4214 per
775 4149 933 4198 filium
955 4151 1251 4215 explicetur3
1286 4151 1357 4198 uti
1381 4161 1433 4200 et
1444 4168 1590 4214 genus

467 4229 593 4262 mox.
652 4215 761 4270 Hic,
801 4213 1010 4263 Turnus.
1086 4217 1235 4276 Lycia
1278 4222 1324 4262 et
1360 4218 1592 4276 Apollinis

464 4279 594 4336 agris
610 4295 625 4321 .·
672 4276 872 4338 respicit
908 4277 1081 4325 Patara
1122 4294 1233 4327 cum
1276 4279 1457 4341 templo
1490 4281 1587 4328 La-

469 4346 597 4384 tonae
620 4346 669 4384 et
690 4337 965 4386 liberorum.

1711 2883 1984 2932 517-520,
2043 2883 2254 2958 Egregie
2301 2883 2364 2932 ad
2407 2883 2782 2933 miserationem

1643 2946 1914 2994 faciendam
1937 2955 2127 2994 ornavit
2157 2947 2343 2995 locum:
2381 2946 2524 3010 idque
2549 2963 2608 2996 eo
2628 2963 2780 3022 saga-

1644 3010 1750 3058 cius
1769 3011 1885 3058 fecit
1906 3010 2035 3072 quod
2069 3010 2232 3058 statim
2267 3019 2408 3058 atrox
2438 3025 2602 3058 rerum
2623 3011 2784 3059 facies

1645 3073 1874 3122 succedit.
1931 3075 2086 3122 Lerna
2120 3084 2286 3122 autem
2319 3074 2410 3122 etsi
2435 3073 2608 3137 Arg-ivi
2651 3075 2780 3137 agr-i.

1645 3137 1820 3185 fluvius
1857 3146 1906 3184 et
1939 3137 2093 3200 palus,
2115 3152 2233 3184 -non
2271 3147 2436 3186 tamen
2479 3151 2508 3184 a
2545 3138 2782 3186 confiniis

1645 3199 1870 3248 Arcadiae
1891 3199 2098 3248 multum
2129 3202 2280 3248 abest.
2339 3201 2420 3249 Ex
2443 3201 2662 3248 Evandri
2687 3217 2780 3250 au·-

1645 3272 1746 3312 tem
1763 3263 1918 3326 copiis
1939 3263 2088 3312 fuisse
2109 3263 2370 3327 putandus.

1710 3329 1802 3374 521
1827 3343 1928 3388 sqq.
1967 3327 2066 3374 Hic
2083 3329 2185 3389 jam
2204 3326 2411 3376 variavit
2443 3343 2502 3376 ea
2533 3343 2646 3390 quae
2667 3343 2780 3392 sup.

1646 3389 1727 3438 lib.
1749 3390 1800 3448 ii,
1825 3392 1921 3439 304
1943 3406 2043 3452 sqq.
2080 3401 2323 3454 posuerat,
2348 3390 2433 3440 ubi
2456 3390 2567 3438 vide
2591 3401 2783 3440 notam.

1648 3453 1833 3502 Silvam
1871 3454 2086 3502 lauream
2121 3453 2367 3516 intellige:
2403 3455 2566 3518 posito
2603 3455 2786 3518 generi

1648 3516 1898 3579 sthungit
1919 3517 2122 3564 formam
2151 3533 2241 3566 seu
2261 3519 2492 3581 speciem,
2521 3532 2589 3566 ex
2611 3533 2784 3573 motez

1648 3597 1752 3691 gxi-¹
1784 3579 2005 3642 virgultis
2057 3581 2320 3639 lautorum,
2373 3581 2540 3639 lauris,
2587 3582 2792 3630 doctius

1685 3643 1696 3654 ‘
1738 3643 1776 3691 't
1812 3647 2016 3706 virgulta
2051 3647 2195 3703 lauro,
2236 3653 2294 3692 ut
2325 3648 2530 3708 virgulta
2567 3649 2792 3694 uma-tia

1648 3711 1791 3764 silvis,
1816 3723 1921 3772 sup,
1946 3706 2014 3766 iii,
2039 3710 2151 3764 442,
2173 3708 2236 3766 vi,
2257 3709 2365 3758 704.
2428 3712 2630 3770 Quisque
2651 3726 2794 3758 mn

1645 3773 1892 3832 populatus
1928 3775 2018 3818 iter
2035 3791 2051 3820 .·
2096 3771 2312 3834 graviter
2347 3788 2452 3836 pro,
2499 3772 2794 3830 decurrens,

1653 3833 1740 3882 sed
1761 3849 1873 3882 cum
1896 3833 2164 3882 vastatione
2187 3850 2429 3898 agrorum.

1719 3897 1990 3945 526—528.
2016 3899 2113 3946 Per
2129 3902 2315 3960 proelt‘a,
2339 3898 2536 3947 ordines
2553 3913 2792 3962 pugnan-

1654 3960 1792 4017 tium,
1838 3961 2007 4009 aciem.
2081 3963 2303 4010 fluctuat
2347 3966 2454 4012 ira.-
2509 3963 2668 4026 petita
2711 3963 2796 4010 rei

1652 4024 1866 4086 imagine
1901 4026 1961 4072 ab
1997 4040 2123 4086 aqua
2159 4025 2506 4074 effervescente
2545 4035 2597 4074 et
2633 4037 2792 4074 aestu-

1648 4097 1788 4141 ante:
1825 4103 1946 4149 quae,
1971 4088 2089 4136 dum
2113 4105 2198 4137 vas
2233 4105 2340 4138 eam
2371 4103 2472 4138 non
2493 4088 2643 4152 capit,
2677 4089 2792 4136 luc-

1655 4159 1786 4198 tatur
1829 4161 1881 4198 et
1931 4151 2178 4210 allaborat,
2229 4161 2286 4202 ut
2326 4161 2564 4216 erumpat.
2645 4151 2794 4200 Hinc

1688 4215 1856 4262 lenum
1877 4231 2002 4276 aqua
2023 4230 2109 4264 vas
2130 4219 2361 4278 rumpitur
2373 4235 2392 4272 ,·
2426 4213 2664 4264 vocabulo
2684 4215 2792 4264 sol-

1655 4230 1790 4326 fenni
1832 4277 1892 4325 de
1937 4277 2091 4342 copia.
2168 4280 2250 4328 Sic
2293 4287 2566 4340 rumpuntur
2617 4281 2796 4326 horrea

1655 4343 1886 4390 messibus.
1948 4342 2120 4404 Itaque
2138 4358 2268 4392 nunc
2291 4351 2563 4404 rumpuntur
2577 4351 2794 4404 pectora,
