3050 4934
424 276 554 339 386
1136 302 1142 311 ·
1310 273 1836 339 AENEIDOS

600 424 775 489 Tum
803 423 999 487 variae
1028 422 1331 488 comitum
1360 423 1597 501 facies;

1643 422 1941 486 immania
1969 432 2135 497 cete,

600 524 695 588 Et
725 525 941 589 senior
970 522 1209 589 Glauci
1236 524 1499 601 chorus,
1532 524 1864 608 Inousque
1899 522 2251 599 Palaemon,

601 626 1041 710 Tritonesque
1071 624 1203 700 citi,
1233 622 1606 708 Phorcique
1637 624 1964 689 exercitus
1995 624 2200 687 omnis
2227 648 2242 685 :

428 728 557 791 825
604 726 804 789 Laeva
834 736 1059 789 tenent
1087 725 1348 801 Thetis,
1380 734 1448 789 et
1480 725 1733 803 Melite,
1766 725 2206 807 Panopeaque
2237 724 2443 809 virge,

602 827 867 901 Nesaee,
900 826 1213 910 Spioque,
1243 824 1635 909 Thaliaque,
1668 826 2191 910 Cymodoceque.

691 927 820 990 Hic
850 927 1053 1010 patris
1085 926 1322 989 AEneae
1352 948 1736 1010 suspensam
1763 924 2006 990 blanda
2036 925 2312 988 vicissim

606 1026 871 1091 Gaudia
898 1036 1275 1110 pertentant
1302 1037 1617 1091 mentem:
1655 1028 1852 1110 jubet
1881 1026 2062 1089 ocius
2089 1046 2314 1089 omnes

605 1126 841 1192 Attolli
868 1126 1092 1207 maloS,
1122 1128 1373 1190 intendi
1400 1126 1670 1190 brachia
1697 1124 1879 1189 velis.

433 1230 563 1293 830
609 1227 761 1292 Una
792 1249 1012 1292 omnes
1042 1226 1256 1291 fecere
1286 1227 1558 1310 pedem3
1606 1227 1980 1311 pariterque
2013 1227 2331 1303 sinistroS,

609 1328 808 1392 Nunc
839 1330 1108 1392 dextros
1142 1327 1388 1391 solvere
1422 1328 1638 1391 sinus:
1685 1348 1816 1390 una
1843 1326 2053 1390 ardua
2080 1337 2389 1411 torquent

610 1429 894 1505 Cornua,
925 1429 1469 1511 detorquentque.
1549 1425 1800 1492 Ferunt
1831 1449 1948 1490 sua
1977 1426 2235 1491 flamina
2265 1426 2556 1494 classem.

610 1530 927 1613 Princeps
959 1539 1109 1592 ante
1140 1550 1362 1592 omnes
1392 1529 1668 1593 densum
1695 1526 2042 1591 Palinurus
2075 1530 2315 1612 agebat

613 1627 905 1715 Agmen:
954 1630 1041 1692 ad
1069 1629 1246 1693 hunc
1274 1628 1380 1692 alii
1411 1651 1672 1692 cursum
1702 1629 2096 1693 contendere
2116 1630 2308 1714 jussi.

439 1732 568 1796 835
611 1731 891 1815 Jamque
922 1728 1061 1794 fere
1092 1730 1370 1795 mediam
1400 1728 1547 1794 eoeli
1577 1750 1708 1793 nox
1736 1728 2005 1793 humida
2030 1740 2269 1793 metam

617 1832 1033 1914 Contigerat3
1078 1829 1337 1913 placida
1363 1828 1661 1893 laxarant
1689 1829 1979 1893 membra
2007 1831 2226 1913 quiete

620 1932 762 1997 Sub
792 1931 985 1994 remis
1014 1930 1145 1993 fusi
1173 1952 1292 2012 per
1318 1931 1485 1993 dura
1518 1929 1744 1994 sedilia
1771 1939 2024 1993 nautae:

622 2032 845 2104 Quum
870 2030 1031 2094 levis
1062 2030 1346 2095 aetheriis
1378 2030 1686 2115 delapsus
1721 2030 1998 2093 Somnus
2030 2031 2114 2094 ab
2145 2032 2337 2095 astris

510 2252 783 2329 ⁸²?·.‘.⁸²⁶·
835 2253 949 2299 Tum
982 2234 1127 2326 vot-fa
1166 2256 1375 2326 comi-tum
1396 2249 1566 2326 sqce'es,

444 2327 735 2446 3333?
756 2316 1479 2438 ssssmoezffmss‘ssfiuffiaffffiff
1514 2325 1568 2427 ξιξ

1631 2254 1744 2310 vela,
1769 2252 2016 2315 expedire,
2039 2268 2226 2316 parare.
2285 2252 2398 2301 Hoc
2427 2254 2534 2302 loco
2553 2266 2760 2307 ventum

1631 2316 1851 2364 variante
1904 2316 2092 2380 impetu
2133 2316 2327 2379 oblique
2381 2317 2626 2378 incidisse,
2671 2322 2762 2371 illa

1632 2380 1892 2437 declarant,
1917 2396 2024 2444 quae
2056 2380 2334 2429 declarandi
2362 2397 2508 2430 causa
2537 2384 2726 2446 adjecta
2740 2405 2756 2434 ε

444 2446 677 2495 comitatu
732 2445 811 2493 Ne
848 2443 953 2491 tuni
1012 2442 1313 2506 aliorumque
1365 2443 1568 2491 deorum
1627 2447 1907 2505 pariterque,
1933 2460 2062 2493 nunc
2083 2448 2305 2503 sinistros,
2325 2462 2446 2494 nunc
2462 2450 2646 2497 dextros
2665 2452 2759 2498 sol-

445 2510 771 2565 marinorum3
858 2516 994 2555 roteo
1025 2507 1221 2570 quidem
1254 2523 1344 2571 pro
1375 2522 1568 2555 armen-

448 2574 512 2623 tis
534 2590 593 2622 ea
614 2582 858 2638 pascente,
893 2571 1065 2635 Odyss.
1090 2588 1139 2631 γ,
1164 2573 1260 2618 448
1284 2587 1384 2634 sqq.
1436 2572 1572 2619 Deos

447 2638 661 2687 marinos
690 2636 889 2684 omnino
920 2634 1157 2697 designat,
1195 2650 1399 2698 quorum
1431 2634 1568 2697 prin-

446 2702 583 2767 cipes
616 2704 818 2749 Glaucus
848 2714 903 2747 ac
936 2701 1139 2746 Phor-ctu
1167 2714 1281 2746 cum
1312 2702 1567 2746 Melicerta.

452 2768 621 2814 Glauca·
658 2766 833 2819 chorus,
874 2772 931 2811 ut
971 2762 1140 2811 Phorci
1176 2766 1337 2811 chorus
1376 2778 1482 2825 sup.
1523 2778 1568 2811 v.

449 2830 559 2877 240.
615 2830 789 2885 Senior,
826 2835 883 2874 ut
921 2842 1090 2875 omnes
1127 2826 1327 2874 omnino
1362 2825 1431 2873 dii
1464 2840 1567 2876 ma-

447 2892 559 2951 rini,
594 2892 724 2956 quod
756 2890 935 2939 docent
968 2890 1253 2953 theogoniae,
1281 2889 1456 2953 quibus
1490 2904 1567 2937 re-

448 2972 559 3005 rum
582 2954 717 3019 origo
747 2956 807 3003 ab
840 2968 965 3016 aqua
986 2954 1255 3016 petebatur.
1312 2956 1451 3000 Inous
1472 2956 1569 3001 Pa—

451 3024 621 3077 lemon,
648 3018 906 3066 Melicerta
942 3018 1061 3064 Inus
1094 3016 1236 3064 filius.
1294 3018 1463 3065 Phorci
1491 3034 1570 3065 es·-

448 3088 633 3139 ενοίεω,
654 3082 771 3131 deos
791 3079 1005 3129 marinos
1026 3080 1259 3155 intellige.
1310 3082 1470 3129 Melite
1493 3096 1570 3145 ap.

454 3146 603 3197 Hom.
640 3144 778 3194 Iliad.
812 3160 859 3201 σ,
895 3144 973 3201 42,
1007 3153 1057 3191 et
1091 3142 1293 3192 Hesiod.
1323 3144 1570 3207 Theogon.

453 3211 563 3267 246,
596 3208 726 3256 inter
748 3207 989 3256 Nereides
1010 3206 1232 3257 occurrit.
1289 3208 1365 3256 De
1389 3210 1574 3271 Panope

451 3274 511 3323 cf.
538 3289 593 3323 su
630 3306 643 3319 .
668 3271 731 3320 ad
752 3288 797 3319 v.
824 3273 933 3319 240.

516 3340 581 3386 82
713 3336 788 3383 32.
832 3334 972 3383 Nihil
1006 3343 1126 3400 puto
1158 3334 1293 3383 aliud
1322 3335 1571 3394 declarari,

450 3418 595 3515 {¹233
612 3399 1571 3525 ἕξηὲἓῗέωωιῗὲοέῗέἒυὲῗᾷῗῗ·

450 3530 628 3588 buisse,
652 3542 807 3593 eoque
838 3526 966 3575 facto
988 3542 1119 3575 nunc
1151 3526 1268 3576 solis
1290 3528 1411 3575 velis
1424 3514 1572 3576 ‘navi-

450 3610 590 3707 ffaase
625 3594 895 3667 Troianos„
917 3592 1161 3667 remisque
1197 3592 1350 3640 otium
1384 3590 1572 3667 fecisse:

451 3656 1576 3779 mssa,⁰3312⁵⁰3m223¹1¹335m3¹¹²”5ffi

454 3789 641 3835 brachia
663 3788 787 3843 velis,
812 3784 873 3831 de
906 3782 1133 3832 antennis
1154 3783 1234 3846 agi
1269 3782 1347 3831 vel
1378 3798 1440 3831 ex
1464 3784 1572 3832 Val.

454 3850 615 3899 Flacci
638 3847 909 3898 imitatione
930 3847 1013 3895 lib.
1038 3846 1071 3905 i,
1100 3848 1191 3894 126
1214 3855 1415 3895 constat.
1472 3850 1578 3897 Una

450 3932 600 3965 omnes
624 3912 783 3976 secere
808 3913 983 3973 pedem.
1056 3910 1185 3959 Satis
1220 3920 1409 3959 constat
1434 3915 1577 3973 pedes

452 3990 504 4030 et
537 3980 623 4027 Gr.
654 3974 801 4026 ratas
834 3975 996 4023 nautis
1028 3974 1183 4023 dictos
1218 3974 1371 4033 funes,
1402 3976 1578 4051 quibus

452 4042 707 4093 inferiores
729 4039 827 4089 veli
857 4038 1037 4103 anguli,
1070 4038 1195 4087 forte
1217 4047 1268 4087 et
1302 4039 1398 4103 ipsi
1420 4050 1574 4089 mter·

452 4107 569 4157 dum
614 4108 784 4168 pedum
827 4104 1027 4153 nomine
1070 4103 1317 4161 declarati,
1404 4104 1577 4169 uppim

452 4184 623 4220 versus
649 4169 983 4223 adducuntur3
1018 4176 1069 4217 et
1099 4176 1247 4215 vento
1268 4167 1353 4229 qui
1388 4184 1464 4215 em
1494 4183 1573 4215 se-

453 4234 613 4283 cundo
656 4248 687 4279 a
736 4233 887 4296 puppi
938 4232 1169 4295 spirante,
1215 4231 1279 4278 ad
1320 4240 1578 4293 utrumque

452 4298 580 4347 latus
612 4294 821 4351 adducti,
855 4294 964 4345 vela
994 4296 1057 4343 ad
1090 4304 1291 4343 ventum
1324 4294 1576 4359 excipien-

454 4362 571 4410 dum
607 4358 903 4421 expandunt,
932 4367 989 4406 ut
1018 4368 1205 4421 utroque
1232 4362 1349 4421 pede
1382 4374 1579 4408 currere

452 4426 698 4475 diceretur
730 4422 880 4470 navis.
936 4424 1109 4471 Facere
1136 4426 1311 4484 pedem,
1340 4434 1397 4473 ut
1414 4423 1578 4485 faeere

1636 2524 1753 2565 vere,
1775 2516 1826 2555 et
1849 2507 2180 2567 intenderunt,
2203 2512 2330 2557 sinus
2349 2510 2595 2567 velot-unu
2631 2514 2764 2575 quod

1637 2571 1753 2619 dum
1785 2570 1982 2629 faciunt,
2008 2572 2155 2619 etiam
2182 2581 2419 2622 antennas
2451 2574 2638 2625 inflecti
2671 2593 2759 2625 ne-

1635 2649 1771 2682 cesse
1793 2643 1894 2683 est:
1931 2652 2023 2682 aaa
2044 2638 2196 2683 ardua
2227 2644 2434 2698 torquent
2459 2642 2655 2698 Cornua,
2679 2644 2762 2689 de-

1637 2706 1944 2761 torquemque.
2003 2699 2084 2746 Sic
2114 2698 2249 2749 venti
2281 2700 2371 2759 sui,
2395 2702 2443 2749 h.
2469 2718 2511 2751 e.
2539 2706 2760 2763 secundi,

1635 2762 1800 2809 ferunt
1831 2762 2063 2818 classem;
2100 2763 2254 2812 donec
2279 2765 2369 2812 sub
2403 2776 2594 2815 noctem
2627 2780 2763 2818 recte

1635 2842 1666 2873 a
1698 2826 1854 2889 puppi
1886 2826 2003 2875 flare
2037 2826 2294 2891 incipiunt,
2317 2844 2362 2877 v.
2401 2832 2512 2889 844,
2543 2834 2763 2895 Λερναῖα

1636 2894 1818 2951 spirant
1837 2908 1978 2938 aurae.

1703 2954 1811 3001 833.
1861 2955 1940 3002 De
1975 2956 2200 3003 Palinuro
2235 2955 2336 3005 Iasi
2371 2956 2473 3006 mio
2505 2972 2760 3021 memorat,

1639 3017 1819 3081 quippe
1841 3016 1892 3065 in
1920 3018 2105 3067 Italicis
2127 3018 2301 3068 fabulis
2323 3022 2488 3071 nobili.
2546 3024 2600 3073 Si
2627 3042 2762 3089 quae-

1638 3096 1717 3129 ras
1747 3081 1863 3143 quid
1895 3092 2039 3157 poeta
2073 3083 2292 3147 episodio
2313 3086 2405 3133 hoc
2427 3086 2488 3134 de
2513 3086 2764 3148 Palinuro,

1639 3144 1767 3209 quod
1789 3162 1820 3193 a
1848 3160 1921 3219 rei
1954 3162 2144 3195 summa
2164 3146 2377 3221 alienum
2399 3150 2554 3199 videri
2585 3164 2762 3217 potest,

1637 3210 2265 3337 ῧξῖζῖἒῖἳὲὲηὲἒέἱῗὲ
2281 3216 2763 3341 ἐέῗιὲἷῖιῗῗξοῗῗῗζῐ

1637 3336 1786 3385 linuri
1821 3337 2057 3385 memoria
2091 3338 2142 3386 in
2168 3338 2324 3387 Italiae
2345 3340 2766 3409 Trojanommque

1636 3401 1700 3449 ad
1739 3416 1846 3449 eam
1884 3416 2106 3449 accessus
2147 3402 2417 3465 originibus
2457 3416 2506 3454 et
2545 3407 2766 3461 historiis

1637 3480 1737 3513 non
1761 3473 1864 3513 erat
1891 3466 2120 3521 obscura;
2155 3469 2487 3530 promontorio
2514 3472 2679 3532 etiam,
2703 3478 2766 3525 ab

1641 3531 1746 3591 eius
1777 3528 1974 3577 nomine
2007 3530 2255 3593 inignito,
2279 3531 2342 3579 ad
2373 3532 2536 3581 sinum
2561 3536 2763 3587 Velien-

1639 3608 1758 3649 sem,
1781 3592 2011 3640 celebris:
2047 3608 2154 3641 rem
2185 3594 2350 3658 itaque
2383 3596 2502 3646 satis
2523 3614 2765 3652 memora-

1638 3656 1788 3704 bilem
1833 3656 2058 3705 omittere
2105 3658 2287 3713 noluit:
2337 3674 2538 3724 eamque
2571 3664 2655 3713 lib.
2699 3668 2765 3725 vi,

1641 3720 1736 3771 8³7
1758 3736 1859 3782 sqq.
1883 3720 2106 3779 inseruit,
2127 3737 2258 3771 nunc
2280 3726 2575 3787 praestruxit.

1703 3786 1812 3832 835.
1863 3785 2072 3833 Noctem
2107 3784 2248 3835 deam
2279 3802 2426 3837 curru
2459 3800 2648 3841 vectam
2681 3810 2764 3843 co-

1637 3848 1754 3911 gita,
1789 3863 1992 3912 eamque
2028 3857 2078 3897 et
2109 3848 2162 3897 in
2198 3850 2350 3900 altum
2385 3853 2496 3902 coeli
2530 3866 2765 3909 evectam.

1641 3914 1785 3987 Meles,
1826 3928 2158 4025 prol-summa,
2203 3914 2474 3966 celsissima
2513 3930 2669 3984 parte,
2713 3922 2766 3972 in

1642 3986 1825 4025 vertice
1847 3992 1922 4024 coe
1942 3994 1972 4025 1.

1708 4042 1802 4089 838
1824 4056 1925 4153 ᾔει.
1963 4042 2174 4091 Somnus
2207 4044 2440 4109 opprimit
2469 4048 2767 4110 gubernato—

1641 4120 1746 4153 rem
1787 4105 1828 4153 P
1875 4106 2100 4154 inurum:
2147 4107 2240 4156 hoc
2281 4118 2334 4157 ut
2439 4120 2517 4159 eta
2557 4116 2766 4165 ornavit.

1642 4169 1904 4231 Antiquior
1921 4170 2026 4218 haec
2049 4180 2124 4219 est
2147 4171 2316 4219 Somni
2337 4188 2366 4220 a
2401 4176 2602 4225 vocandi
2625 4180 2769 4239 ratio,

1643 4234 2032 4297 quandoquidem
2076 4235 2208 4298 apud
2253 4236 2528 4287 Homerum
2571 4242 2771 4307 Jupiter

1643 4296 1704 4344 de
1727 4297 1938 4361 Olympo
1961 4300 2197 4347 Somnum
2221 4299 2384 4358 mittit,
2405 4302 2543 4351 Iliad.
2571 4308 2619 4363 β,
2641 4308 2673 4354 6
2695 4324 2766 4371 sq.

1645 4360 1854 4409 Somnus
1877 4364 2068 4409 Lethaea
2088 4378 2211 4424 aqua
2239 4367 2406 4426 adsper-
2445 4370 2478 4413 ‘t
2505 4372 2654 4417 oculos
2674 4372 2768 4419 Pa·

1643 4423 1805 4481 linuri,
1830 4434 1886 4473 ut
1907 4441 2020 4475 eum
2055 4426 2228 4489 sopiat.
2289 4430 2404 4492 Apu
2458 4430 2579 4480 alios
2599 4444 2770 4497 poetas
