<?xml version="1.0" encoding="UTF-8"?>
<!DOCTYPE html PUBLIC "-//W3C//DTD XHTML 1.0 Transitional//EN"
    "http://www.w3.org/TR/xhtml1/DTD/xhtml1-transitional.dtd">
<html xmlns="http://www.w3.org/1999/xhtml" xml:lang="en" lang="en">
 <head>
  <title>
</title>
<meta http-equiv="Content-Type" content="text/html;charset=utf-8" />
  <meta name='ocr-system' content='tesseract 3.04.00' />
  <meta name='ocr-capabilities' content='ocr_page ocr_carea ocr_par ocr_line ocrx_word'/>
</head>
<body>
  <div class='ocr_page' id='page_1' title='image "./publiivirgiliim00unkngoog_0335.png"; bbox 0 0 3050 4934; ppageno 0'>
   <div class='ocr_carea' id='block_1_1' title="bbox 26 3562 32 4076">
    <p class='ocr_par' dir='ltr' id='par_1_1' title="bbox 26 3562 32 4076">
     <span class='ocr_line' id='line_1_1' title="bbox 26 3562 32 4076; baseline 0 0"><span class='ocrx_word' id='word_1_1' title='bbox 26 3562 32 4076; x_wconf 95' lang='lat' dir='ltr'><strong> </strong></span> 
     </span>
    </p>
   </div>
   <div class='ocr_carea' id='block_1_2' title="bbox 467 245 601 309">
    <p class='ocr_par' dir='ltr' id='par_1_2' title="bbox 467 245 601 309">
     <span class='ocr_line' id='line_1_2' title="bbox 467 245 601 309; baseline 0 0"><span class='ocrx_word' id='word_1_2' title='bbox 467 245 601 309; x_wconf 70' lang='lat'><strong>324</strong></span> 
     </span>
    </p>
   </div>
   <div class='ocr_carea' id='block_1_3' title="bbox 1369 238 1912 311">
    <p class='ocr_par' dir='ltr' id='par_1_3' title="bbox 1369 238 1912 311">
     <span class='ocr_line' id='line_1_3' title="bbox 1369 238 1912 311; baseline -0.015 0"><span class='ocrx_word' id='word_1_3' title='bbox 1369 238 1912 311; x_wconf 85' lang='lat' dir='ltr'><strong>AENEIDOS·</strong></span> 
     </span>
    </p>
   </div>
   <div class='ocr_carea' id='block_1_4' title="bbox 475 384 2579 2395">
    <p class='ocr_par' dir='ltr' id='par_1_4' title="bbox 475 384 2405 876">
     <span class='ocr_line' id='line_1_4' title="bbox 475 384 2229 476; baseline -0.007 -15"><span class='ocrx_word' id='word_1_4' title='bbox 475 396 602 461; x_wconf 83' lang='lat'><strong>140</strong></span> <span class='ocrx_word' id='word_1_5' title='bbox 643 394 794 460; x_wconf 90' lang='lat' dir='ltr'><strong>Nec</strong></span> <span class='ocrx_word' id='word_1_6' title='bbox 823 415 954 458; x_wconf 86' lang='lat' dir='ltr'><strong>non</strong></span> <span class='ocrx_word' id='word_1_7' title='bbox 983 402 1051 457; x_wconf 85' lang='lat' dir='ltr'><strong>et</strong></span> <span class='ocrx_word' id='word_1_8' title='bbox 1081 391 1354 476; x_wconf 88' lang='lat' dir='ltr'><strong>Phrygii</strong></span> <span class='ocrx_word' id='word_1_9' title='bbox 1383 391 1675 467; x_wconf 88' lang='lat' dir='ltr'><strong>comites,</strong></span> <span class='ocrx_word' id='word_1_10' title='bbox 1706 399 1775 453; x_wconf 93' lang='lat' dir='ltr'><strong>et</strong></span> <span class='ocrx_word' id='word_1_11' title='bbox 1802 386 1991 453; x_wconf 84' lang='lat' dir='ltr'><strong>laetus</strong></span> <span class='ocrx_word' id='word_1_12' title='bbox 2023 384 2229 461; x_wconf 84' lang='lat' dir='ltr'><strong>Iulus,</strong></span> 
     </span>
     <span class='ocr_line' id='line_1_5' title="bbox 645 488 2355 578; baseline -0.007 -17"><span class='ocrx_word' id='word_1_13' title='bbox 645 496 990 561; x_wconf 83' lang='lat' dir='ltr'><strong>Incedunt.</strong></span> <span class='ocrx_word' id='word_1_14' title='bbox 1053 494 1223 578; x_wconf 85' lang='lat' dir='ltr'><strong>‘Ipse</strong></span> <span class='ocrx_word' id='word_1_15' title='bbox 1253 502 1404 557; x_wconf 88' lang='lat' dir='ltr'><strong>ante</strong></span> <span class='ocrx_word' id='word_1_16' title='bbox 1436 491 1595 555; x_wconf 88' lang='lat' dir='ltr'><strong>alios</strong></span> <span class='ocrx_word' id='word_1_17' title='bbox 1626 488 2097 575; x_wconf 88' lang='lat' dir='ltr'><strong>pulcherrimus</strong></span> <span class='ocrx_word' id='word_1_18' title='bbox 2134 508 2355 551; x_wconf 87' lang='lat' dir='ltr'><strong>omnes</strong></span> 
     </span>
     <span class='ocr_line' id='line_1_6' title="bbox 649 588 2331 677; baseline -0.008 -14"><span class='ocrx_word' id='word_1_19' title='bbox 649 596 858 663; x_wconf 85' lang='lat' dir='ltr'><strong>Infert</strong></span> <span class='ocrx_word' id='word_1_20' title='bbox 887 618 959 664; x_wconf 86' lang='lat' dir='ltr'><strong>se</strong></span> <span class='ocrx_word' id='word_1_21' title='bbox 991 595 1234 659; x_wconf 88' lang='lat' dir='ltr'><strong>socium</strong></span> <span class='ocrx_word' id='word_1_22' title='bbox 1263 588 1541 670; x_wconf 81' lang='lat' dir='ltr'><strong>AEneas,</strong></span> <span class='ocrx_word' id='word_1_23' title='bbox 1574 603 1771 677; x_wconf 79' lang='lat' dir='ltr'><strong>atque</strong></span> <span class='ocrx_word' id='word_1_24' title='bbox 1802 592 2058 675; x_wconf 82' lang='lat' dir='ltr'><strong>agmina</strong></span> <span class='ocrx_word' id='word_1_25' title='bbox 2076 588 2331 672; x_wconf 84' lang='lat' dir='ltr'><strong>jungit:</strong></span> 
     </span>
     <span class='ocr_line' id='line_1_7' title="bbox 649 689 2405 778; baseline -0.007 -15"><span class='ocrx_word' id='word_1_26' title='bbox 649 696 905 775; x_wconf 77' lang='lat' dir='ltr'><strong>Qualis,</strong></span> <span class='ocrx_word' id='word_1_27' title='bbox 935 697 1050 762; x_wconf 92' lang='lat' dir='ltr'><strong>ubi</strong></span> <span class='ocrx_word' id='word_1_28' title='bbox 1077 696 1416 759; x_wconf 84' lang='lat' dir='ltr'><strong>hibernam</strong></span> <span class='ocrx_word' id='word_1_29' title='bbox 1449 694 1717 778; x_wconf 87' lang='lat' dir='ltr'><strong>Lyciam</strong></span> <span class='ocrx_word' id='word_1_30' title='bbox 1748 692 2128 775; x_wconf 81' lang='lat' dir='ltr'><strong>Xanthique</strong></span> <span class='ocrx_word' id='word_1_31' title='bbox 2158 689 2405 753; x_wconf 87' lang='lat' dir='ltr'><strong>fluenta</strong></span> 
     </span>
     <span class='ocr_line' id='line_1_8' title="bbox 646 789 2246 876; baseline -0.005 -12"><span class='ocrx_word' id='word_1_32' title='bbox 646 799 941 874; x_wconf 82' lang='lat' dir='ltr'><strong>Deserit,</strong></span> <span class='ocrx_word' id='word_1_33' title='bbox 973 820 1050 862; x_wconf 88' lang='lat' dir='ltr'><strong>ac</strong></span> <span class='ocrx_word' id='word_1_34' title='bbox 1080 796 1324 861; x_wconf 91' lang='lat' dir='ltr'><strong>Delum</strong></span> <span class='ocrx_word' id='word_1_35' title='bbox 1351 809 1709 859; x_wconf 80' lang='lat' dir='ltr'><strong>maternam</strong></span> <span class='ocrx_word' id='word_1_36' title='bbox 1736 795 1953 857; x_wconf 83' lang='lat' dir='ltr'><strong>invisit</strong></span> <span class='ocrx_word' id='word_1_37' title='bbox 1982 789 2246 876; x_wconf 85' lang='lat' dir='ltr'><strong>Apollo,</strong></span> 
     </span>
    </p>

    <p class='ocr_par' dir='ltr' id='par_1_5' title="bbox 481 892 2565 1383">
     <span class='ocr_line' id='line_1_9' title="bbox 481 892 2276 982; baseline -0.006 -17"><span class='ocrx_word' id='word_1_38' title='bbox 481 901 603 965; x_wconf 76' lang='lat'><strong>146</strong></span> <span class='ocrx_word' id='word_1_39' title='bbox 649 900 1111 982; x_wconf 87' lang='lat' dir='ltr'><strong>Instauratque</strong></span> <span class='ocrx_word' id='word_1_40' title='bbox 1140 896 1402 973; x_wconf 81' lang='lat' dir='ltr'><strong>choros,</strong></span> <span class='ocrx_word' id='word_1_41' title='bbox 1430 897 1747 979; x_wconf 83' lang='lat' dir='ltr'><strong>mixtique</strong></span> <span class='ocrx_word' id='word_1_42' title='bbox 1778 892 2009 959; x_wconf 84' lang='lat' dir='ltr'><strong>altaria</strong></span> <span class='ocrx_word' id='word_1_43' title='bbox 2034 893 2276 957; x_wconf 89' lang='lat' dir='ltr'><strong>circum</strong></span> 
     </span>
     <span class='ocr_line' id='line_1_10' title="bbox 649 990 2565 1085; baseline -0.006 -19"><span class='ocrx_word' id='word_1_44' title='bbox 649 1003 1013 1085; x_wconf 81' lang='lat' dir='ltr'><strong>Cretesque</strong></span> <span class='ocrx_word' id='word_1_45' title='bbox 1045 1000 1485 1083; x_wconf 84' lang='lat' dir='ltr'><strong>Dryopesque</strong></span> <span class='ocrx_word' id='word_1_46' title='bbox 1515 995 1821 1071; x_wconf 87' lang='lat' dir='ltr'><strong>fremunt,</strong></span> <span class='ocrx_word' id='word_1_47' title='bbox 1852 994 2137 1079; x_wconf 85' lang='lat' dir='ltr'><strong>pictique</strong></span> <span class='ocrx_word' id='word_1_48' title='bbox 2169 990 2565 1075; x_wconf 80' lang='lat' dir='ltr'><strong>Agathyrsi3</strong></span> 
     </span>
     <span class='ocr_line' id='line_1_11' title="bbox 651 1096 2297 1189; baseline -0.007 -21"><span class='ocrx_word' id='word_1_49' title='bbox 651 1104 806 1189; x_wconf 89' lang='lat' dir='ltr'><strong>Ipse</strong></span> <span class='ocrx_word' id='word_1_50' title='bbox 824 1103 1004 1188; x_wconf 87' lang='lat' dir='ltr'><strong>jugis</strong></span> <span class='ocrx_word' id='word_1_51' title='bbox 1035 1100 1280 1185; x_wconf 87' lang='lat' dir='ltr'><strong>Cynthi</strong></span> <span class='ocrx_word' id='word_1_52' title='bbox 1307 1099 1629 1185; x_wconf 85' lang='lat' dir='ltr'><strong>graditur,</strong></span> <span class='ocrx_word' id='word_1_53' title='bbox 1654 1096 1959 1182; x_wconf 87' lang='lat' dir='ltr'><strong>mollique</strong></span> <span class='ocrx_word' id='word_1_54' title='bbox 1988 1096 2297 1161; x_wconf 87' lang='lat' dir='ltr'><strong>fluentem</strong></span> 
     </span>
     <span class='ocr_line' id='line_1_12' title="bbox 655 1195 2532 1287; baseline -0.005 -19"><span class='ocrx_word' id='word_1_55' title='bbox 655 1204 919 1269; x_wconf 85' lang='lat' dir='ltr'><strong>Fronde</strong></span> <span class='ocrx_word' id='word_1_56' title='bbox 949 1202 1184 1287; x_wconf 90' lang='lat' dir='ltr'><strong>premit</strong></span> <span class='ocrx_word' id='word_1_57' title='bbox 1213 1202 1454 1265; x_wconf 91' lang='lat' dir='ltr'><strong>crinem</strong></span> <span class='ocrx_word' id='word_1_58' title='bbox 1481 1199 1761 1283; x_wconf 83' lang='lat' dir='ltr'><strong>fingens,</strong></span> <span class='ocrx_word' id='word_1_59' title='bbox 1792 1208 1989 1282; x_wconf 89' lang='lat' dir='ltr'><strong>atque</strong></span> <span class='ocrx_word' id='word_1_60' title='bbox 2016 1195 2301 1280; x_wconf 87' lang='lat' dir='ltr'><strong>implicat</strong></span> <span class='ocrx_word' id='word_1_61' title='bbox 2334 1216 2532 1272; x_wconf 81' lang='lat' dir='ltr'><strong>aur03</strong></span> 
     </span>
     <span class='ocr_line' id='line_1_13' title="bbox 661 1298 2259 1383; baseline -0.006 -13"><span class='ocrx_word' id='word_1_62' title='bbox 661 1304 830 1370; x_wconf 85' lang='lat' dir='ltr'><strong>Tela</strong></span> <span class='ocrx_word' id='word_1_63' title='bbox 861 1313 1094 1368; x_wconf 87' lang='lat' dir='ltr'><strong>sonant</strong></span> <span class='ocrx_word' id='word_1_64' title='bbox 1120 1301 1444 1365; x_wconf 80' lang='lat' dir='ltr'><strong>humeris:</strong></span> <span class='ocrx_word' id='word_1_65' title='bbox 1487 1299 1665 1364; x_wconf 90' lang='lat' dir='ltr'><strong>haud</strong></span> <span class='ocrx_word' id='word_1_66' title='bbox 1694 1298 1803 1363; x_wconf 91' lang='lat' dir='ltr'><strong>illo</strong></span> <span class='ocrx_word' id='word_1_67' title='bbox 1834 1299 2093 1383; x_wconf 85' lang='lat' dir='ltr'><strong>segnior</strong></span> <span class='ocrx_word' id='word_1_68' title='bbox 2120 1299 2259 1362; x_wconf 89' lang='lat' dir='ltr'><strong>ibat</strong></span> 
     </span>
    </p>

    <p class='ocr_par' dir='ltr' id='par_1_6' title="bbox 490 1401 2170 1486">
     <span class='ocr_line' id='line_1_14' title="bbox 490 1401 2170 1486; baseline -0.005 -14"><span class='ocrx_word' id='word_1_69' title='bbox 490 1407 614 1472; x_wconf 84' lang='lat'><strong>150</strong></span> <span class='ocrx_word' id='word_1_70' title='bbox 657 1404 948 1482; x_wconf 80' lang='lat' dir='ltr'><strong>AEneas3</strong></span> <span class='ocrx_word' id='word_1_71' title='bbox 995 1413 1246 1467; x_wconf 87' lang='lat' dir='ltr'><strong>tantum</strong></span> <span class='ocrx_word' id='word_1_72' title='bbox 1273 1402 1541 1486; x_wconf 86' lang='lat' dir='ltr'><strong>egregio</strong></span> <span class='ocrx_word' id='word_1_73' title='bbox 1571 1401 1773 1465; x_wconf 88' lang='lat' dir='ltr'><strong>decus</strong></span> <span class='ocrx_word' id='word_1_74' title='bbox 1804 1402 2007 1465; x_wconf 84' lang='lat' dir='ltr'><strong>enitet</strong></span> <span class='ocrx_word' id='word_1_75' title='bbox 2036 1422 2170 1465; x_wconf 91' lang='lat' dir='ltr'><strong>ore.</strong></span> 
     </span>
    </p>

    <p class='ocr_par' dir='ltr' id='par_1_7' title="bbox 656 1499 2579 1689">
     <span class='ocr_line' id='line_1_15' title="bbox 656 1499 2579 1590; baseline -0.004 -18"><span class='ocrx_word' id='word_1_76' title='bbox 656 1507 1015 1590; x_wconf 85' lang='lat' dir='ltr'><strong>Postquam</strong></span> <span class='ocrx_word' id='word_1_77' title='bbox 1043 1504 1210 1569; x_wconf 88' lang='lat' dir='ltr'><strong>altos</strong></span> <span class='ocrx_word' id='word_1_78' title='bbox 1238 1513 1500 1568; x_wconf 85' lang='lat' dir='ltr'><strong>ventum</strong></span> <span class='ocrx_word' id='word_1_79' title='bbox 1527 1505 1595 1567; x_wconf 91' lang='lat' dir='ltr'><strong>in</strong></span> <span class='ocrx_word' id='word_1_80' title='bbox 1620 1512 1899 1579; x_wconf 87' lang='lat' dir='ltr'><strong>montes,</strong></span> <span class='ocrx_word' id='word_1_81' title='bbox 1928 1512 2125 1586; x_wconf 87' lang='lat' dir='ltr'><strong>atque</strong></span> <span class='ocrx_word' id='word_1_82' title='bbox 2152 1502 2323 1565; x_wconf 83' lang='lat' dir='ltr'><strong>invia</strong></span> <span class='ocrx_word' id='word_1_83' title='bbox 2347 1499 2579 1577; x_wconf 86' lang='lat' dir='ltr'><strong>lustra,</strong></span> 
     </span>
     <span class='ocr_line' id='line_1_16' title="bbox 657 1605 2065 1689; baseline -0.004 -16"><span class='ocrx_word' id='word_1_84' title='bbox 657 1608 838 1673; x_wconf 90' lang='lat' dir='ltr'><strong>Ecce</strong></span> <span class='ocrx_word' id='word_1_85' title='bbox 869 1606 1049 1683; x_wconf 84' lang='lat' dir='ltr'><strong>ferae,</strong></span> <span class='ocrx_word' id='word_1_86' title='bbox 1081 1606 1224 1669; x_wconf 86' lang='lat' dir='ltr'><strong>saxi</strong></span> <span class='ocrx_word' id='word_1_87' title='bbox 1251 1605 1528 1689; x_wconf 87' lang='lat' dir='ltr'><strong>dejectae</strong></span> <span class='ocrx_word' id='word_1_88' title='bbox 1553 1605 1818 1680; x_wconf 80' lang='lat' dir='ltr'><strong>vertice,</strong></span> <span class='ocrx_word' id='word_1_89' title='bbox 1850 1625 2065 1688; x_wconf 81' lang='lat' dir='ltr'><strong>caprae</strong></span> 
     </span>
    </p>

    <p class='ocr_par' dir='ltr' id='par_1_8' title="bbox 654 1705 2377 1890">
     <span class='ocr_line' id='line_1_17' title="bbox 654 1705 2105 1791; baseline -0.003 -17"><span class='ocrx_word' id='word_1_90' title='bbox 654 1710 1030 1774; x_wconf 88' lang='lat' dir='ltr'><strong>Decurrere</strong></span> <span class='ocrx_word' id='word_1_91' title='bbox 1049 1708 1270 1791; x_wconf 83' lang='lat' dir='ltr'><strong>jugis3</strong></span> <span class='ocrx_word' id='word_1_92' title='bbox 1317 1705 1444 1771; x_wconf 89' lang='lat' dir='ltr'><strong>alia</strong></span> <span class='ocrx_word' id='word_1_93' title='bbox 1471 1706 1557 1771; x_wconf 91' lang='lat' dir='ltr'><strong>de</strong></span> <span class='ocrx_word' id='word_1_94' title='bbox 1588 1714 1775 1789; x_wconf 88' lang='lat' dir='ltr'><strong>parte</strong></span> <span class='ocrx_word' id='word_1_95' title='bbox 1804 1714 2105 1789; x_wconf 83' lang='lat' dir='ltr'><strong>patentes</strong></span> 
     </span>
     <span class='ocr_line' id='line_1_18' title="bbox 657 1806 2377 1890; baseline -0.003 -16"><span class='ocrx_word' id='word_1_96' title='bbox 657 1809 1141 1876; x_wconf 88' lang='lat' dir='ltr'><strong>Transmittunt</strong></span> <span class='ocrx_word' id='word_1_97' title='bbox 1172 1829 1368 1872; x_wconf 91' lang='lat' dir='ltr'><strong>cursu</strong></span> <span class='ocrx_word' id='word_1_98' title='bbox 1397 1828 1661 1890; x_wconf 88' lang='lat' dir='ltr'><strong>campos</strong></span> <span class='ocrx_word' id='word_1_99' title='bbox 1693 1816 1889 1890; x_wconf 89' lang='lat' dir='ltr'><strong>atque</strong></span> <span class='ocrx_word' id='word_1_100' title='bbox 1918 1806 2175 1889; x_wconf 86' lang='lat' dir='ltr'><strong>agmina</strong></span> <span class='ocrx_word' id='word_1_101' title='bbox 2202 1806 2377 1870; x_wconf 83' lang='lat' dir='ltr'><strong>cervi</strong></span> 
     </span>
    </p>

    <p class='ocr_par' dir='ltr' id='par_1_9' title="bbox 493 1906 2561 2395">
     <span class='ocr_line' id='line_1_19' title="bbox 493 1906 2557 1991; baseline -0.004 -14"><span class='ocrx_word' id='word_1_102' title='bbox 493 1913 615 1977; x_wconf 88' lang='lat'><strong>155</strong></span> <span class='ocrx_word' id='word_1_103' title='bbox 660 1908 1123 1976; x_wconf 87' lang='lat' dir='ltr'><strong>Pulverulenta</strong></span> <span class='ocrx_word' id='word_1_104' title='bbox 1150 1908 1310 1991; x_wconf 70' lang='lat' dir='ltr'><strong>stiga</strong></span> <span class='ocrx_word' id='word_1_105' title='bbox 1336 1906 1721 1990; x_wconf 84' lang='lat' dir='ltr'><strong>glomerant,</strong></span> <span class='ocrx_word' id='word_1_106' title='bbox 1752 1917 2136 1991; x_wconf 87' lang='lat' dir='ltr'><strong>montesque</strong></span> <span class='ocrx_word' id='word_1_107' title='bbox 2164 1906 2557 1990; x_wconf 87' lang='lat' dir='ltr'><strong>relinquunt.</strong></span> 
     </span>
     <span class='ocr_line' id='line_1_20' title="bbox 658 2006 2129 2095; baseline -0.003 -19"><span class='ocrx_word' id='word_1_108' title='bbox 658 2011 756 2076; x_wconf 86' lang='lat' dir='ltr'><strong>At</strong></span> <span class='ocrx_word' id='word_1_109' title='bbox 786 2032 950 2095; x_wconf 90' lang='lat' dir='ltr'><strong>puer</strong></span> <span class='ocrx_word' id='word_1_110' title='bbox 981 2007 1306 2073; x_wconf 87' lang='lat' dir='ltr'><strong>Ascanius</strong></span> <span class='ocrx_word' id='word_1_111' title='bbox 1337 2008 1565 2071; x_wconf 88' lang='lat' dir='ltr'><strong>mediis</strong></span> <span class='ocrx_word' id='word_1_112' title='bbox 1596 2007 1663 2072; x_wconf 92' lang='lat' dir='ltr'><strong>in</strong></span> <span class='ocrx_word' id='word_1_113' title='bbox 1692 2006 1964 2073; x_wconf 84' lang='lat' dir='ltr'><strong>vallibus</strong></span> <span class='ocrx_word' id='word_1_114' title='bbox 1995 2008 2129 2072; x_wconf 87' lang='lat' dir='ltr'><strong>acri</strong></span> 
     </span>
     <span class='ocr_line' id='line_1_21' title="bbox 662 2106 2553 2193; baseline -0.002 -19"><span class='ocrx_word' id='word_1_115' title='bbox 662 2110 934 2175; x_wconf 87' lang='lat' dir='ltr'><strong>Gaudet</strong></span> <span class='ocrx_word' id='word_1_116' title='bbox 963 2131 1170 2192; x_wconf 82' lang='lat' dir='ltr'><strong>equ03</strong></span> <span class='ocrx_word' id='word_1_117' title='bbox 1205 2109 1472 2193; x_wconf 85' lang='lat' dir='ltr'><strong>jamque</strong></span> <span class='ocrx_word' id='word_1_118' title='bbox 1502 2108 1625 2172; x_wconf 78' lang='lat' dir='ltr'><strong>hos</strong></span> <span class='ocrx_word' id='word_1_119' title='bbox 1658 2130 1878 2186; x_wconf 88' lang='lat' dir='ltr'><strong>cursu,</strong></span> <span class='ocrx_word' id='word_1_120' title='bbox 1902 2110 2039 2193; x_wconf 90' lang='lat' dir='ltr'><strong>jam</strong></span> <span class='ocrx_word' id='word_1_121' title='bbox 2067 2109 2361 2193; x_wconf 80' lang='lat' dir='ltr'><strong>praeterit</strong></span> <span class='ocrx_word' id='word_1_122' title='bbox 2386 2106 2553 2184; x_wconf 81' lang='lat' dir='ltr'><strong>illos,</strong></span> 
     </span>
     <span class='ocr_line' id='line_1_22' title="bbox 662 2208 2305 2295; baseline -0.001 -21"><span class='ocrx_word' id='word_1_123' title='bbox 662 2211 1212 2295; x_wconf 86' lang='lat' dir='ltr'><strong>Spumantemque</strong></span> <span class='ocrx_word' id='word_1_124' title='bbox 1243 2208 1386 2273; x_wconf 88' lang='lat' dir='ltr'><strong>dari</strong></span> <span class='ocrx_word' id='word_1_125' title='bbox 1415 2230 1657 2293; x_wconf 89' lang='lat' dir='ltr'><strong>pecora</strong></span> <span class='ocrx_word' id='word_1_126' title='bbox 1683 2210 1851 2274; x_wconf 86' lang='lat' dir='ltr'><strong>inter</strong></span> <span class='ocrx_word' id='word_1_127' title='bbox 1878 2211 2112 2275; x_wconf 88' lang='lat' dir='ltr'><strong>inertia</strong></span> <span class='ocrx_word' id='word_1_128' title='bbox 2138 2210 2305 2274; x_wconf 85' lang='lat' dir='ltr'><strong>votis</strong></span> 
     </span>
     <span class='ocr_line' id='line_1_23' title="bbox 664 2309 2561 2395; baseline -0.001 -19"><span class='ocrx_word' id='word_1_129' title='bbox 664 2311 878 2395; x_wconf 83' lang='lat' dir='ltr'><strong>Optat</strong></span> <span class='ocrx_word' id='word_1_130' title='bbox 907 2332 1161 2395; x_wconf 87' lang='lat' dir='ltr'><strong>aprum,</strong></span> <span class='ocrx_word' id='word_1_131' title='bbox 1193 2321 1306 2375; x_wconf 88' lang='lat' dir='ltr'><strong>aut</strong></span> <span class='ocrx_word' id='word_1_132' title='bbox 1335 2309 1583 2375; x_wconf 78' lang='lat' dir='ltr'><strong>fulvum</strong></span> <span class='ocrx_word' id='word_1_133' title='bbox 1610 2311 2011 2376; x_wconf 87' lang='lat' dir='ltr'><strong>descendere</strong></span> <span class='ocrx_word' id='word_1_134' title='bbox 2038 2321 2255 2376; x_wconf 88' lang='lat' dir='ltr'><strong>monte</strong></span> <span class='ocrx_word' id='word_1_135' title='bbox 2286 2309 2561 2375; x_wconf 88' lang='lat' dir='ltr'><strong>leonem.</strong></span> 
     </span>
    </p>
   </div>
   <div class='ocr_carea' id='block_1_5' title="bbox 491 2414 616 2479">
    <p class='ocr_par' dir='ltr' id='par_1_10' title="bbox 491 2414 616 2479">
     <span class='ocr_line' id='line_1_24' title="bbox 491 2414 616 2479; baseline 0.008 -1"><span class='ocrx_word' id='word_1_136' title='bbox 491 2414 616 2479; x_wconf 87' lang='lat'><strong>160</strong></span> 
     </span>
    </p>
   </div>
   <div class='ocr_carea' id='block_1_6' title="bbox 746 2411 2176 2496">
    <p class='ocr_par' dir='ltr' id='par_1_11' title="bbox 746 2411 2176 2496">
     <span class='ocr_line' id='line_1_25' title="bbox 746 2411 2176 2496; baseline 0 -20"><span class='ocrx_word' id='word_1_137' title='bbox 746 2412 1006 2476; x_wconf 87' lang='lat' dir='ltr'><strong>Interea</strong></span> <span class='ocrx_word' id='word_1_138' title='bbox 1035 2432 1271 2496; x_wconf 77' lang='lat' dir='ltr'><strong>magno</strong></span> <span class='ocrx_word' id='word_1_139' title='bbox 1299 2412 1555 2477; x_wconf 80' lang='lat' dir='ltr'><strong>misceri</strong></span> <span class='ocrx_word' id='word_1_140' title='bbox 1582 2433 1909 2476; x_wconf 90' lang='lat' dir='ltr'><strong>murmure</strong></span> <span class='ocrx_word' id='word_1_141' title='bbox 1941 2411 2176 2476; x_wconf 89' lang='lat' dir='ltr'><strong>coelum</strong></span> 
     </span>
    </p>
   </div>
   <div class='ocr_carea' id='block_1_7' title="bbox 663 2512 2374 2700">
    <p class='ocr_par' dir='ltr' id='par_1_12' title="bbox 663 2512 2374 2700">
     <span class='ocr_line' id='line_1_26' title="bbox 663 2512 2374 2598; baseline -0.002 -20"><span class='ocrx_word' id='word_1_142' title='bbox 663 2514 934 2598; x_wconf 84' lang='lat' dir='ltr'><strong>Incipit3</strong></span> <span class='ocrx_word' id='word_1_143' title='bbox 981 2514 1345 2597; x_wconf 86' lang='lat' dir='ltr'><strong>insequitur</strong></span> <span class='ocrx_word' id='word_1_144' title='bbox 1374 2512 1721 2577; x_wconf 85' lang='lat' dir='ltr'><strong>commixta</strong></span> <span class='ocrx_word' id='word_1_145' title='bbox 1750 2513 2066 2596; x_wconf 84' lang='lat' dir='ltr'><strong>grandine</strong></span> <span class='ocrx_word' id='word_1_146' title='bbox 2095 2513 2374 2577; x_wconf 87' lang='lat' dir='ltr'><strong>nimbus.</strong></span> 
     </span>
     <span class='ocr_line' id='line_1_27' title="bbox 663 2613 2339 2700; baseline -0.002 -20"><span class='ocrx_word' id='word_1_147' title='bbox 663 2616 758 2680; x_wconf 90' lang='lat' dir='ltr'><strong>Et</strong></span> <span class='ocrx_word' id='word_1_148' title='bbox 786 2615 974 2700; x_wconf 90' lang='lat' dir='ltr'><strong>Tyrii</strong></span> <span class='ocrx_word' id='word_1_149' title='bbox 1001 2616 1266 2679; x_wconf 86' lang='lat' dir='ltr'><strong>comites</strong></span> <span class='ocrx_word' id='word_1_150' title='bbox 1299 2614 1563 2698; x_wconf 88' lang='lat' dir='ltr'><strong>passim,</strong></span> <span class='ocrx_word' id='word_1_151' title='bbox 1595 2623 1663 2678; x_wconf 90' lang='lat' dir='ltr'><strong>et</strong></span> <span class='ocrx_word' id='word_1_152' title='bbox 1691 2613 1985 2698; x_wconf 89' lang='lat' dir='ltr'><strong>Trojana</strong></span> <span class='ocrx_word' id='word_1_153' title='bbox 2002 2614 2339 2699; x_wconf 85' lang='lat' dir='ltr'><strong>juventus,</strong></span> 
     </span>
    </p>
   </div>
   <div class='ocr_carea' id='block_1_8' title="bbox 477 2800 1621 4471">
    <p class='ocr_par' dir='ltr' id='par_1_13' title="bbox 488 2800 1616 2929">
     <span class='ocr_line' id='line_1_28' title="bbox 488 2800 1616 2863; baseline -0.002 -12"><span class='ocrx_word' id='word_1_154' title='bbox 488 2802 689 2851; x_wconf 78' lang='lat' dir='ltr'><strong>fibulam</strong></span> <span class='ocrx_word' id='word_1_155' title='bbox 709 2800 790 2850; x_wconf 86' lang='lat' dir='ltr'><strong>hic</strong></span> <span class='ocrx_word' id='word_1_156' title='bbox 809 2816 914 2851; x_wconf 87' lang='lat' dir='ltr'><strong>esse</strong></span> <span class='ocrx_word' id='word_1_157' title='bbox 931 2801 985 2849; x_wconf 87' lang='lat' dir='ltr'><strong>in</strong></span> <span class='ocrx_word' id='word_1_158' title='bbox 1001 2801 1162 2850; x_wconf 81' lang='lat' dir='ltr'><strong>balteo</strong></span> <span class='ocrx_word' id='word_1_159' title='bbox 1180 2816 1269 2849; x_wconf 74' lang='lat' dir='ltr'><strong>seu</strong></span> <span class='ocrx_word' id='word_1_160' title='bbox 1290 2800 1500 2863; x_wconf 79' lang='lat' dir='ltr'><strong>cingulo,</strong></span> <span class='ocrx_word' id='word_1_161' title='bbox 1518 2816 1616 2863; x_wconf 85' lang='lat' dir='ltr'><strong>quo</strong></span> 
     </span>
     <span class='ocr_line' id='line_1_29' title="bbox 491 2865 994 2929; baseline -0.004 -14"><span class='ocrx_word' id='word_1_162' title='bbox 491 2867 660 2915; x_wconf 85' lang='lat' dir='ltr'><strong>tunica</strong></span> <span class='ocrx_word' id='word_1_163' title='bbox 681 2865 994 2929; x_wconf 83' lang='lat' dir='ltr'><strong>succingitur.</strong></span> 
     </span>
    </p>

    <p class='ocr_par' dir='ltr' id='par_1_14' title="bbox 477 2928 1619 3570">
     <span class='ocr_line' id='line_1_30' title="bbox 561 2928 1613 2993; baseline -0.001 -15"><span class='ocrx_word' id='word_1_164' title='bbox 561 2933 649 2978; x_wconf 80' lang='lat'><strong>141</strong></span> <span class='ocrx_word' id='word_1_165' title='bbox 699 2946 799 2993; x_wconf 88' lang='lat' dir='ltr'><strong>sqq.</strong></span> <span class='ocrx_word' id='word_1_166' title='bbox 850 2932 1206 2986; x_wconf 65' lang='lat' dir='ltr'><strong>Pulcherrima,</strong></span> <span class='ocrx_word' id='word_1_167' title='bbox 1251 2928 1462 2977; x_wconf 79' lang='lat' dir='ltr'><strong>veneris</strong></span> <span class='ocrx_word' id='word_1_168' title='bbox 1505 2945 1613 2977; x_wconf 90' lang='lat' dir='ltr'><strong>mu-</strong></span> 
     </span>
     <span class='ocr_line' id='line_1_31' title="bbox 491 2993 1614 3058; baseline -0.002 -15"><span class='ocrx_word' id='word_1_169' title='bbox 491 3010 610 3043; x_wconf 86' lang='lat' dir='ltr'><strong>nere</strong></span> <span class='ocrx_word' id='word_1_170' title='bbox 631 3003 777 3058; x_wconf 83' lang='lat' dir='ltr'><strong>puta:</strong></span> <span class='ocrx_word' id='word_1_171' title='bbox 799 2994 882 3043; x_wconf 85' lang='lat' dir='ltr'><strong>lib.</strong></span> <span class='ocrx_word' id='word_1_172' title='bbox 907 2995 940 3051; x_wconf 87' lang='lat' dir='ltr'><strong>i,</strong></span> <span class='ocrx_word' id='word_1_173' title='bbox 960 2994 1054 3040; x_wconf 86' lang='lat'><strong>589</strong></span> <span class='ocrx_word' id='word_1_174' title='bbox 1072 3009 1173 3054; x_wconf 84' lang='lat' dir='ltr'><strong>sqq.</strong></span> <span class='ocrx_word' id='word_1_175' title='bbox 1221 2993 1614 3057; x_wconf 69' lang='lat' dir='ltr'><strong>Agminajungit,</strong></span> 
     </span>
     <span class='ocr_line' id='line_1_32' title="bbox 490 3056 1613 3121; baseline -0.001 -14"><span class='ocrx_word' id='word_1_176' title='bbox 490 3058 814 3121; x_wconf 86' lang='lat' dir='ltr'><strong>Trojanorum</strong></span> <span class='ocrx_word' id='word_1_177' title='bbox 847 3073 961 3106; x_wconf 88' lang='lat' dir='ltr'><strong>cum</strong></span> <span class='ocrx_word' id='word_1_178' title='bbox 992 3056 1169 3119; x_wconf 86' lang='lat' dir='ltr'><strong>Tyriis.</strong></span> <span class='ocrx_word' id='word_1_179' title='bbox 1227 3056 1426 3105; x_wconf 86' lang='lat' dir='ltr'><strong>Scilicet</strong></span> <span class='ocrx_word' id='word_1_180' title='bbox 1445 3056 1613 3106; x_wconf 85' lang='lat' dir='ltr'><strong>dicen-</strong></span> 
     </span>
     <span class='ocr_line' id='line_1_33' title="bbox 490 3120 1615 3185; baseline 0 -15"><span class='ocrx_word' id='word_1_181' title='bbox 490 3122 610 3170; x_wconf 87' lang='lat' dir='ltr'><strong>dum</strong></span> <span class='ocrx_word' id='word_1_182' title='bbox 644 3130 733 3179; x_wconf 75' lang='lat' dir='ltr'><strong>est,</strong></span> <span class='ocrx_word' id='word_1_183' title='bbox 775 3136 882 3169; x_wconf 86' lang='lat' dir='ltr'><strong>esse</strong></span> <span class='ocrx_word' id='word_1_184' title='bbox 926 3120 1290 3183; x_wconf 77' lang='lat' dir='ltr'><strong>exquisitior-em</strong></span> <span class='ocrx_word' id='word_1_185' title='bbox 1325 3130 1482 3185; x_wconf 90' lang='lat' dir='ltr'><strong>poetae</strong></span> <span class='ocrx_word' id='word_1_186' title='bbox 1515 3122 1615 3170; x_wconf 79' lang='lat' dir='ltr'><strong>for-</strong></span> 
     </span>
     <span class='ocr_line' id='line_1_34' title="bbox 490 3184 1615 3250; baseline 0.001 -17"><span class='ocrx_word' id='word_1_187' title='bbox 490 3201 636 3244; x_wconf 85' lang='lat' dir='ltr'><strong>mam,</strong></span> <span class='ocrx_word' id='word_1_188' title='bbox 659 3184 862 3247; x_wconf 68' lang='lat' dir='ltr'><strong>J&#39;nmgere</strong></span> <span class='ocrx_word' id='word_1_189' title='bbox 897 3200 1060 3247; x_wconf 80' lang='lat' dir='ltr'><strong>agmen</strong></span> <span class='ocrx_word' id='word_1_190' title='bbox 1093 3185 1171 3233; x_wconf 82' lang='lat' dir='ltr'><strong>vel</strong></span> <span class='ocrx_word' id='word_1_191' title='bbox 1197 3189 1394 3247; x_wconf 71' lang='lat' dir='ltr'><strong>agmina,</strong></span> <span class='ocrx_word' id='word_1_192' title='bbox 1419 3202 1508 3250; x_wconf 89' lang='lat' dir='ltr'><strong>pro</strong></span> <span class='ocrx_word' id='word_1_193' title='bbox 1529 3186 1615 3234; x_wconf 82' lang='lat' dir='ltr'><strong>ad-</strong></span> 
     </span>
     <span class='ocr_line' id='line_1_35' title="bbox 485 3248 1617 3312; baseline -0.002 -13"><span class='ocrx_word' id='word_1_194' title='bbox 485 3252 695 3312; x_wconf 78' lang='lat' dir='ltr'><strong>jungere</strong></span> <span class='ocrx_word' id='word_1_195' title='bbox 717 3264 770 3297; x_wconf 85' lang='lat' dir='ltr'><strong>se</strong></span> <span class='ocrx_word' id='word_1_196' title='bbox 793 3264 905 3297; x_wconf 87' lang='lat' dir='ltr'><strong>cum</strong></span> <span class='ocrx_word' id='word_1_197' title='bbox 937 3248 1132 3312; x_wconf 82' lang='lat' dir='ltr'><strong>agmine</strong></span> <span class='ocrx_word' id='word_1_198' title='bbox 1160 3264 1276 3298; x_wconf 84' lang='lat' dir='ltr'><strong>suo:</strong></span> <span class='ocrx_word' id='word_1_199' title='bbox 1311 3249 1397 3297; x_wconf 77' lang='lat' dir='ltr'><strong>inf.</strong></span> <span class='ocrx_word' id='word_1_200' title='bbox 1421 3250 1488 3308; x_wconf 87' lang='lat' dir='ltr'><strong>xi,</strong></span> <span class='ocrx_word' id='word_1_201' title='bbox 1509 3252 1617 3309; x_wconf 81' lang='lat'><strong>145,</strong></span> 
     </span>
     <span class='ocr_line' id='line_1_36' title="bbox 493 3314 1619 3378; baseline 0 -15"><span class='ocrx_word' id='word_1_202' title='bbox 493 3317 666 3363; x_wconf 76' lang='lat' dir='ltr'><strong>Contra</strong></span> <span class='ocrx_word' id='word_1_203' title='bbox 695 3315 833 3361; x_wconf 73' lang='lat' dir='ltr'><strong>turba</strong></span> <span class='ocrx_word' id='word_1_204' title='bbox 872 3314 1104 3376; x_wconf 74' lang='lat' dir='ltr'><strong>Phrygum</strong></span> <span class='ocrx_word' id='word_1_205' title='bbox 1137 3316 1318 3361; x_wconf 74' lang='lat' dir='ltr'><strong>veniens</strong></span> <span class='ocrx_word' id='word_1_206' title='bbox 1345 3316 1619 3378; x_wconf 73' lang='lat' dir='ltr'><strong>plangentia</strong></span> 
     </span>
     <span class='ocr_line' id='line_1_37' title="bbox 477 3376 1615 3441; baseline 0.002 -16"><span class='ocrx_word' id='word_1_207' title='bbox 477 3378 689 3441; x_wconf 72' lang='lat' dir='ltr'><strong>jungunt</strong></span> <span class='ocrx_word' id='word_1_208' title='bbox 696 3376 1197 3441; x_wconf 76' lang='lat' dir='ltr'><strong>Agmina,adjungunt.</strong></span> <span class='ocrx_word' id='word_1_209' title='bbox 1210 3379 1521 3441; x_wconf 85' lang='lat' dir='ltr'><strong>Comparatio</strong></span> <span class='ocrx_word' id='word_1_210' title='bbox 1529 3396 1615 3427; x_wconf 85' lang='lat' dir='ltr'><strong>au-</strong></span> 
     </span>
     <span class='ocr_line' id='line_1_38' title="bbox 495 3439 1619 3505; baseline 0.001 -14"><span class='ocrx_word' id='word_1_211' title='bbox 495 3453 594 3491; x_wconf 86' lang='lat' dir='ltr'><strong>tem</strong></span> <span class='ocrx_word' id='word_1_212' title='bbox 611 3440 681 3489; x_wconf 87' lang='lat' dir='ltr'><strong>ita</strong></span> <span class='ocrx_word' id='word_1_213' title='bbox 703 3441 788 3491; x_wconf 71' lang='lat' dir='ltr'><strong>fitz</strong></span> <span class='ocrx_word' id='word_1_214' title='bbox 814 3446 910 3504; x_wconf 73' lang='lat' dir='ltr'><strong>ipse</strong></span> <span class='ocrx_word' id='word_1_215' title='bbox 929 3439 1070 3503; x_wconf 61' lang='lat' dir='ltr'><strong>infert</strong></span> <span class='ocrx_word' id='word_1_216' title='bbox 1083 3459 1144 3500; x_wconf 72' lang='lat' dir='ltr'><strong>se,</strong></span> <span class='ocrx_word' id='word_1_217' title='bbox 1161 3440 1286 3500; x_wconf 86' lang='lat' dir='ltr'><strong>talis,</strong></span> <span class='ocrx_word' id='word_1_218' title='bbox 1301 3446 1451 3505; x_wconf 72' lang='lat' dir='ltr'><strong>qualis</strong></span> <span class='ocrx_word' id='word_1_219' title='bbox 1468 3442 1619 3492; x_wconf 83' lang='lat' dir='ltr'><strong>infert</strong></span> 
     </span>
     <span class='ocr_line' id='line_1_39' title="bbox 492 3508 1581 3570; baseline 0.002 -15"><span class='ocrx_word' id='word_1_220' title='bbox 492 3522 546 3555; x_wconf 73' lang='lat' dir='ltr'><strong>se</strong></span> <span class='ocrx_word' id='word_1_221' title='bbox 569 3508 826 3568; x_wconf 84' lang='lat' dir='ltr'><strong>Apollo—,-</strong></span> <span class='ocrx_word' id='word_1_222' title='bbox 858 3508 964 3569; x_wconf 76' lang='lat' dir='ltr'><strong>Ipse</strong></span> <span class='ocrx_word' id='word_1_223' title='bbox 996 3510 1405 3570; x_wconf 60' lang='lat' dir='ltr'><strong>graditur—haud</strong></span> <span class='ocrx_word' id='word_1_224' title='bbox 1427 3510 1581 3557; x_wconf 74' lang='lat' dir='ltr'><strong>aliter.</strong></span> 
     </span>
    </p>

    <p class='ocr_par' dir='ltr' id='par_1_15' title="bbox 562 3571 1612 3635">
     <span class='ocr_line' id='line_1_40' title="bbox 562 3571 1612 3635; baseline 0.003 -17"><span class='ocrx_word' id='word_1_225' title='bbox 562 3572 831 3619; x_wconf 77' lang='lat'><strong>143—149.</strong></span> <span class='ocrx_word' id='word_1_226' title='bbox 857 3571 1018 3619; x_wconf 84' lang='lat' dir='ltr'><strong>Locus</strong></span> <span class='ocrx_word' id='word_1_227' title='bbox 1031 3571 1272 3635; x_wconf 82' lang='lat' dir='ltr'><strong>exquisita</strong></span> <span class='ocrx_word' id='word_1_228' title='bbox 1292 3571 1513 3620; x_wconf 86' lang='lat' dir='ltr'><strong>doctrina</strong></span> <span class='ocrx_word' id='word_1_229' title='bbox 1525 3588 1612 3621; x_wconf 87' lang='lat' dir='ltr'><strong>ex-</strong></span> 
     </span>
    </p>

    <p class='ocr_par' dir='ltr' id='par_1_16' title="bbox 557 3634 1613 3702">
     <span class='ocr_line' id='line_1_41' title="bbox 557 3634 1613 3702; baseline 0.002 -19"><span class='ocrx_word' id='word_1_230' title='bbox 557 3634 689 3684; x_wconf 84' lang='lat' dir='ltr'><strong>litus.</strong></span> <span class='ocrx_word' id='word_1_231' title='bbox 749 3634 932 3684; x_wconf 85' lang='lat' dir='ltr'><strong>AEneas</strong></span> <span class='ocrx_word' id='word_1_232' title='bbox 971 3646 1280 3702; x_wconf 86' lang='lat' dir='ltr'><strong>comparatur</strong></span> <span class='ocrx_word' id='word_1_233' title='bbox 1309 3652 1422 3683; x_wconf 88' lang='lat' dir='ltr'><strong>cum</strong></span> <span class='ocrx_word' id='word_1_234' title='bbox 1459 3636 1613 3700; x_wconf 79' lang='lat' dir='ltr'><strong>Apol-</strong></span> 
     </span>
    </p>

    <p class='ocr_par' dir='ltr' id='par_1_17' title="bbox 492 3698 1621 4471">
     <span class='ocr_line' id='line_1_42' title="bbox 566 3698 1613 3764; baseline 0.002 -17"><span class='ocrx_word' id='word_1_235' title='bbox 566 3716 610 3758; x_wconf 81' lang='lat' dir='ltr'><strong>e,</strong></span> <span class='ocrx_word' id='word_1_236' title='bbox 632 3700 757 3747; x_wconf 80' lang='lat' dir='ltr'><strong>festo</strong></span> <span class='ocrx_word' id='word_1_237' title='bbox 778 3698 858 3748; x_wconf 87' lang='lat' dir='ltr'><strong>die</strong></span> <span class='ocrx_word' id='word_1_238' title='bbox 874 3700 1145 3764; x_wconf 85' lang='lat' dir='ltr'><strong>prodeunte</strong></span> <span class='ocrx_word' id='word_1_239' title='bbox 1163 3700 1225 3749; x_wconf 87' lang='lat' dir='ltr'><strong>ad</strong></span> <span class='ocrx_word' id='word_1_240' title='bbox 1245 3701 1418 3749; x_wconf 81' lang='lat' dir='ltr'><strong>choros</strong></span> <span class='ocrx_word' id='word_1_241' title='bbox 1431 3700 1613 3749; x_wconf 87' lang='lat' dir='ltr'><strong>ducen-</strong></span> 
     </span>
     <span class='ocr_line' id='line_1_43' title="bbox 494 3764 1615 3820; baseline 0.002 -8"><span class='ocrx_word' id='word_1_242' title='bbox 494 3764 596 3813; x_wconf 86' lang='lat' dir='ltr'><strong>dos.</strong></span> <span class='ocrx_word' id='word_1_243' title='bbox 621 3766 892 3812; x_wconf 71' lang='lat' dir='ltr'><strong>Iustam-are</strong></span> <span class='ocrx_word' id='word_1_244' title='bbox 909 3780 1021 3812; x_wconf 86' lang='lat' dir='ltr'><strong>cum</strong></span> <span class='ocrx_word' id='word_1_245' title='bbox 1040 3764 1222 3813; x_wconf 89' lang='lat' dir='ltr'><strong>dilectu</strong></span> <span class='ocrx_word' id='word_1_246' title='bbox 1237 3782 1248 3820; x_wconf 70' lang='grc' dir='ltr'><strong>ς</strong></span> <span class='ocrx_word' id='word_1_247' title='bbox 1275 3774 1350 3813; x_wconf 84' lang='lat' dir='ltr'><strong>est</strong></span> <span class='ocrx_word' id='word_1_248' title='bbox 1366 3764 1496 3813; x_wconf 89' lang='lat' dir='ltr'><strong>enim</strong></span> <span class='ocrx_word' id='word_1_249' title='bbox 1511 3782 1615 3814; x_wconf 84' lang='lat' dir='ltr'><strong>voc.</strong></span> 
     </span>
     <span class='ocr_line' id='line_1_44' title="bbox 492 3826 1620 3903; baseline 0.003 -27"><span class='ocrx_word' id='word_1_250' title='bbox 492 3826 778 3903; x_wconf 56' lang='lat' dir='ltr'><strong>religiosum</strong></span> <span class='ocrx_word' id='word_1_251' title='bbox 795 3838 846 3876; x_wconf 88' lang='lat' dir='ltr'><strong>et</strong></span> <span class='ocrx_word' id='word_1_252' title='bbox 861 3843 1068 3876; x_wconf 82' lang='lat' dir='ltr'><strong>sacrum.</strong></span> <span class='ocrx_word' id='word_1_253' title='bbox 1127 3828 1338 3877; x_wconf 89' lang='lat' dir='ltr'><strong>Ducitur</strong></span> <span class='ocrx_word' id='word_1_254' title='bbox 1359 3830 1535 3878; x_wconf 87' lang='lat' dir='ltr'><strong>chorus</strong></span> <span class='ocrx_word' id='word_1_255' title='bbox 1558 3830 1620 3879; x_wconf 82' lang='lat' dir='ltr'><strong>ab</strong></span> 
     </span>
     <span class='ocr_line' id='line_1_45' title="bbox 492 3892 1618 4021; baseline 0 -16"><span class='ocrx_word' id='word_1_256' title='bbox 492 3907 668 4005; x_wconf 56' lang='grc' dir='ltr'><strong>ἰιιξὶἓέἐ·</strong></span> <span class='ocrx_word' id='word_1_257' title='bbox 681 3892 1169 4021; x_wconf 44' lang='grc' dir='ltr'><strong>Ινὶὲἶυζοέἒρὲξῖἓῐῗιὲ</strong></span> <span class='ocrx_word' id='word_1_258' title='bbox 1189 3893 1322 4005; x_wconf 50' lang='lat' dir='ltr'><strong>veiim</strong></span> <span class='ocrx_word' id='word_1_259' title='bbox 1342 3909 1618 4017; x_wconf 49' lang='lat' dir='ltr'><strong>Cretenggs]</strong></span> 
     </span>
     <span class='ocr_line' id='line_1_46' title="bbox 494 4020 1617 4086; baseline 0.001 -17"><span class='ocrx_word' id='word_1_260' title='bbox 494 4020 735 4086; x_wconf 87' lang='lat' dir='ltr'><strong>Dryopes,</strong></span> <span class='ocrx_word' id='word_1_261' title='bbox 777 4030 828 4070; x_wconf 89' lang='lat' dir='ltr'><strong>et</strong></span> <span class='ocrx_word' id='word_1_262' title='bbox 858 4020 1121 4084; x_wconf 77' lang='lat' dir='ltr'><strong>Agathyrsi</strong></span> <span class='ocrx_word' id='word_1_263' title='bbox 1155 4036 1243 4069; x_wconf 85' lang='lat' dir='ltr'><strong>seu</strong></span> <span class='ocrx_word' id='word_1_264' title='bbox 1279 4021 1617 4085; x_wconf 84' lang='lat' dir='ltr'><strong>Hyperborei:</strong></span> 
     </span>
     <span class='ocr_line' id='line_1_47' title="bbox 494 4084 1616 4147; baseline 0.003 -15"><span class='ocrx_word' id='word_1_265' title='bbox 494 4084 533 4132; x_wconf 91' lang='lat' dir='ltr'><strong>ii</strong></span> <span class='ocrx_word' id='word_1_266' title='bbox 554 4084 765 4147; x_wconf 74' lang='lat' dir='ltr'><strong>fremunt</strong></span> <span class='ocrx_word' id='word_1_267' title='bbox 798 4084 930 4135; x_wconf 84' lang='lat' dir='ltr'><strong>circa</strong></span> <span class='ocrx_word' id='word_1_268' title='bbox 957 4100 1105 4143; x_wconf 87' lang='lat' dir='ltr'><strong>aram,</strong></span> <span class='ocrx_word' id='word_1_269' title='bbox 1130 4085 1310 4133; x_wconf 86' lang='lat' dir='ltr'><strong>saltant</strong></span> <span class='ocrx_word' id='word_1_270' title='bbox 1327 4101 1382 4133; x_wconf 83' lang='lat' dir='ltr'><strong>ac</strong></span> <span class='ocrx_word' id='word_1_271' title='bbox 1403 4094 1616 4135; x_wconf 83' lang='lat' dir='ltr'><strong>cantant.</strong></span> 
     </span>
     <span class='ocr_line' id='line_1_48' title="bbox 494 4150 1617 4213; baseline 0.002 -17"><span class='ocrx_word' id='word_1_272' title='bbox 494 4152 624 4196; x_wconf 72' lang='lat' dir='ltr'><strong>Pica·</strong></span> <span class='ocrx_word' id='word_1_273' title='bbox 656 4152 928 4213; x_wconf 71' lang='lat' dir='ltr'><strong>Agathyrsi,</strong></span> <span class='ocrx_word' id='word_1_274' title='bbox 969 4158 1025 4197; x_wconf 91' lang='lat' dir='ltr'><strong>ut</strong></span> <span class='ocrx_word' id='word_1_275' title='bbox 1052 4154 1172 4211; x_wconf 73' lang='lat' dir='ltr'><strong>picti</strong></span> <span class='ocrx_word' id='word_1_276' title='bbox 1209 4152 1382 4208; x_wconf 70' lang='lat' dir='ltr'><strong>Geloni,</strong></span> <span class='ocrx_word' id='word_1_277' title='bbox 1407 4151 1526 4198; x_wconf 89' lang='lat' dir='ltr'><strong>Geo.</strong></span> <span class='ocrx_word' id='word_1_278' title='bbox 1565 4150 1617 4209; x_wconf 92' lang='lat' dir='ltr'><strong>ii,</strong></span> 
     </span>
     <span class='ocr_line' id='line_1_49' title="bbox 497 4212 1615 4277; baseline 0.004 -18"><span class='ocrx_word' id='word_1_279' title='bbox 497 4212 618 4259; x_wconf 77' lang='lat'>115:</span> <span class='ocrx_word' id='word_1_280' title='bbox 657 4212 794 4261; x_wconf 84' lang='lat' dir='ltr'><strong>Mela</strong></span> <span class='ocrx_word' id='word_1_281' title='bbox 813 4214 863 4270; x_wconf 88' lang='lat' dir='ltr'><strong>ii,</strong></span> <span class='ocrx_word' id='word_1_282' title='bbox 892 4215 933 4271; x_wconf 89' lang='lat' dir='ltr'><strong>l,</strong></span> <span class='ocrx_word' id='word_1_283' title='bbox 960 4216 1004 4271; x_wconf 86' lang='lat'><strong>2,</strong></span> <span class='ocrx_word' id='word_1_284' title='bbox 1029 4214 1106 4271; x_wconf 83' lang='lat'><strong>86,</strong></span> <span class='ocrx_word' id='word_1_285' title='bbox 1131 4217 1392 4277; x_wconf 73' lang='lat' dir='ltr'><strong>Agathyrsi</strong></span> <span class='ocrx_word' id='word_1_286' title='bbox 1422 4231 1502 4262; x_wconf 74' lang='lat' dir='ltr'><strong>ora</strong></span> <span class='ocrx_word' id='word_1_287' title='bbox 1536 4232 1615 4263; x_wconf 82' lang='lat' dir='ltr'><strong>ar-</strong></span> 
     </span>
     <span class='ocr_line' id='line_1_50' title="bbox 495 4278 1621 4337; baseline 0.004 -14"><span class='ocrx_word' id='word_1_288' title='bbox 495 4284 655 4337; x_wconf 65' lang='lat' dir='ltr'><strong>tusque</strong></span> <span class='ocrx_word' id='word_1_289' title='bbox 668 4279 878 4337; x_wconf 73' lang='lat' dir='ltr'><strong>pingunt.</strong></span> <span class='ocrx_word' id='word_1_290' title='bbox 931 4278 1215 4327; x_wconf 84' lang='lat' dir='ltr'><strong>Adveniens</strong></span> <span class='ocrx_word' id='word_1_291' title='bbox 1233 4279 1354 4327; x_wconf 86' lang='lat' dir='ltr'><strong>deus</strong></span> <span class='ocrx_word' id='word_1_292' title='bbox 1367 4279 1621 4328; x_wconf 86' lang='lat' dir='ltr'><strong>descendit</strong></span> 
     </span>
     <span class='ocr_line' id='line_1_51' title="bbox 495 4339 1618 4415; baseline 0.006 -29"><span class='ocrx_word' id='word_1_293' title='bbox 495 4339 556 4387; x_wconf 91' lang='lat' dir='ltr'><strong>de</strong></span> <span class='ocrx_word' id='word_1_294' title='bbox 574 4340 781 4401; x_wconf 86' lang='lat' dir='ltr'><strong>Cyntho,</strong></span> <span class='ocrx_word' id='word_1_295' title='bbox 806 4341 888 4402; x_wconf 88' lang='lat' dir='ltr'><strong>qui</strong></span> <span class='ocrx_word' id='word_1_296' title='bbox 907 4342 1090 4415; x_wconf 82' lang='lat' dir='ltr'><strong>templo</strong></span> <span class='ocrx_word' id='word_1_297' title='bbox 1103 4342 1341 4400; x_wconf 85' lang='lat' dir='ltr'><strong>imminet,</strong></span> <span class='ocrx_word' id='word_1_298' title='bbox 1360 4342 1618 4394; x_wconf 81' lang='lat' dir='ltr'><strong>redimitus</strong></span> 
     </span>
     <span class='ocr_line' id='line_1_52' title="bbox 495 4402 1619 4471; baseline 0.004 -18"><span class='ocrx_word' id='word_1_299' title='bbox 495 4403 664 4454; x_wconf 66' lang='lat' dir='ltr'><strong>laurea</strong></span> <span class='ocrx_word' id='word_1_300' title='bbox 684 4402 819 4451; x_wconf 79' lang='lat' dir='ltr'><strong>vittae</strong></span> <span class='ocrx_word' id='word_1_301' title='bbox 841 4418 1001 4451; x_wconf 76' lang='lat' dir='ltr'><strong>aureae</strong></span> <span class='ocrx_word' id='word_1_302' title='bbox 1019 4420 1213 4464; x_wconf 71' lang='lat' dir='ltr'><strong>innexa,</strong></span> <span class='ocrx_word' id='word_1_303' title='bbox 1239 4415 1289 4455; x_wconf 87' lang='lat' dir='ltr'><strong>et</strong></span> <span class='ocrx_word' id='word_1_304' title='bbox 1302 4408 1535 4471; x_wconf 85' lang='lat' dir='ltr'><strong>pharetra</strong></span> <span class='ocrx_word' id='word_1_305' title='bbox 1555 4424 1619 4457; x_wconf 82' lang='lat' dir='ltr'><strong>ex</strong></span> 
     </span>
    </p>
   </div>
   <div class='ocr_carea' id='block_1_9' title="bbox 1678 2798 2808 4473">
    <p class='ocr_par' dir='ltr' id='par_1_18' title="bbox 1678 2798 2808 4473">
     <span class='ocr_line' id='line_1_53' title="bbox 1680 2798 2797 2867; baseline 0.001 -17"><span class='ocrx_word' id='word_1_306' title='bbox 1680 2801 1897 2851; x_wconf 86' lang='lat' dir='ltr'><strong>humeris</strong></span> <span class='ocrx_word' id='word_1_307' title='bbox 1910 2801 2169 2867; x_wconf 84' lang='lat' dir='ltr'><strong>pendente.</strong></span> <span class='ocrx_word' id='word_1_308' title='bbox 2220 2798 2319 2849; x_wconf 85' lang='lat' dir='ltr'><strong>Sed</strong></span> <span class='ocrx_word' id='word_1_309' title='bbox 2332 2802 2489 2863; x_wconf 72' lang='lat' dir='ltr'><strong>majus</strong></span> <span class='ocrx_word' id='word_1_310' title='bbox 2496 2800 2797 2865; x_wconf 77' lang='lat' dir='ltr'><strong>phantasma,</strong></span> 
     </span>
     <span class='ocr_line' id='line_1_54' title="bbox 1680 2864 2797 2930; baseline 0.002 -17"><span class='ocrx_word' id='word_1_311' title='bbox 1680 2866 1809 2930; x_wconf 89' lang='lat' dir='ltr'><strong>quod</strong></span> <span class='ocrx_word' id='word_1_312' title='bbox 1832 2869 1924 2914; x_wconf 79' lang='lat' dir='ltr'><strong>tela</strong></span> <span class='ocrx_word' id='word_1_313' title='bbox 1935 2874 2098 2914; x_wconf 75' lang='lat' dir='ltr'><strong>sonant</strong></span> <span class='ocrx_word' id='word_1_314' title='bbox 2118 2884 2175 2915; x_wconf 72' lang='lat' dir='ltr'><strong>ex</strong></span> <span class='ocrx_word' id='word_1_315' title='bbox 2192 2868 2405 2923; x_wconf 67' lang='lat' dir='ltr'><strong>humeris,</strong></span> <span class='ocrx_word' id='word_1_316' title='bbox 2422 2865 2514 2913; x_wconf 90' lang='lat' dir='ltr'><strong>deo</strong></span> <span class='ocrx_word' id='word_1_317' title='bbox 2526 2864 2797 2923; x_wconf 85' lang='lat' dir='ltr'><strong>incedente,</strong></span> 
     </span>
     <span class='ocr_line' id='line_1_55' title="bbox 1681 2929 2800 2993; baseline 0.002 -16"><span class='ocrx_word' id='word_1_318' title='bbox 1681 2930 1905 2993; x_wconf 87' lang='lat' dir='ltr'><strong>quodque</strong></span> <span class='ocrx_word' id='word_1_319' title='bbox 1934 2929 2120 2979; x_wconf 86' lang='lat' dir='ltr'><strong>crinem</strong></span> <span class='ocrx_word' id='word_1_320' title='bbox 2142 2933 2374 2991; x_wconf 74' lang='lat' dir='ltr'><strong>fluentem,</strong></span> <span class='ocrx_word' id='word_1_321' title='bbox 2400 2929 2622 2988; x_wconf 72' lang='lat' dir='ltr'><strong>effiisum,</strong></span> <span class='ocrx_word' id='word_1_322' title='bbox 2646 2930 2800 2993; x_wconf 77' lang='lat' dir='ltr'><strong>qualis</strong></span> 
     </span>
     <span class='ocr_line' id='line_1_56' title="bbox 1681 2994 2801 3069; baseline -0.002 -26"><span class='ocrx_word' id='word_1_323' title='bbox 1681 2994 1927 3059; x_wconf 84' lang='lat' dir='ltr'><strong>Apollinis</strong></span> <span class='ocrx_word' id='word_1_324' title='bbox 1949 3004 2036 3051; x_wconf 85' lang='lat' dir='ltr'><strong>est,</strong></span> <span class='ocrx_word' id='word_1_325' title='bbox 2060 2994 2168 3069; x_wconf 82' lang='lat' dir='ltr'><strong>ipse</strong></span> <span class='ocrx_word' id='word_1_326' title='bbox 2183 2998 2543 3057; x_wconf 74' lang='lat' dir='ltr'><strong>premitfingem</strong></span> <span class='ocrx_word' id='word_1_327' title='bbox 2558 2994 2733 3044; x_wconf 82' lang='lat' dir='ltr'><strong>fronde</strong></span> <span class='ocrx_word' id='word_1_328' title='bbox 2752 3002 2801 3042; x_wconf 83' lang='lat' dir='ltr'><strong>et</strong></span> 
     </span>
     <span class='ocr_line' id='line_1_57' title="bbox 1680 3058 2676 3121; baseline 0.001 -14"><span class='ocrx_word' id='word_1_329' title='bbox 1680 3076 1794 3107; x_wconf 80' lang='lat' dir='ltr'><strong>auro</strong></span> <span class='ocrx_word' id='word_1_330' title='bbox 1814 3061 2035 3121; x_wconf 73' lang='lat' dir='ltr'><strong>implicat,</strong></span> <span class='ocrx_word' id='word_1_331' title='bbox 2058 3066 2181 3106; x_wconf 78' lang='lat' dir='ltr'><strong>vitta</strong></span> <span class='ocrx_word' id='word_1_332' title='bbox 2202 3074 2362 3115; x_wconf 83' lang='lat' dir='ltr'><strong>aurea,</strong></span> <span class='ocrx_word' id='word_1_333' title='bbox 2386 3058 2676 3108; x_wconf 83' lang='lat' dir='ltr'><strong>diademate.</strong></span> 
     </span>
     <span class='ocr_line' id='line_1_58' title="bbox 1752 3122 2801 3187; baseline 0.001 -17"><span class='ocrx_word' id='word_1_334' title='bbox 1752 3124 1858 3182; x_wconf 82' lang='lat'><strong>149,</strong></span> <span class='ocrx_word' id='word_1_335' title='bbox 1880 3124 1984 3170; x_wconf 85' lang='lat'><strong>150.</strong></span> <span class='ocrx_word' id='word_1_336' title='bbox 2039 3122 2243 3186; x_wconf 83' lang='lat' dir='ltr'><strong>Duplex</strong></span> <span class='ocrx_word' id='word_1_337' title='bbox 2262 3122 2412 3186; x_wconf 79' lang='lat' dir='ltr'><strong>igitur</strong></span> <span class='ocrx_word' id='word_1_338' title='bbox 2428 3122 2801 3187; x_wconf 63' lang='lat' dir='ltr'><strong>compa-ationis</strong></span> 
     </span>
     <span class='ocr_line' id='line_1_59' title="bbox 1682 3186 2807 3245; baseline -0.001 -9"><span class='ocrx_word' id='word_1_339' title='bbox 1682 3196 1998 3245; x_wconf 84' lang='lat' dir='ltr'><strong>momentum,</strong></span> <span class='ocrx_word' id='word_1_340' title='bbox 2044 3196 2094 3235; x_wconf 89' lang='lat' dir='ltr'><strong>et</strong></span> <span class='ocrx_word' id='word_1_341' title='bbox 2128 3186 2457 3236; x_wconf 85' lang='lat' dir='ltr'><strong>concitatioris</strong></span> <span class='ocrx_word' id='word_1_342' title='bbox 2497 3186 2721 3237; x_wconf 83' lang='lat' dir='ltr'><strong>incessus</strong></span> <span class='ocrx_word' id='word_1_343' title='bbox 2757 3196 2807 3235; x_wconf 85' lang='lat' dir='ltr'><strong>et</strong></span> 
     </span>
     <span class='ocr_line' id='line_1_60' title="bbox 1682 3250 2801 3317; baseline 0.002 -18"><span class='ocrx_word' id='word_1_344' title='bbox 1682 3251 2088 3315; x_wconf 80' lang='lat' dir='ltr'><strong>pulchritudinis:</strong></span> <span class='ocrx_word' id='word_1_345' title='bbox 2126 3260 2225 3300; x_wconf 85' lang='lat' dir='ltr'><strong>tam</strong></span> <span class='ocrx_word' id='word_1_346' title='bbox 2248 3250 2394 3300; x_wconf 84' lang='lat' dir='ltr'><strong>alacri</strong></span> <span class='ocrx_word' id='word_1_347' title='bbox 2412 3266 2600 3315; x_wconf 79' lang='lat' dir='ltr'><strong>gressu,</strong></span> <span class='ocrx_word' id='word_1_348' title='bbox 2624 3262 2679 3301; x_wconf 88' lang='lat' dir='ltr'><strong>et</strong></span> <span class='ocrx_word' id='word_1_349' title='bbox 2699 3252 2801 3317; x_wconf 75' lang='lat' dir='ltr'><strong>ipse</strong></span> 
     </span>
     <span class='ocr_line' id='line_1_61' title="bbox 1684 3315 2519 3380; baseline 0.001 -17"><span class='ocrx_word' id='word_1_350' title='bbox 1684 3326 1783 3363; x_wconf 85' lang='lat' dir='ltr'><strong>tam</strong></span> <span class='ocrx_word' id='word_1_351' title='bbox 1804 3316 2021 3380; x_wconf 88' lang='lat' dir='ltr'><strong>pulcher,</strong></span> <span class='ocrx_word' id='word_1_352' title='bbox 2046 3315 2302 3364; x_wconf 86' lang='lat' dir='ltr'><strong>incedebat</strong></span> <span class='ocrx_word' id='word_1_353' title='bbox 2320 3316 2519 3364; x_wconf 83' lang='lat' dir='ltr'><strong>AEneas.</strong></span> 
     </span>
     <span class='ocr_line' id='line_1_62' title="bbox 1753 3380 2801 3443; baseline 0.002 -16"><span class='ocrx_word' id='word_1_354' title='bbox 1753 3382 2020 3428; x_wconf 81' lang='lat'><strong>152—155.</strong></span> <span class='ocrx_word' id='word_1_355' title='bbox 2054 3380 2261 3442; x_wconf 74' lang='lat' dir='ltr'><strong>Dejectae</strong></span> <span class='ocrx_word' id='word_1_356' title='bbox 2280 3380 2330 3428; x_wconf 81' lang='lat' dir='ltr'><strong>h.</strong></span> <span class='ocrx_word' id='word_1_357' title='bbox 2350 3380 2383 3428; x_wconf 87' lang='lat'><strong>1.</strong></span> <span class='ocrx_word' id='word_1_358' title='bbox 2408 3396 2517 3443; x_wconf 79' lang='lat' dir='ltr'><strong>quae</strong></span> <span class='ocrx_word' id='word_1_359' title='bbox 2542 3396 2597 3429; x_wconf 76' lang='lat' dir='ltr'><strong>se</strong></span> <span class='ocrx_word' id='word_1_360' title='bbox 2616 3380 2801 3443; x_wconf 80' lang='lat' dir='ltr'><strong>dejece-</strong></span> 
     </span>
     <span class='ocr_line' id='line_1_63' title="bbox 1680 3444 2805 3510; baseline 0.001 -17"><span class='ocrx_word' id='word_1_361' title='bbox 1680 3454 1806 3502; x_wconf 86' lang='lat' dir='ltr'><strong>rant,</strong></span> <span class='ocrx_word' id='word_1_362' title='bbox 1830 3461 1938 3506; x_wconf 75' lang='lat' dir='ltr'><strong>quoe</strong></span> <span class='ocrx_word' id='word_1_363' title='bbox 1976 3444 2271 3493; x_wconf 70' lang='lat' dir='ltr'><strong>desilierunt.</strong></span> <span class='ocrx_word' id='word_1_364' title='bbox 2328 3446 2515 3494; x_wconf 84' lang='lat' dir='ltr'><strong>Cervos</strong></span> <span class='ocrx_word' id='word_1_365' title='bbox 2544 3444 2643 3493; x_wconf 87' lang='lat' dir='ltr'><strong>alia</strong></span> <span class='ocrx_word' id='word_1_366' title='bbox 2672 3454 2805 3510; x_wconf 82' lang='lat' dir='ltr'><strong>parte</strong></span> 
     </span>
     <span class='ocr_line' id='line_1_64' title="bbox 1682 3508 2801 3574; baseline 0.001 -18"><span class='ocrx_word' id='word_1_367' title='bbox 1682 3524 1745 3556; x_wconf 84' lang='lat' dir='ltr'><strong>ex</strong></span> <span class='ocrx_word' id='word_1_368' title='bbox 1766 3509 2013 3557; x_wconf 74' lang='lat' dir='ltr'><strong>montibus</strong></span> <span class='ocrx_word' id='word_1_369' title='bbox 2044 3508 2359 3557; x_wconf 86' lang='lat' dir='ltr'><strong>decurrentes</strong></span> <span class='ocrx_word' id='word_1_370' title='bbox 2389 3523 2479 3574; x_wconf 90' lang='lat' dir='ltr'><strong>per</strong></span> <span class='ocrx_word' id='word_1_371' title='bbox 2500 3525 2702 3573; x_wconf 80' lang='lat' dir='ltr'><strong>campos</strong></span> <span class='ocrx_word' id='word_1_372' title='bbox 2723 3524 2801 3572; x_wconf 79' lang='lat' dir='ltr'><strong>ag-</strong></span> 
     </span>
     <span class='ocr_line' id='line_1_65' title="bbox 1678 3571 2808 3637; baseline 0.001 -17"><span class='ocrx_word' id='word_1_373' title='bbox 1678 3572 1903 3621; x_wconf 88' lang='lat' dir='ltr'><strong>minatim</strong></span> <span class='ocrx_word' id='word_1_374' title='bbox 1933 3574 2103 3637; x_wconf 79' lang='lat' dir='ltr'><strong>fugere</strong></span> <span class='ocrx_word' id='word_1_375' title='bbox 2135 3571 2219 3621; x_wconf 87' lang='lat' dir='ltr'><strong>ait.</strong></span> <span class='ocrx_word' id='word_1_376' title='bbox 2276 3574 2354 3621; x_wconf 88' lang='lat' dir='ltr'><strong>De</strong></span> <span class='ocrx_word' id='word_1_377' title='bbox 2374 3572 2533 3623; x_wconf 83' lang='lat' dir='ltr'><strong>cervis</strong></span> <span class='ocrx_word' id='word_1_378' title='bbox 2565 3572 2619 3621; x_wconf 88' lang='lat' dir='ltr'><strong>in</strong></span> <span class='ocrx_word' id='word_1_379' title='bbox 2642 3573 2808 3623; x_wconf 81' lang='lat' dir='ltr'><strong>Africa</strong></span> 
     </span>
     <span class='ocr_line' id='line_1_66' title="bbox 1681 3635 2661 3702; baseline 0.001 -17"><span class='ocrx_word' id='word_1_380' title='bbox 1681 3635 1777 3685; x_wconf 84' lang='lat' dir='ltr'><strong>vid.</strong></span> <span class='ocrx_word' id='word_1_381' title='bbox 1802 3653 1908 3702; x_wconf 83' lang='lat' dir='ltr'><strong>sup.</strong></span> <span class='ocrx_word' id='word_1_382' title='bbox 1933 3638 1995 3685; x_wconf 91' lang='lat' dir='ltr'><strong>ad</strong></span> <span class='ocrx_word' id='word_1_383' title='bbox 2015 3637 2049 3695; x_wconf 91' lang='lat' dir='ltr'><strong>i,</strong></span> <span class='ocrx_word' id='word_1_384' title='bbox 2076 3640 2183 3686; x_wconf 76' lang='lat'><strong>184.</strong></span> <span class='ocrx_word' id='word_1_385' title='bbox 2652 3638 2661 3645; x_wconf 80' lang='grc'><strong>”</strong></span> 
     </span>
     <span class='ocr_line' id='line_1_67' title="bbox 1752 3700 2805 3751; baseline 0.003 -3"><span class='ocrx_word' id='word_1_386' title='bbox 1752 3702 1918 3749; x_wconf 88' lang='grc'><strong>156-</strong></span> <span class='ocrx_word' id='word_1_387' title='bbox 1935 3704 2042 3751; x_wconf 87' lang='grc'>159.</span> <span class='ocrx_word' id='word_1_388' title='bbox 2094 3702 2125 3749; x_wconf 83' lang='lat' dir='ltr'>J</span> <span class='ocrx_word' id='word_1_389' title='bbox 2128 3700 2375 3751; x_wconf 83' lang='lat' dir='ltr'><strong>uvenilem</strong></span> <span class='ocrx_word' id='word_1_390' title='bbox 2430 3702 2805 3751; x_wconf 74' lang='lat' dir='ltr'><strong>exsultationem</strong></span> 
     </span>
     <span class='ocr_line' id='line_1_68' title="bbox 1682 3765 2805 3831; baseline 0.002 -18"><span class='ocrx_word' id='word_1_391' title='bbox 1682 3765 1824 3815; x_wconf 81' lang='lat' dir='ltr'><strong>facile</strong></span> <span class='ocrx_word' id='word_1_392' title='bbox 1864 3766 2030 3815; x_wconf 82' lang='lat' dir='ltr'><strong>sentis.</strong></span> <span class='ocrx_word' id='word_1_393' title='bbox 2100 3766 2198 3815; x_wconf 89' lang='lat' dir='ltr'><strong>Sed</strong></span> <span class='ocrx_word' id='word_1_394' title='bbox 2254 3766 2399 3815; x_wconf 86' lang='lat' dir='ltr'><strong>simul</strong></span> <span class='ocrx_word' id='word_1_395' title='bbox 2454 3767 2805 3831; x_wconf 80' lang='lat' dir='ltr'><strong>expendendus</strong></span> 
     </span>
     <span class='ocr_line' id='line_1_69' title="bbox 1682 3830 2803 3895; baseline 0 -16"><span class='ocrx_word' id='word_1_396' title='bbox 1682 3831 1942 3879; x_wconf 83' lang='lat' dir='ltr'><strong>verborum</strong></span> <span class='ocrx_word' id='word_1_397' title='bbox 1969 3830 2201 3880; x_wconf 86' lang='lat' dir='ltr'><strong>dilectus:</strong></span> <span class='ocrx_word' id='word_1_398' title='bbox 2238 3846 2383 3894; x_wconf 84' lang='lat' dir='ltr'><strong>quam</strong></span> <span class='ocrx_word' id='word_1_399' title='bbox 2416 3832 2706 3881; x_wconf 84' lang='lat' dir='ltr'><strong>contemtim</strong></span> <span class='ocrx_word' id='word_1_400' title='bbox 2722 3849 2803 3895; x_wconf 76' lang='lat' dir='ltr'><strong>pe-</strong></span> 
     </span>
     <span class='ocr_line' id='line_1_70' title="bbox 1684 3894 2802 3959; baseline 0.002 -16"><span class='ocrx_word' id='word_1_401' title='bbox 1684 3911 1790 3944; x_wconf 84' lang='lat' dir='ltr'><strong>cora</strong></span> <span class='ocrx_word' id='word_1_402' title='bbox 1811 3898 1982 3943; x_wconf 77' lang='lat' dir='ltr'><strong>inertia</strong></span> <span class='ocrx_word' id='word_1_403' title='bbox 1996 3900 2017 3942; x_wconf 72' lang='lat'><em>1</em></span> <span class='ocrx_word' id='word_1_404' title='bbox 2040 3894 2384 3959; x_wconf 87' lang='lat' dir='ltr'><strong>Importunum</strong></span> <span class='ocrx_word' id='word_1_405' title='bbox 2400 3904 2477 3944; x_wconf 87' lang='lat' dir='ltr'><strong>est</strong></span> <span class='ocrx_word' id='word_1_406' title='bbox 2490 3896 2613 3945; x_wconf 90' lang='lat' dir='ltr'><strong>illud</strong></span> <span class='ocrx_word' id='word_1_407' title='bbox 2630 3896 2685 3945; x_wconf 87' lang='lat' dir='ltr'><strong>in</strong></span> <span class='ocrx_word' id='word_1_408' title='bbox 2702 3912 2802 3945; x_wconf 90' lang='lat' dir='ltr'><strong>me—</strong></span> 
     </span>
     <span class='ocr_line' id='line_1_71' title="bbox 1686 3959 2807 4025; baseline 0.002 -18"><span class='ocrx_word' id='word_1_409' title='bbox 1686 3959 1889 4007; x_wconf 88' lang='lat' dir='ltr'><strong>moriam</strong></span> <span class='ocrx_word' id='word_1_410' title='bbox 1905 3974 2148 4017; x_wconf 71' lang='lat' dir='ltr'><strong>revmare,</strong></span> <span class='ocrx_word' id='word_1_411' title='bbox 2172 3959 2303 4021; x_wconf 87' lang='lat' dir='ltr'><strong>quod</strong></span> <span class='ocrx_word' id='word_1_412' title='bbox 2320 3959 2564 4009; x_wconf 83' lang='lat' dir='ltr'><strong>Ascanius</strong></span> <span class='ocrx_word' id='word_1_413' title='bbox 2583 3960 2807 4025; x_wconf 81' lang='lat' dir='ltr'><strong>Paphum</strong></span> 
     </span>
     <span class='ocr_line' id='line_1_72' title="bbox 1685 4023 2805 4089; baseline 0.003 -18"><span class='ocrx_word' id='word_1_414' title='bbox 1685 4039 1717 4071; x_wconf 83' lang='lat' dir='ltr'><strong>a</strong></span> <span class='ocrx_word' id='word_1_415' title='bbox 1738 4024 1933 4071; x_wconf 85' lang='lat' dir='ltr'><strong>Venere</strong></span> <span class='ocrx_word' id='word_1_416' title='bbox 1954 4032 2153 4072; x_wconf 83' lang='lat' dir='ltr'><strong>avectus</strong></span> <span class='ocrx_word' id='word_1_417' title='bbox 2185 4033 2291 4072; x_wconf 85' lang='lat' dir='ltr'><strong>erat</strong></span> <span class='ocrx_word' id='word_1_418' title='bbox 2310 4023 2393 4071; x_wconf 89' lang='lat' dir='ltr'><strong>lib.</strong></span> <span class='ocrx_word' id='word_1_419' title='bbox 2414 4024 2447 4081; x_wconf 90' lang='lat' dir='ltr'><strong>i,</strong></span> <span class='ocrx_word' id='word_1_420' title='bbox 2470 4026 2561 4073; x_wconf 83' lang='grc'><strong>691</strong></span> <span class='ocrx_word' id='word_1_421' title='bbox 2592 4040 2695 4089; x_wconf 86' lang='lat' dir='ltr'><strong>sqq.</strong></span> <span class='ocrx_word' id='word_1_422' title='bbox 2720 4041 2805 4074; x_wconf 84' lang='lat' dir='ltr'><strong>ne-</strong></span> 
     </span>
     <span class='ocr_line' id='line_1_73' title="bbox 1684 4087 2804 4152; baseline 0.002 -16"><span class='ocrx_word' id='word_1_423' title='bbox 1684 4102 1778 4151; x_wconf 88' lang='lat' dir='ltr'><strong>que</strong></span> <span class='ocrx_word' id='word_1_424' title='bbox 1816 4104 1948 4137; x_wconf 87' lang='lat' dir='ltr'><strong>nunc</strong></span> <span class='ocrx_word' id='word_1_425' title='bbox 1978 4103 2087 4137; x_wconf 85' lang='lat' dir='ltr'><strong>eum</strong></span> <span class='ocrx_word' id='word_1_426' title='bbox 2124 4087 2328 4137; x_wconf 81' lang='lat' dir='ltr'><strong>rediisse</strong></span> <span class='ocrx_word' id='word_1_427' title='bbox 2363 4097 2521 4152; x_wconf 72' lang='lat' dir='ltr'><strong>poetae</strong></span> <span class='ocrx_word' id='word_1_428' title='bbox 2561 4100 2671 4138; x_wconf 86' lang='lat' dir='ltr'><strong>erat</strong></span> <span class='ocrx_word' id='word_1_429' title='bbox 2702 4106 2804 4139; x_wconf 91' lang='lat' dir='ltr'><strong>mo·</strong></span> 
     </span>
     <span class='ocr_line' id='line_1_74' title="bbox 1684 4151 2807 4216; baseline 0.001 -15"><span class='ocrx_word' id='word_1_430' title='bbox 1684 4152 1915 4211; x_wconf 89' lang='lat' dir='ltr'><strong>nendum,</strong></span> <span class='ocrx_word' id='word_1_431' title='bbox 1937 4152 1991 4200; x_wconf 89' lang='lat' dir='ltr'><strong>in</strong></span> <span class='ocrx_word' id='word_1_432' title='bbox 2009 4168 2064 4202; x_wconf 87' lang='lat' dir='ltr'><strong>re</strong></span> <span class='ocrx_word' id='word_1_433' title='bbox 2086 4168 2195 4216; x_wconf 82' lang='lat' dir='ltr'><strong>quae</strong></span> <span class='ocrx_word' id='word_1_434' title='bbox 2222 4152 2494 4202; x_wconf 84' lang='lat' dir='ltr'><strong>ministerio</strong></span> <span class='ocrx_word' id='word_1_435' title='bbox 2514 4151 2685 4202; x_wconf 81' lang='lat' dir='ltr'><strong>divino</strong></span> <span class='ocrx_word' id='word_1_436' title='bbox 2711 4170 2807 4203; x_wconf 86' lang='lat' dir='ltr'><strong>non</strong></span> 
     </span>
     <span class='ocr_line' id='line_1_75' title="bbox 1684 4216 2177 4280; baseline 0.002 -16"><span class='ocrx_word' id='word_1_437' title='bbox 1684 4216 1894 4279; x_wconf 86' lang='lat' dir='ltr'><strong>amplius</strong></span> <span class='ocrx_word' id='word_1_438' title='bbox 1914 4216 2177 4280; x_wconf 83' lang='lat' dir='ltr'><strong>indigebat.</strong></span> 
     </span>
     <span class='ocr_line' id='line_1_76' title="bbox 1752 4281 2808 4346; baseline 0.003 -18"><span class='ocrx_word' id='word_1_439' title='bbox 1752 4282 1843 4328; x_wconf 90' lang='grc'><strong>160</strong></span> <span class='ocrx_word' id='word_1_440' title='bbox 1866 4298 1967 4345; x_wconf 87' lang='lat' dir='ltr'><strong>sqq.</strong></span> <span class='ocrx_word' id='word_1_441' title='bbox 2006 4283 2067 4331; x_wconf 90' lang='lat' dir='ltr'><strong>ln</strong></span> <span class='ocrx_word' id='word_1_442' title='bbox 2090 4281 2231 4346; x_wconf 90' lang='lat' dir='ltr'><strong>copia</strong></span> <span class='ocrx_word' id='word_1_443' title='bbox 2253 4290 2301 4329; x_wconf 89' lang='lat' dir='ltr'><strong>et</strong></span> <span class='ocrx_word' id='word_1_444' title='bbox 2324 4292 2499 4330; x_wconf 83' lang='lat' dir='ltr'><strong>ornatu</strong></span> <span class='ocrx_word' id='word_1_445' title='bbox 2518 4282 2808 4331; x_wconf 77' lang='lat' dir='ltr'><strong>brevitatem</strong></span> 
     </span>
     <span class='ocr_line' id='line_1_77' title="bbox 1683 4345 2806 4411; baseline 0.002 -18"><span class='ocrx_word' id='word_1_446' title='bbox 1683 4353 1733 4393; x_wconf 88' lang='lat' dir='ltr'><strong>et</strong></span> <span class='ocrx_word' id='word_1_447' title='bbox 1754 4345 1855 4394; x_wconf 87' lang='lat' dir='ltr'><strong>vim</strong></span> <span class='ocrx_word' id='word_1_448' title='bbox 1874 4361 2096 4409; x_wconf 81' lang='lat' dir='ltr'><strong>agnosce.</strong></span> <span class='ocrx_word' id='word_1_449' title='bbox 2160 4349 2299 4395; x_wconf 77' lang='lat' dir='ltr'><strong>Tecta</strong></span> <span class='ocrx_word' id='word_1_450' title='bbox 2331 4346 2531 4394; x_wconf 86' lang='lat' dir='ltr'><strong>omnino</strong></span> <span class='ocrx_word' id='word_1_451' title='bbox 2564 4346 2671 4396; x_wconf 85' lang='lat' dir='ltr'><strong>loca</strong></span> <span class='ocrx_word' id='word_1_452' title='bbox 2700 4348 2806 4411; x_wconf 88' lang='lat' dir='ltr'><strong>qui-</strong></span> 
     </span>
     <span class='ocr_line' id='line_1_78' title="bbox 1682 4410 2628 4473; baseline 0 -16"><span class='ocrx_word' id='word_1_453' title='bbox 1682 4410 1773 4458; x_wconf 88' lang='lat' dir='ltr'><strong>bus</strong></span> <span class='ocrx_word' id='word_1_454' title='bbox 1795 4410 2032 4473; x_wconf 71' lang='lat' dir='ltr'><strong>tegimur-3</strong></span> <span class='ocrx_word' id='word_1_455' title='bbox 2059 4410 2268 4468; x_wconf 86' lang='lat' dir='ltr'><strong>arbores,</strong></span> <span class='ocrx_word' id='word_1_456' title='bbox 2292 4426 2513 4459; x_wconf 67' lang='lat' dir='ltr'><strong>caver-nze</strong></span> <span class='ocrx_word' id='word_1_457' title='bbox 2534 4420 2628 4459; x_wconf 89' lang='lat' dir='ltr'><strong>etc.</strong></span> 
     </span>
    </p>
   </div>
  </div>
 </body>
</html>
