3050 4934
459 239 591 301 630

1348 235 1876 301 AENEIDOS

627 387 862 451 Stabat
892 389 1129 451 acerba
1158 386 1465 463 fremenS,
1498 389 1826 470 ingentem
1853 385 2047 449 nixus
2076 385 2143 448 in
2173 384 2453 462 hastam,

624 487 900 563 AEneas,
932 509 1167 570 magno
1185 488 1500 569 juvenum
1529 500 1600 550 et
1627 485 1963 551 moerentis
1993 484 2120 549 Iuli

450 588 581 651 400
626 587 989 664 Concursu,
1020 586 1295 650 lacrimis
1324 585 1684 651 immobilia.

1765 585 1882 650 Ille
1913 595 2162 650 retorto

625 686 963 751 Paeonium
991 688 1055 751 in
1086 708 1331 750 morem
1362 687 1579 750 senior
1607 686 1976 750 succinctus
2007 685 2270 762 amictu,

622 787 841 852 Multa
870 809 1065 850 manu
1092 787 1343 850 medica
1375 785 1744 869 Phoebique
1774 787 2152 869 potentibus
2182 785 2406 850 herbis

619 888 1087 972 Nequidquam
1116 886 1426 970 trepidat,
1458 886 1900 969 nequidquam
1931 885 2176 969 spicula
2206 886 2442 950 dextra

623 987 959 1064 Sollicitat,
991 997 1389 1071 prensatque
1422 987 1634 1050 tenaci
1663 985 1912 1069 forcipe
1940 985 2208 1050 ferrum.

448 1089 579 1152 405
621 1087 825 1152 Nulla
853 1088 1020 1151 viam
1047 1086 1340 1150 Fortuna
1362 1088 1568 1170 regit3
1613 1084 1775 1160 nihil
1803 1096 2030 1150 auctor
2060 1084 2305 1170 Apollo

622 1189 974 1265 Subvenit3
1020 1197 1089 1252 et
1118 1207 1330 1250 saevus
1362 1188 1606 1270 campis
1637 1186 1840 1270 magis
1856 1209 1948 1278 *ac
1975 1186 2182 1269 magis
2209 1186 2445 1250 horror

621 1289 1016 1364 Crebrescit,
1047 1289 1449 1370 propiusque
1478 1284 1716 1350 malum
1744 1289 1867 1349 es't.
1943 1285 1990 1349 J
1991 1307 2094 1348 am
2123 1285 2391 1369 pulvere
2423 1286 2662 1351 coelum

622 1389 813 1452 Stare
844 1388 1101 1464 vident3
1149 1388 1562 1470 subeuntque
1594 1386 1872 1469 equiteS,
1904 1393 1972 1449 et
2001 1385 2248 1469 spicula
2277 1388 2509 1450 castris

626 1489 856 1553 Densa
886 1488 1131 1566 cadunt
1159 1487 1409 1550 medii&
1488 1486 1552 1550 It
1581 1486 1786 1549 tristis
1817 1487 1901 1550 ad
1933 1485 2179 1550 aethera
2209 1485 2450 1550 clamor

451 1590 583 1652 410
627 1587 997 1652 Bellantum
1017 1587 1351 1670 juvenum,
1384 1596 1453 1650 et
1482 1587 1652 1650 duro
1681 1587 1806 1650 sub
1839 1584 2060 1649 Marte
2087 1587 2459 1651 cadentum.

626 1689 757 1753 Hic
789 1687 1043 1764 Venus,
1075 1687 1344 1769 indigno
1374 1687 1510 1750 nati
1541 1707 1860 1751 concussa
1889 1686 2138 1762 dolore,

625 1789 1047 1854 Dictamnum
1074 1789 1375 1872 genetrix
1407 1787 1666 1851 Cretaea
1696 1789 1906 1871 carpit
1935 1789 2020 1850 ab
2051 1787 2194 1862 Ida,

630 1889 1003 1955 Puberibus
1035 1888 1285 1954 caulem
1314 1887 1482 1952 foliis
1514 1899 1583 1952 et
1613 1887 1775 1953 flore
1803 1897 2162 1952 comantem

629 1991 1011 2075 Purpureo:
1058 2011 1189 2052 non
1218 1987 1326 2052 illa
1349 1988 1505 2052 feris
1535 1989 1862 2071 incognita
1891 1987 2107 2070 capris

452 2093 581 2156 415
626 2091 961 2166 Gramina,
994 2111 1142 2153 cum
1170 2099 1357 2172 tergo
1384 2088 1680 2152 volucres
1709 2088 1960 2152 haesere
1995 2087 2271 2171 sagittoe.

626 2191 777 2255 Hoc
807 2191 1062 2266 Venus,
1093 2191 1373 2252 obscuro
1401 2188 1631 2254 faciem
1659 2189 2057 2254 circumdata
2085 2189 2328 2266 nimbo,

625 2290 923 2368 Detulit3
966 2289 1095 2354 hoc
1124 2288 1341 2353 Risum
1368 2288 1568 2354 labris
1600 2289 2092 2373 splendentibus
2125 2312 2374 2354 amnem

624 2392 863 2468 Inficit,
895 2388 1148 2456 occulte
1180 2390 1546 2467 medicans3
1595 2391 1972 2475 spargitque
2003 2388 2297 2456 salubres

624 2493 993 2558 Ambrosiae
1022 2513 1274 2566 succ03‚
1306 2502 1374 2555 et
1404 2490 1796 2556 odoriferam
1822 2512 2196 2575 panaceam.

453 2597 583 2661 420
626 2595 816 2660 Fovit
844 2616 925 2658 ea
950 2592 1181 2656 vulnus
1214 2591 1477 2675 lympha
1506 2591 1840 2674 longaevus
1872 2590 2050 2675 Iapis

624 2696 980 2780 Ignorans3
1030 2693 1374 2775 subitoque
1407 2692 1612 2755 omnis
1641 2692 1725 2756 de
1753 2712 2027 2776 corpore
2058 2690 2226 2775 fugit

626 2797 894 2880 Quippe
925 2790 1149 2871 dolor;
1196 2793 1399 2857 omnis
1434 2793 1616 2856 stetit
1643 2793 1772 2856 imo
1799 2790 2066 2856 vulnere
2097 2795 2384 2876 sanguis.

619 2897 899 2978 Jamque
930 2903 1155 2959 secuta
1183 2914 1463 2968 manum,
1494 2890 1671 2955 nullo
1700 2903 1998 2975 cogente,
2031 2892 2268 2975 sagitta

456 3106 613 3163 istius,
637 3117 731 3166 quo
752 3111 899 3177 poeta
918 3101 1127 3158 vivebat,
1147 3101 1313 3148 seculi
1398 3099 1580 3158 inione,

460 3184 572 3218 cum
600 3167 891 3216 medicinam
924 3173 1114 3212 tantum
1147 3164 1277 3212 servi
1311 3179 1369 3212 ve
1418 3163 1584 3212 liberti

456 3250 513 3284 ac
536 3230 696 3281 Gra-ci
718 3237 1015 3278 exercerent.
1076 3228 1147 3275 At
1172 3227 1225 3274 in
1248 3227 1349 3276 vita
1378 3228 1584 3277 heroum

460 3307 591 3346 artes
635 3293 917 3358 augurandi,
967 3291 1231 3354 jaculandi,
1272 3301 1323 3340 et
1374 3292 1582 3340 canendi

460 3361 727 3410 claritatem
751 3359 944 3407 dabant.

521 3426 793 3473 400—403.
820 3423 1067 3470 Inamabilis
1082 3419 1144 3468 ad
1157 3419 1380 3468 lacrimas
1396 3434 1580 3467 eorurn.

460 3489 553 3540 Ille
577 3498 628 3537 et
654 3492 804 3536 senior
825 3495 875 3534 et
896 3488 1155 3534 succincta:
1180 3491 1352 3531 retorto
1380 3487 1550 3531 amictu
1565 3503 1582 3530 .-

459 3553 653 3618 egregie
672 3551 734 3599 ad
928 3567 1004 3596 ιαν
1024 3546 1331 3595 narrationis.
1396 3549 1580 3594 Paeom'-

456 3635 545 3675 am,
570 3615 910 3680 ‘Apollineum
978 3614 1147 3670 Multa,
1182 3611 1405 3668 multum,
1444 3627 1582 3659 mana

460 3683 665 3742 trepidat
682 3699 698 3727 .-
734 3676 931 3726 novavit
951 3675 1159 3740 egregie,
1182 3691 1272 3739 pro
1294 3675 1448 3724 multa
1470 3685 1578 3723 ten-

456 3754 542 3804 tat,
560 3743 648 3792 sed
664 3743 857 3791 tiu-bato
874 3741 1036 3790 animo
1048 3751 1101 3788 et
1111 3755 1221 3788 cum
1238 3739 1578 3802 trepidatione.

524 3809 636 3856 405.
674 3807 770 3854 Pro
948 3804 1021 3851 rit
1058 3803 1187 3852 viam
1214 3805 1341 3851 hanc
1372 3819 1428 3852 ac
1458 3804 1577 3852 rati·

457 3887 603 3922 onem
624 3870 905 3918 ferramenti
927 3867 1213 3916 exn-aliendi
1232 3868 1425 3917 fortuna
1444 3868 1583 3917 nullo

458 3937 603 3985 modo
633 3933 893 3983 secundam
928 3932 1107 3980 fruens
1136 3931 1299 3980 omnia
1329 3933 1582 3996 experitur

460 4000 609 4064 Iapis,
633 3997 769 4046 nulla
789 3997 871 4045 via
890 4011 969 4044 res
990 4011 1265 4045 successum
1288 3995 1447 4044 habet.

522 4063 795 4112 406—408.
830 4063 1024 4118 Horror,
1044 4075 1173 4108 nunc
1189 4075 1279 4124 pro
1296 4074 1443 4107 causa
1464 4059 1578 4107 hor-

456 4127 613 4184 rendi,
646 4135 817 4173 terror.
884 4125 1062 4172 Malam
1094 4139 1207 4171 cum
1238 4121 1445 4170 dilectu=
1504 4131 1580 4171 eat

348 4203 369 4222 ‘
454 4205 637 4254 ΡΨ,
668 4189 799 4252 fuga,
836 4197 1004 4236 terror.
1065 4189 1171 4234 Jmn
1198 4189 1385 4248 pulvere
1416 4189 1578 4262 coelun!

457 4263 581 4300 stare
602 4255 771 4299 vident.
812 4253 915 4299 Aer
936 4250 1137 4313 pulvere
1158 4250 1335 4314 plenus
1362 4259 1411 4298 et
1439 4265 1578 4313 quasi

457 4314 780 4362 condensatus
796 4323 1023 4376 potenter
1039 4313 1107 4361 sic
1130 4312 1419 4362 describitur
1435 4329 1465 4362 a
1485 4329 1576 4378 po-

460 4375 565 4423 etis.
646 4375 911 4424 Praeiverat
954 4376 1171 4425 Ennius:
1226 4383 1353 4426 stant
1392 4381 1578 4438 pulvere

1647 3105 1795 3164 comps·
1815 3121 1832 3148 .-
1854 3102 1900 3149 h.
1925 3115 1967 3149 e.
1991 3109 2089 3150 stat
2107 3101 2272 3166 pulvis
2291 3101 2344 3151 in
2362 3103 2562 3167 campis,
2587 3107 2674 3166 qui
2697 3123 2784 3156 es-

1647 3165 1878 3213 cenderat
1898 3165 1950 3212 in
1971 3180 2148 3214 aerem.

1725 3231 1834 3286 412,
1880 3231 1990 3277 413.
2049 3229 2128 3278 De
2171 3229 2434 3278 Dictamno
2477 3231 2786 3294 (Δίκταμκς

1647 3302 1699 3341 et
1738 3291 1992 3352 Δίκταμος,
2027 3309 2056 3340 a
2091 3293 2239 3342 Dicte
2275 3303 2441 3342 monte
2477 3296 2657 3354 Cretae,
2693 3301 2780 3361 qui

1651 3355 1753 3403 Idae
1791 3365 1980 3420 partem
2024 3356 2164 3418 facit)
2207 3357 2338 3406 inter
2374 3359 2507 3408 locos
2542 3361 2784 3412 classicus

1646 3419 1726 3467 hic
1761 3420 1868 3484 ipae
1908 3420 2120 3483 virgilii.
2193 3421 2334 3470 Inter
2371 3427 2564 3485 origam
2604 3427 2787 3475 retulit

1648 3483 1892 3532 Linnoeus.
1963 3487 2148 3533 Pubera
2171 3483 2295 3547 solia
2329 3497 2444 3535 sunt
2481 3487 2782 3549 efflet-entia,

1647 3547 1991 3604 exuberantia:
2027 3549 2150 3598 nihil
2172 3550 2316 3598 aliud.

1710 3613 1984 3660 416-419.
2019 3614 2130 3667 Qua
2161 3613 2312 3677 igitur
2341 3614 2636 3679 simpliciter
2655 3632 2782 3668 uma

1645 3675 1742 3723 dici
1763 3685 1956 3740 poterat
1985 3677 2228 3726 medicina
2253 3678 2402 3742 Iapis,
2426 3679 2553 3728 banc
2573 3693 2728 3744 poeta
2747 3699 2784 3731 a

1646 3739 1841 3788 Venere
1872 3739 2068 3789 allatam
2101 3750 2293 3816 nat-rau
2326 3757 2434 3803 quoe
2455 3759 2661 3792 succum
2683 3761 2778 3795 ex·

1642 3806 2252 3942 {famam
2273 3821 2500 3926 &aaz
2533 3808 2780 3869 Q
2637 3875 2782 3938 1...

1644 3932 1823 3980 vulnus
1845 3933 2079 3995 abstergit
2104 3947 2159 3980 ac
2181 3932 2324 3980 fovet.
2383 3934 2592 3982 ornavit
2623 3949 2779 4000 poeta

1643 3994 1850 4057 singula,
1878 4005 2048 4059 utpote
2083 3995 2135 4044 in
2168 4011 2224 4045 re
2255 3995 2494 4045 mirabili:
2531 4013 2622 4061 pro
2645 4017 2780 4064 aqua

1644 4076 1844 4114 amman
1863 4075 1952 4122 pro
1971 4075 2086 4108 vase
2103 4064 2662 4122 labrunsplendemaere,
2681 4081 2780 4114 seu

1643 4123 1852 4171 lebetem
1870 4142 1881 4179 ς
1907 4139 1996 4186 pro
2014 4124 2218 4172 uliscere
2239 4127 2420 4184 inficere
2441 4125 2594 4188 ponit,
2621 4139 2674 4176 et
2698 4129 2780 4178 nie

1642 4202 1803 4251 porro.
1855 4191 2108 4236 Ambrosia
2129 4203 2316 4246 succus,
2335 4204 2432 4250 qua
2453 4189 2524 4236 dii
2545 4199 2776 4252 utuntur,

1677 4267 1733 4300 ro
1766 4260 2017 4314 unguento
2051 4261 2140 4309 est,
2209 4252 2306 4300 uod
2339 4252 2518 4302 vulnus
2553 4253 2686 4304 levat
2723 4269 2780 4305 et

1661 4315 1777 4363 enit.
1834 4318 2062 4373 Panaeea,
2089 4333 2128 4362 r
2247 4333 2334 4374 εια,
2357 4326 2432 4366 est
2465 4316 2596 4366 inter
2627 4319 2776 4369 fabu-

1641 4379 1772 4428 loson
1797 4393 1981 4426 succos.
