3050 4934
1231 163 1573 232 LIBER
1622 166 1801 234 VII.

2542 177 2673 240 459

523 301 832 389 Undique
863 306 1117 374 collecti
1147 327 1407 393 coeunt,
1442 317 1857 403 Martemque
1890 320 2185 406 fatigant.

516 403 705 469 Ilicet
733 407 1070 475 infandum
1097 416 1314 479 cuncti
1343 428 1573 482 contra
1602 421 1813 484 omina
1844 421 2104 499 bellum,

517 504 766 572 Contra
795 508 932 574 fata
961 511 1176 591 defim,
1211 538 1522 600 perverso
1552 521 1811 585 numine
1843 535 2141 606 poscunt.

345 603 474 667 585
519 605 835 673 Certatim
867 613 1040 695 regis
1071 615 1491 684 circumstant
1519 630 1694 685 tecta
1727 621 1966 686 Latini.

511 706 651 785 Ille,
684 709 860 776 velut
889 713 1104 798 pelagi
1133 739 1332 802 rupes
1363 721 1649 798 immota,
1682 724 1949 800 resistit,

510 810 548 848 ⁸*
566 808 660 872 Ut
690 811 906 896 pelagi
932 837 1154 900 rupeS,
1187 840 1423 903 magno
1447 815 1745 887 veniente
1772 823 2099 908 fragore,*

419 965 428 972 .
508 909 678 982 Quae
709 935 879 992 sese,
907 916 1123 982 multis
1157 921 1398 1014 circum
1429 922 1815 988 latrantibus
1848 926 2063 1012 undis,

502 1009 686 1076 Mole
716 1023 933 1093 tenet3
981 1020 1232 1104 scopuli
1261 1013 1699 1108 nequidquam
1729 1025 1797 1089 et
1828 1049 2097 1109 spumea
2122 1030 2363 1094 circum

329 1109 460 1173 590
505 1111 681 1177 Saxa
711 1114 1017 1196 fremunt,
1049 1119 1364 1206 laterique
1396 1123 1563 1189 illisa
1590 1126 1959 1191 refunditur
1987 1127 2153 1211 alga.

500 1212 772 1293 Verum,
804 1219 918 1281 ubi
946 1220 1122 1285 nulla
1153 1224 1348 1287 datur
1378 1247 1623 1290 caeeum
1649 1249 2049 1311 exsuperare
2080 1241 2373 1312 potestas

500 1313 878 1396 Consilium,
913 1332 982 1384 et
1009 1345 1199 1386 saevae
1229 1336 1392 1389 nutu
1423 1327 1705 1391 «Iunonis
1735 1339 1893 1392 eunt
1921 1352 2063 1406 res;

497 1415 714 1480 Multa
745 1419 904 1483 deos
936 1443 1259 1507 aurasque
1291 1437 1480 1509 pater

1510 1437 1789 1492 testatus
1821 1431 2067 1506 inanes,

494 1515 883 1601 Frangimur
911 1520 1044 1586 heu
1075 1523 1247 1602 fatis,
1281 1528 1508 1610 inquit,
1542 1527 1938 1613 ferimurque
1969 1531 2253 1614 procella
2280 1538 2293 1597 Ξ

325 1616 456 1679 595
500 1617 636 1701 Ipsi
666 1619 786 1684 has
816 1621 1132 1708 sacrilego
1163 1628 1463 1710 pendetis
1495 1631 1807 1713 sanguine
1839 1653 2093 1713 poenaS,

496 1718 561 1781 Ο
593 1721 830 1786 miseri.
893 1722 1018 1801 Te,
1051 1725 1304 1804 Turne,
1336 1728 1543 1806 nefaS‚
1578 1741 1641 1794 te
1675 1733 1861 1795 triste
1891 1734 2178 1796 manebit

491 1819 930 1905 Supplicium3
975 1827 1272 1912 votisque
1304 1830 1464 1894 deos

1497 1833 1894 1896 venerabere
1928 1835 2109 1897 seris.

489 1921 666 1986 Nam
697 1923 850 1987 mihi
879 1937 1070 2009 parta
1098 1931 1307 2014 quieS,
1339 1932 1673 2016 omnisque
1704 1933 1769 1996 in
1798 1931 2011 1996 limine
2042 1947 2307 2017 portus:

488 2022 747 2088 Funere
778 2024 949 2091 felici
977 2028 1242 2112 spolior.
1319 2031 1466 2096 Nec

1497 2032 1687 2117 plura
1716 2032 1973 2097 locutus

311 2124 444 2186 600
488 2124 708 2208 Sepsit
740 2148 811 2191 se
842 2130 1054 2207 tectiS,
1086 2153 1434 2216 rerumque
1464 2132 1725 2218 reliquit
1754 2133 2065 2198 habenas·

311 2371 400 2420 filii
429 2387 520 2420 seu
545 2371 808 2436 propinqui
836 2374 1140 2435 feminarum,
1169 2393 1278 2440 quae
1309 2379 1432 2426 Bac-
1460 2386 1475 2397 '

305 2451 336 2482 c
543 2451 676 2485 more
719 2441 898 2496 thim,
931 2439 1122 2489 choreis
1169 2440 1434 2499 Bacchidis,

305 2503 534 2548 tusum
564 2517 759 2559 nemora,
793 2501 976 2552 thiasos
1008 2504 1060 2552 in
1093 2505 1230 2554 silvis
1269 2515 1433 2570 agunt,

305 2573 488 2612 coeunt
507 2574 558 2612 et
581 2565 812 2614 Latinum
833 2567 1014 2616 bellum
1034 2579 1254 2633 poscunt.
1313 2571 1432 2618 Pro-

305 2627 638 2692 priesan'gant
661 2630 892 2680 Latinum
914 2632 1206 2682 clamoribus
1230 2650 1286 2682 ac
1317 2649 1428 2697 pre-

305 2691 444 2741 cibus
486 2709 635 2758 super
675 2697 836 2742 Marte
877 2711 965 2744 seu
1007 2697 1137 2745 bello
1193 2698 1429 2746 faciendo.

309 2756 444 2805 Hinc
475 2757 705 2821 fatigant,
739 2771 1024 2823 exposcunt,
1059 2765 1206 2823 ipsum
1253 2765 1428 2810 bellam.

307 2820 444 2868 Solet
466 2821 598 2870 enim
621 2833 778 2886 poetae
793 2822 1010 2886 fatigare
1040 2825 1100 2873 de
1133 2825 1194 2874 iis
1226 2825 1428 2874 actioni-

303 2886 396 2933 bus
411 2885 524 2944 dici,
544 2886 598 2934 in
619 2888 796 2950 quibus
816 2888 925 2950 quis
947 2889 1202 2952 fatigatum
1238 2901 1313 2938 est
1335 2890 1425 2953 igi-

305 2958 386 2996 tur
406 2949 632 3014 precibus
662 2951 908 3014 flagitare:
944 2953 1004 3000 cf.
1035 2953 1122 3002 inf.
1151 2953 1252 3012 viii,
1277 2957 1354 3012 94,
1379 2963 1430 3002 et

299 3029 360 3061 su
433 3015 466 3070 i,
491 3017 602 3062 280.

359 3029 478 3136 15³⁶8&
514 3081 624 3127 584.
679 3082 850 3128 συκίνη
875 3084 1054 3156 φρίκη,
1098 3091 1322 3145 respectu
1367 3083 1426 3130 ad

299 3144 1220 3270 zzfflgg.⁸2⁶0:3‡:⁸shtvz¹2¹5„,⁶⁰1t³zz⁵,;i
1241 3162 1424 3258 ⁸325:

295 3271 402 3318 lum
425 3288 471 3320 v.
497 3275 555 3320 81
583 3289 652 3335 sq.
677 3275 898 3322 Per-veno
917 3277 1113 3331 namne,
1136 3289 1227 3337 pro
1251 3273 1424 3322 adver-

295 3351 370 3392 ιο,
395 3335 532 3394 irato,
557 3337 694 3385 Serv.
725 3337 908 3386 Nescio
937 3347 1114 3395 tamen,
1139 3352 1302 3385 annon
1334 3353 1422 3401 po-

295 3399 396 3448 tius
433 3416 540 3449 esse
574 3401 762 3459 debeat,
785 3417 1028 3465 perversa,
1051 3403 1340 3450 conturbata
1373 3411 1424 3449 et

293 3464 542 3515 infirmata
564 3466 766 3514 deorum
789 3466 1050 3514 voluntate.

363 3530 636 3578 586—590.
675 3531 846 3593 Imago
865 3531 940 3578 rei
960 3529 1022 3578 ad
1045 3545 1244 3578 sensum
1265 3529 1420 3586 obvia,

291 3603 346 3642 et
372 3609 404 3642 a
441 3594 608 3643 multis
645 3595 964 3657 frequentata,
1001 3604 1056 3642 ut
1085 3595 1310 3657 exempla
1338 3610 1417 3642 co-

293 3673 524 3708 acervare
537 3659 714 3723 pigeat.
767 3659 984 3708 Incurrit
999 3658 1050 3706 in
1064 3659 1230 3707 oculos
1247 3657 1420 3706 vitium

289 3723 424 3786 quod
447 3739 541 3771 πε.
573 3725 684 3782 586,
715 3719 809 3774 687
841 3723 1036 3772 insidet.
1093 3725 1200 3770 Aut
1227 3737 1420 3770 versum

291 3787 510 3851 priorem
545 3797 631 3836 aut
659 3788 789 3836 hunc
819 3788 1028 3836 alterum
1059 3802 1166 3835 esse
1201 3786 1420 3850 spurium

357 3867 582 3900 numum
604 3853 812 3902 habebat
832 3852 882 3900 H
887 3851 1007 3900 eins.
1029 3870 1041 3908 ;
1065 3865 1340 3913 quanquam
1360 3850 1421 3898 de

289 3867 385 3964 lige
407 3915 561 3964 altero
583 3916 632 3964 id
655 3931 856 3965 censere
885 3915 1108 3964 malebat.
1179 3913 1420 3976 Equidem

287 3981 360 4028 ita
379 3979 660 4030 existimare
677 3981 859 4038 malim,
881 3995 987 4028 esse
1009 3990 1268 4042 utrumque
1289 3979 1422 4026 inter

289 4059 464 4094 versus
486 4045 702 4092 nondum
734 4061 764 4093 a
793 4054 938 4109 poeta
967 4044 1225 4093 absolutos.
1293 4045 1419 4092 Cum

287 4109 500 4158 alterum
541 4109 809 4172 adjecisset,
843 4108 1058 4174 priorem
1103 4123 1219 4156 mox
1265 4119 1419 4156 morte

285 4183 570 4238 praeventus
592 4183 780 4222 mutare
803 4173 1005 4236 nequiit.

353 4239 446 4286 591
472 4253 574 4300 sqq.
613 4237 818 4286 Latinus
839 4253 943 4296 rex,
967 4251 1080 4285 cum
1101 4235 1184 4283 diu
1209 4233 1413 4283 restitis-

1501 2385 1592 2434 set,
1614 2377 1807 2424 tandem
1828 2376 1985 2426 victus
2002 2378 2147 2426 rebus
2164 2379 2393 2440 gerendis
2414 2399 2468 2430 se
2490 2386 2629 2434 abdi-

1501 2450 1595 2498 cat,
1620 2457 1797 2502 easque
1821 2450 1985 2503 partes
2008 2441 2178 2488 Turno
2197 2444 2432 2494 concedit.

1568 2506 1839 2554 §oa—595.
1875 2507 2045 2561 Auo-as,
2060 2505 2251 2562 coelum,
2271 2508 2497 2558 manibus
2512 2513 2625 2560 sub-

1503 2570 1615 2618 latis
1644 2570 1925 2617 obtestatur.
1963 2571 2139 2626 lnam,
2168 2569 2418 2632 epitheton
2450 2589 2625 2637 perpe-

1498 2641 1637 2682 tuum
1656 2633 1783 2681 aeris
1806 2642 1857 2680 et
1890 2633 2097 2681 sethei-is.
2166 2636 2447 2697 Frangimur
2466 2635 2593 2696 satis
2610 2660 2625 2687 :

1498 2698 1621 2745 Fato
1642 2714 1697 2746 se
1717 2697 1846 2744 vinci
1868 2697 1951 2754 ait,
1974 2706 2213 2759 quatenus
2236 2713 2335 2748 non
2356 2716 2513 2758 suum,
2538 2705 2625 2752 sed

1496 2777 1679 2810 coecum
1714 2763 1867 2810 turboe
1908 2761 2179 2818 consilium,
2215 2762 2262 2809 h.
2312 2765 2623 2816 temerarium

1496 2826 1736 2889 impetum
1768 2835 1819 2872 et
1847 2825 2074 2880 furorem,
2108 2825 2245 2888 sequi
2275 2827 2478 2902 cogitur.
2535 2833 2621 2878 Sa-

1493 2893 1963 2953 crilego—sauguine,
1992 2897 2231 2951 quatenus
2261 2890 2355 2954 ipsi
2389 2893 2619 2958 Aborigi-

1495 2970 1583 3002 nes
1598 2953 1836 3016 sacrilegi,
1856 2953 2009 3016 impii,
2025 2953 2236 3002 habendi
2256 2965 2383 3012 sunt,
2400 2956 2484 3018 qui
2503 2975 2619 3006 con·

1493 3027 1571 3067 tra
1591 3018 1793 3066 deorum
1817 3017 2115 3066 voluntatem
2140 3019 2321 3066 bellum
2348 3021 2623 3084 suscipiunt

1492 3081 1744 3144 foedusque
1766 3082 1917 3130 ictum
1938 3081 2133 3130 violant.
2188 3086 2291 3130 Has
2307 3102 2483 3152 ρωποι,
2502 3086 2615 3135 doc-

1493 3156 1557 3202 te,
1583 3162 1671 3210 pro
1694 3146 1876 3194 scelere
1898 3147 1989 3194 hoc
2013 3161 2195 3209 poenas.

1558 3211 1668 3266 598,
1693 3211 1803 3257 599.
1840 3211 1945 3258 Sibi
1962 3226 2051 3258 rex
2073 3222 2295 3273 paratum
2320 3229 2426 3261 esse
2449 3213 2519 3262 ait
2540 3230 2617 3261 re·—

1490 3273 1677 3336 sugium
1700 3273 1753 3322 in
1776 3285 1931 3322 morte
1955 3273 2129 3331 vicina,
2154 3291 2243 3323 nec
2264 3276 2357 3324 sibi
2378 3277 2503 3350 eripi
2526 3278 2613 3324 ali-

1491 3337 1571 3394 ud,
1596 3346 1933 3401 praeterquam,
1970 3353 2047 3396 ne,
2081 3349 2135 3388 ut
2168 3338 2285 3386 felix
2320 3339 2512 3398 vixerit,
2548 3340 2615 3389 ita

1488 3400 1605 3448 felix
1637 3403 1901 3462 beatusque
1936 3401 2183 3450 moriatur.
2242 3403 2497 3450 Sententia
2528 3421 2611 3452 ex-

1487 3465 1655 3528 pedita
1684 3474 1784 3520 est;
1820 3465 1907 3513 sed
1935 3465 1997 3512 dc
2020 3465 2180 3512 verbis
2212 3465 2391 3528 ambigi
2424 3476 2611 3528 potest:

1488 3545 1581 3590 ego
1601 3533 1757 3584 omnis,
1782 3537 1925 3584 totus,
1944 3543 2053 3576 sum
2078 3531 2125 3574 in
2148 3531 2316 3584 limine,
2336 3529 2486 3588 aditu,
2503 3548 2612 3592 por-

1487 3601 1596 3647 tus.-
1646 3592 1697 3640 in
1733 3601 1878 3656 portu
1910 3595 2012 3653 jam
2054 3599 2241 3639 tantum
2280 3609 2379 3640 non
2422 3593 2611 3657 navigo.

1485 3660 1645 3706 Funus
1667 3671 1760 3720 pro
1776 3655 1885 3718 ipsa
1907 3663 2075 3702 morte.

1552 3722 1662 3768 600.
1698 3719 1841 3775 Quod
1864 3719 2071 3768 Latinus
2100 3719 2240 3782 regni
2274 3720 2439 3768 munia
2470 3737 2608 3795 pror-

1484 3801 1570 3833 sus
1600 3784 1793 3841 deserit,
1820 3783 2085 3832 tenendum
2118 3793 2207 3842 est,
2239 3784 2299 3832 ad
2331 3785 2487 3834 Turm
2522 3800 2607 3833 no-

1485 3865 1599 3898 men
1618 3849 1957 3898 illustrandum
1976 3847 2044 3896 ita
2066 3863 2145 3896 res
2166 3857 2510 3912 attemperatas
2533 3865 2609 3898 es-

1485 3930 1555 3972 se,
1573 3923 1629 3962 ut
1644 3914 1688 3962 is
1707 3928 1945 3962 summam
1968 3911 2161 3975 imperii
2189 3921 2353 3960 tenere
2372 3913 2607 3962 videatur.

1491 3978 1655 4028 Facile
1678 3978 1809 4026 enim
1833 3975 2137 4038 intelligitur,
2158 3991 2269 4023 cum
2300 3979 2451 4024 semel
2482 3979 2607 4026 Tur-

1485 4058 1579 4091 nus
1608 4042 1671 4090 ad
1702 4042 1874 4090 AEneae
1906 4040 2134 4090 virtutem
2164 4039 2501 4090 illustrandam
2532 4041 2607 4089 in-

1484 4107 1699 4168 signiore
1720 4105 1864 4155 laude
1886 4103 2203 4152 celebrandus
2222 4114 2363 4161 esset,
2390 4105 2494 4153 fieri
2520 4107 2610 4155 hoc

1483 4185 1583 4218 non
1626 4179 1758 4218 recte
1803 4168 2033 4232 potuisse,
2080 4168 2123 4216 si
2166 4169 2403 4218 secundas
2445 4179 2609 4234 partes

1482 4243 1663 4296 ageret,
1688 4243 1737 4282 et
1760 4233 1959 4282 alterius
1981 4231 2211 4296 auspiciis
2228 4249 2307 4282 res
2328 4243 2531 4297 gereret.
