3050 4934
1165 199 1510 266 LIBER
1556 201 1610 266 1.

2466 205 2549 266 61

405 346 766 412 Chaoniam
795 347 1024 432 pingui
1052 347 1356 432 glandem
1384 352 1655 415 mutavit
1686 353 1905 430 arista,

403 447 781 532 Poculaque
809 448 1087 512 inventis
1117 448 1438 515 Acheloia
1465 453 1722 517 miscuit
1752 453 1928 530 uvi83

281 549 364 610 10
409 547 504 611 Et
533 571 670 626 voe,
704 561 1038 633 agrestum
1067 553 1418 634 praesentia
1445 555 1727 629 numina,
1758 553 1989 632 Fauni,

407 649 604 714 Ferte
635 650 823 714 simul
853 651 1193 734 Faunique
1222 653 1458 734 pedem
1491 653 1928 737 Dryadesque
1960 655 2227 739 puellae:

407 749 693 814 Munera
723 764 940 815 vestra
969 773 1153 816 cano·
1233 751 1472 835 Tuque
1503 775 1566 827 o,
1599 755 1703 816 cui
1731 755 1937 838 prima
1968 754 2346 838 frementem

407 849 610 913 Fudit
637 873 874 934 equum
903 874 1141 934 magno
1173 851 1361 915 tellus
1393 875 1711 935 percussa
1742 854 2029 932 tridenti,

405 949 758 1034 Neptune3
805 963 873 1016 et
902 951 1114 1016 cultor
1143 974 1496 1028 nemorum,
1531 954 1635 1016 cui
1664 954 1931 1036 pinguia
1961 955 2113 1018 Ceae

283 1052 364 1114 15
406 1049 546 1114 Ter
576 1063 835 1114 centum
865 1053 1033 1115 nivei
1064 1053 1338 1116 tondent
1370 1053 1636 1117 dumeta
1656 1054 1955 1137 juvenci3

407 1149 585 1233 Ipse,
615 1174 838 1214 nemus
866 1151 1165 1235 linquens
1197 1154 1480 1235 patrium
1510 1152 1843 1236 saltusque
1874 1153 2116 1237 Lycaei,

411 1251 576 1327 Pan,
607 1253 820 1316 ovium
847 1263 1088 1326 custos,
1120 1265 1233 1317 tua
1263 1255 1319 1317 si
1349 1255 1468 1317 tibi
1497 1253 1785 1318 Maenala
1814 1277 2011 1334 curae,

408 1350 650 1428 Adsis,
670 1376 711 1416 o
739 1352 1048 1436 Tegeaee,
1079 1353 1338 1432 favens3
1385 1353 1676 1438 oleaeque
1709 1354 2010 1424 Minerva

408 1451 780 1530 Inventi-im
823 1455 1104 1536 uncique
1136 1477 1305 1539 puer
1331 1466 1728 1519 monstrator
1758 1459 1993 1534 aratri3

273 1554 362 1616 20
407 1552 502 1615 Et
531 1563 820 1617 teneram
849 1555 934 1617 ab
963 1554 1180 1618 radice
1211 1546 1450 1630 serem,
1486 1553 1767 1632 Silvane,
1802 1577 2220 1640 cupressum3

233 1737 280 1774 et
312 1727 512 1774 Lunam
542 1727 636 1774 sub
667 1726 836 1776 Liberi
863 1736 914 1774 et
945 1726 1134 1775 Liberoe
1159 1726 1358 1776 nomine

230 1789 322 1838 coli
353 1790 727 1847 contenderant,
755 1806 856 1838 non
885 1806 952 1854 po
987 1791 1184 1849 ularem,
1218 1791 1357 1854 sequi

231 1853 496 1901 dicendum
515 1863 604 1902 est.
653 1855 790 1902 Num
808 1869 926 1901 vero
979 1854 1178 1904 octrinae
1199 1856 1356 1919 copis,

231 1933 292 1964 sn
329 1929 496 1981 poetae
535 1918 698 1966 Graeci
735 1917 1023 1975 imitatione,
1066 1919 1168 1966 haec
1207 1935 1354 1982 posu-

229 1981 472 2091 “itaut-{on
495 1981 750 2093 definiant-ii,
811 1983 1053 2092 (ignarum
1081 1983 1353 2058 pro-diver-

229 2236 354 2298 pbae.
374 2205 492 2284 cum
515 2187 1180 2292 8ἰ1νιιιιιιᾳωῖ1ἰιῗὲτνεαὲῗιῖἒῗη
1210 2189 1358 2301 ριξζ-

233 2309 309 2373 ter
336 2299 462 2347 olen
493 2299 762 2354 culmi-sim
799 2300 862 2349 ad
891 2299 974 2348 lib.
1003 2299 1055 2348 iii
1081 2301 1358 2363 Neptunus,

233 2379 550 2476 ffiffi
568 2363 1028 2500 ss‘ssfflaeffi
1046 2373 1360 2476 ‘iffi‘a‘szss

234 2491 476 2540 Aristaeus
507 2491 743 2539 mellificii
764 2501 945 2539 auctor.
1019 2494 1176 2540 Vestro
1200 2496 1243 2540 si
1261 2509 1359 2540 ms-

235 2571 338 2602 ·ere
351 2575 369 2602 .·
422 2554 818 2618 quandoquidem
859 2555 996 2603 vobis
1035 2555 1268 2604 arationis
1303 2571 1360 2604 ac

233 2617 406 2666 vitium
439 2618 648 2668 astionis
679 2619 810 2666 inter
841 2617 1062 2666 homines
1097 2618 1242 2667 initia
1273 2618 1356 2668 de·-

233 2683 424 2739 bentur,
445 2681 580 2744 ferte
605 2685 782 2744 peden,
814 2681 979 2730 adeste
1007 2698 1094 2731 vos
1126 2683 1248 2732 mihi
1274 2699 1354 2732 ca-

235 2746 385 2794 nenti.
453 2749 608 2794 Teum
627 2745 924 2809 permutavit
939 2749 1154 2808 glandem
1174 2750 1326 2794 arista
1339 2766 1356 2800 ,-

233 2817 288 2856 ut
329 2810 376 2858 ei
418 2810 680 2867 tribuatur,
727 2817 956 2873 tanquam
999 2809 1141 2868 actio,
1184 2825 1242 2858 ea
1277 2825 1356 2860 res

233 2875 370 2933 etnim
392 2883 590 2922 tantum
603 2889 752 2922 causa
771 2883 822 2921 et
841 2873 1219 2922 insti-amentum
1239 2873 1355 2922 fuit:

233 2936 630 3048 mne-libus
669 2936 800 2986 vesci
841 2947 1096 3002 coeperunt
1137 2937 1360 2986 homines

297 3063 402 3144 ᾆξ-
431 3067 708 3142 qnoniam.-
727 3062 822 3111 vid.
838 3063 901 3112 ad
919 3063 1023 3112 Ecl.
1041 3065 1202 3138 51:213.
1240 3067 1355 3112 Pin-

231 3130 490 3239 ἱὲἒιῖἳῒ
499 3127 1360 3264 ffifflssffiffifizfflssffiz

239 3254 368 3304 Nam
387 3259 581 3304 miseere
610 3258 775 3311 vinum.
803 3254 1024 3302 sollenne
1053 3269 1144 3319 pro
1165 3255 1358 3310 biberes

236 3317 304 3366 sic
341 3315 542 3380 κρέα-ιιι
575 3334 664 3382 pro
703 3315 910 3380 ἐγχέων,
944 3315 1107 3366 πίνειν.
1167 3320 1362 3366 Miscuit

231 3385 396 3443 poe-Ia
433 3385 586 3440 tellus,
619 3383 668 3430 h.
706 3381 886 3431 vitibus
931 3380 1078 3430 editis
1111 3381 1272 3430 effecit
1303 3391 1358 3430 ut

237 3445 434 3494 n’nceri
474 3455 691 3509 possent.
777 3448 950 3494 Pocula
1005 3447 1225 3493 Acheloia
1267 3461 1358 3509 pro

235 3519 698 3629 isam&
731 3508 1036 3634 {wiza
1071 3511 1364 3621 flam

235 3644 1362 3762 ffiqmffiofflgssqffiffi

239 3765 540 3820 Granum
561 3762 701 3811 dixit.
1139 3800 1147 3806 .

305 3829 382 3886 10,
403 3829 478 3876 n.
513 3829 770 3875 Praeoenua
788 3829 989 3883 numina,
1008 3835 1058 3874 et
1072 3825 1292 3890 potentia
1309 3835 1362 3874 et

237 3891 474 3956 propitia:
491 3889 588 3939 vid.
599 3891 710 3964 Jch.
726 3890 759 3949 i,
773 3892 854 3938 42.
887 3893 1027 3938 Feres
1037 3893 1178 3964 final
1182 3893 1358 3952 pedem,

235 3955 626 4082 mss-s.
643 3954 1358 4074 vammum:

239 4083 288 4132 in
311 4082 492 4144 quibu
708 4091 986 4146 pascuntur.

305 4149 382 4204 12,
408 4148 480 4194 1³.
547 4155 792 4208 equuntur
811 4146 1088 4209 Neptunus,
1104 4145 1359 4202 Aristoeus,

239 4211 356 4266 Pan,
381 4209 626 4266 Minerva,
645 4224 758 4257 cum
782 4209 1009 4258 Silvanoz
1045 4208 1141 4257 vid.
1163 4207 1226 4257 ad
1246 4224 1290 4256 v.
1313 4207 1358 4258 7.

239 4277 438 4322 Hatera
445 4281 612 4330 mera,
625 4288 690 4321 ex
697 4273 914 4322 anteced.
925 4273 1182 4330 frumenta,
1193 4271 1358 4328 vitem.

237 4345 474 4393 menn,
517 4352 706 4400 greges.
777 4339 865 4384 Gai
904 4341 1057 4399 prima
1089 4334 1362 4398 frementem

1423 1729 1573 1776 Fuda't
1592 1745 1766 1790 equam,
1790 1731 1927 1787 cujus
1943 1733 2083 1792 jussu
2110 1732 2323 1796 primum
2354 1749 2381 1783 e
2414 1744 2543 1785 terra

1425 1807 1579 1854 equus
1608 1792 1769 1840 editus
1802 1802 1889 1840 est.
1958 1795 2089 1843 Nota
2118 1795 2281 1845 fabula
2306 1798 2369 1845 de
2402 1800 2538 1862 Nep-

1425 1856 1532 1904 tuni
1562 1871 1675 1904 cum
1700 1855 1897 1903 Pallade
1925 1859 2203 1917 certamine,
2228 1876 2339 1909 cum
2362 1862 2430 1909 dii
2462 1878 2540 1909 ar-

1424 1918 1624 1968 bitrium
1647 1918 1886 1977 tulissent,
1912 1929 1979 1977 ut,
2006 1930 2115 1970 uter
2135 1938 2239 1970 rem
2258 1924 2543 1974 mortalibus

1423 1981 1733 2031 utilissimam
1745 1983 2071 2046 produxisset.
2088 1987 2192 2046 ejus
2206 1986 2403 2035 nomine
2417 2003 2543 2036 nova

1423 2048 1540 2094 urbs
1574 2046 1833 2108 (Athenae)
1868 2049 2208 2110 appellaretur.
2278 2051 2543 2115 Neptunus

1422 2109 1539 2158 inde
1576 2110 1747 2158 ἵππιος.
1824 2113 2036 2160 Fundere
2070 2113 2266 2177 proprie
2302 2114 2363 2161 de
2398 2125 2543 2179 partu

1423 2172 1552 2221 felici
1586 2189 1642 2221 ac
1676 2173 1833 2228 facim
1874 2173 1989 2222 hinc
2022 2176 2233 2234 omnino,
2269 2193 2539 2240 procreare.

1425 2239 1653 2285 Percussa
1683 2241 1890 2295 tridenti,
1918 2238 2127 2286 sollenni
2160 2240 2360 2288 deorum
2390 2257 2541 2300 more,

1425 2300 1616 2362 quoties
1638 2300 1821 2363 aliquid
1844 2316 1871 2348 e
1896 2311 2027 2350 terra
2046 2305 2303 2365 provenire
2328 2305 2511 2353 volunt.

1495 2367 1569 2420 14,
1598 2365 1670 2411 15.
1722 2367 1880 2412 Cultor
1911 2383 2137 2414 nemorum
2180 2376 2257 2414 est
2287 2367 2541 2426 Aristaeus,

1424 2427 1673 2491 Apollinis
1703 2440 1754 2476 et
1779 2429 1997 2491 Cyrenes
2026 2429 2169 2486 filius,
2194 2429 2292 2492 qui,
2318 2431 2539 2494 Cycladi-

1426 2491 1518 2539 bus
1542 2506 1721 2554 magna
1738 2491 1956 2540 siccitate
1976 2501 2025 2540 et
2044 2492 2169 2541 fame
2192 2493 2395 2552 afflictis,
2415 2510 2541 2552 cum,

1426 2555 1577 2603 Ceam
1622 2554 1895 2614 arcessitus,
1942 2555 2124 2604 Sirium
2167 2555 2358 2620 placare
2402 2573 2540 2606 mon-

1425 2627 1639 2677 strasset,
1687 2635 1783 2682 quo
1831 2619 1957 2669 facto
2000 2619 2167 2669 etesiae
2208 2637 2371 2670 aerem
2418 2630 2541 2670 tem-

1420 2699 1595 2747 perare
1616 2693 1880 2747 coeperant,
1904 2685 1935 2731 J
1938 2684 2043 2732 ovis
2062 2684 2258 2734 Aristaei
2280 2694 2331 2732 et
2349 2685 2539 2750 Apolli-

1421 2747 1500 2795 nis
1516 2747 1683 2796 Nomii
1699 2747 1897 2795 nomine
1910 2747 2069 2796 cultus
2083 2748 2188 2796 fuit.
2226 2749 2325 2798 Hic
2342 2758 2543 2814 propter

1421 2825 1711 2874 pascuorum
1749 2821 1799 2858 et
1827 2809 2041 2858 saltuum
2073 2827 2239 2860 curam
2271 2813 2541 2862 invocatur.

1424 2877 1625 2922 Nemora
1646 2873 1776 2921 dicta
1805 2883 1922 2921 sunt
1942 2889 2033 2937 pro
2053 2875 2271 2932 saltibus,
2294 2876 2345 2924 in
2398 2877 2543 2926 uibus

1540 2953 1603 2985 ua
1624 2945 1751 2984 sunt.
1820 2936 1987 2985 Etiam
2007 2940 2189 2986 dumeta
2213 2954 2303 3001 pro
2324 2955 2379 2986 sa
2398 2939 2540 2996 tibus,

1441 3017 1531 3048 oco
1564 2999 1775 3048 arbustis
1804 3000 2007 3048 consito.
2078 3003 2291 3074 Pinguia,
2322 3001 2541 3050 herbosa.

1430 3067 1647 3120 Tondeat,
1691 3073 1900 3127 pascunt
1938 3064 2113 3112 herbas
2166 3077 2296 3112 inter
2348 3067 2545 3113 arbusta

1425 3137 1579 3176 natas·
1640 3126 1701 3175 In
1734 3143 1791 3188 sq
1824 3163 1835 3173 .
1861 3136 1975 3175 ante
2008 3127 2173 3176 oculos
2206 3137 2346 3176 erant
2373 3143 2544 3178 versus

1425 3191 1675 3239 Theocriti
1701 3189 1809 3254 ldyl
1829 3225 1841 3236 .
1865 3189 1897 3248 i,
1928 3193 2033 3248 123,
2063 3193 2167 3238 124.

1495 3254 1700 3305 17—19.
1730 3256 1829 3302 Tua
1844 3259 1887 3302 si
1905 3257 1994 3302 tibi
2006 3257 2213 3302 Moenala
2231 3273 2365 3314 cures,
2387 3272 2538 3320 quan·

1425 3317 1685 3380 doquidem
1715 3317 1971 3376 Maenalus,
1998 3318 2220 3367 Arcadia
2248 3335 2403 3376 mons.
2427 3337 2539 3385 pss-

1421 3381 1526 3430 cuis
1560 3381 1797 3456 egregius,
1823 3382 1911 3431 tibi
1942 3391 2017 3430 est
2046 3383 2191 3446 longe
2219 3383 2541 3446 gratissimus,

1423 3453 1476 3494 tu
1489 3445 1611 3492 mihi
1622 3461 1726 3494 rem
1744 3445 2021 3509 pecuariam
2040 3447 2265 3494 tractanti
2319 3447 2540 3510 ropitius,

1420 3525 1607 3572 precor,
1630 3509 1775 3556 adsis.
1823 3511 2036 3571 Tegeaeas
2054 3511 2158 3558 Pan
2181 3511 2244 3558 ab
2401 3526 2432 3557 a
2452 3527 2539 3573 op-

1425 3572 1543 3635 pido
1564 3571 1803 3628 Arcadiae,
1826 3571 1879 3618 in
1912 3587 2007 3632 qua
2038 3581 2089 3618 et
2116 3581 2307 3620 montes
2384 3588 2545 3635 ycaeus

1427 3644 1478 3682 et
1501 3633 1757 3681 Maenslus.
1826 3637 1877 3680 Sa·
1898 3633 1951 3679 in
1973 3633 2361 3683 invocationibus
2384 3645 2434 3682 et
2456 3637 2540 3686 ob-

1427 3695 1767 3746 testationibus
1802 3695 2260 3759 frequentissimum
2342 3701 2543 3761 Uncique

1419 3778 1539 3824 puer
1560 3761 1833 3809 monstrator
1852 3763 2019 3817 aratri,
2042 3760 2373 3825 Triptolemus
2391 3761 2540 3811 Eleu-

1423 3825 1581 3875 sinius
1616 3841 1646 3873 a
1681 3825 1861 3873 Cerere
1896 3823 2162 3874 mationem
2200 3824 2411 3874 edoctus.
2481 3828 2543 3875 In

1423 3889 1631 3953 gemmis
1657 3905 1793 3952 oeque
1824 3899 1969 3952 atque
2000 3889 2052 3936 in
2074 3889 2184 3938 aliis
2214 3891 2543 3939 monumentis

1425 3953 1638 4002 occurrit
1655 3953 1799 4001 modo
1814 3969 1952 4016 puer,
1972 3953 2116 4001 modo
2131 3952 2258 4015 bigis
2280 3953 2543 4002 draconum

1425 4027 1607 4066 vectus.
1671 4016 1815 4071 Quod
1836 4031 2013 4064 nomen
2040 4030 2137 4063 non
2162 4017 2402 4079 apposuit,
2426 4017 2544 4068 fecit

1427 4091 1483 4128 ut
1515 4089 1673 4144 poeta.
1741 4081 1985 4128 Caeterum
2026 4080 2283 4127 observatu
2322 4079 2541 4144 dignum,

1425 4144 1557 4207 quod
1578 4143 1909 4206 Triptolemus
1941 4142 2083 4190 heros
2114 4157 2245 4190 nunc
2277 4143 2405 4192 inter
2427 4146 2542 4194 deos

1424 4207 1694 4256 invocatur.

1493 4273 1570 4320 20.
1609 4268 1719 4318 Tali
1746 4268 1917 4317 habitu
1948 4271 2171 4327 Silvanus,
2204 4279 2425 4320 tenerum
2454 4287 2541 4319 cu-

1427 4334 1586 4399 pressi
1616 4343 1841 4380 truncum
1862 4331 2037 4391 ferens,
2062 4333 2115 4381 in
2146 4349 2385 4383 marmore
2414 4335 2543 4398 apud
