3050 4934
1228 285 1568 353 LIBER
1616 289 1705 351 X.
2485 289 2614 352 553

467 429 860 516 Progenies3
910 447 1160 521 septem
1189 459 1482 514 numero,
1515 448 1919 522 septenaque
1948 435 2075 501 tela

291 527 422 593 330
464 529 868 618 conjiciunt:
915 539 1152 621 partim
1181 538 1368 623 galea
1398 537 1739 624 clipeoque
1768 537 2087 603 resultant

463 631 692 713 Irrita3
739 635 1008 703 deflexit
1035 640 1271 723 partim
1303 641 1687 724 stringentia
1716 661 1955 723 corpus

461 732 656 798 Alma
680 735 936 802 Venus.
1011 738 1246 804 Fidum
1279 739 1533 804 AEneas
1563 739 1802 805 affatur
1841 739 2171 805 Achaten:

463 834 758 920 Suggere
788 837 918 904 tela
941 840 1120 916 mihi,
1151 863 1282 905 non
1313 839 1513 904 ullum
1542 841 1819 905 dextera
1844 840 2087 906 frustra

461 935 763 1003 Torserit
789 941 857 1003 in
888 939 1197 1017 Rutulos,
1231 951 1553 1004 steterunt
1580 963 1726 1024 quae
1756 942 1821 1005 in
1851 963 2125 1026 corpore
2156 941 2429 1008 Graium

288 1035 418 1100 335
461 1035 674 1102 Iliacis
703 1041 970 1126 campis.
1048 1041 1224 1106 Tum
1253 1063 1555 1126 magnam
1582 1042 1851 1126 corripit
1880 1043 2155 1120 hastam,

461 1136 555 1202 Et
573 1140 758 1222 jacit.
833 1139 952 1206 Illa
979 1141 1204 1206 volans
1231 1141 1424 1226 clipei
1453 1144 1940 1208 transverberat
1966 1165 2101 1208 aera

459 1237 765 1318 Maeonis,
797 1254 864 1306 et
893 1241 1164 1308 thoraca
1193 1241 1381 1307 simul
1411 1264 1561 1307 cum
1586 1255 1855 1327 pectore
1886 1245 2151 1328 rumpit.

459 1338 636 1406 Huic
667 1340 869 1407 frater
899 1344 1075 1409 subit
1103 1341 1414 1420 Alcanor,
1445 1342 1843 1427 fratremque
1872 1355 2170 1409 ruentem

458 1439 800 1506 sustentat
827 1443 1097 1508 dextra:
1143 1444 1420 1527 trajecto
1447 1444 1645 1508 missa
1674 1442 1921 1508 lacerto

288 1539 422 1604 340
465 1539 774 1606 Protinus
805 1543 998 1608 hasta
1027 1543 1217 1628 fugit,
1250 1553 1595 1628 servatque
1624 1556 1899 1609 cruenta
1930 1557 2256 1622 tenorenu

461 1641 888 1728 Dexteraque
917 1665 1004 1709 ex
1031 1645 1306 1710 humero
1331 1647 1549 1710 nervis
1576 1646 1963 1711 moribunda
1993 1646 2329 1731 pependit.

464 1741 640 1807 Tum
668 1743 1000 1823 Numitor,
1022 1745 1246 1830 jaculo
1276 1746 1496 1811 fratris
1527 1747 1612 1810 de
1642 1768 1915 1831 corpore
1944 1757 2159 1832 rapto,

459 1841 718 1908 AEnean
747 1847 968 1930 petiit;
1013 1847 1134 1910 sed
1163 1869 1296 1912 non
1318 1859 1388 1912 et
1413 1847 1621 1931 figere
1650 1858 1877 1912 contra

459 1943 590 2009 Est
615 1943 880 2024 licitum,
911 1949 1256 2032 magnique
1287 1947 1497 2013 femur
1526 1949 1910 2033 perstrinxit
1938 1947 2241 2015 Achatae.

281 2042 416 2109 345
457 2043 590 2110 Hic
621 2045 929 2125 Curibus,
961 2047 1174 2112 fidens
1203 2051 1512 2133 primoevo
1542 2070 1841 2134 corpore,
1874 2049 2153 2114 Clausus

455 2143 768 2224 Advenit,
801 2159 868 2212 et
897 2148 1110 2232 rigida
1137 2149 1477 2235 Dryopem
1507 2149 1659 2215 ferit
1686 2152 1934 2216 eminus
1960 2150 2154 2216 hasta

451 2245 596 2312 sub
625 2257 935 2326 mentum,
966 2251 1252 2333 graviter
1281 2273 1529 2335 pressa,
1562 2252 1937 2336 pariterque
1967 2251 2291 2337 loquentis

457 2347 709 2414 Vocem
737 2351 1141 2434 animamque
1172 2352 1366 2435 rapit,
1399 2352 1673 2435 trajecto
1702 2361 2005 2435 gutture3
2051 2362 2120 2416 at
2146 2351 2254 2417 ille

455 2449 700 2515 Fronte
729 2449 882 2515 ferit
911 2460 1172 2530 terram,
1205 2462 1273 2516 et
1303 2474 1595 2517 crassum
1623 2453 1820 2517 vomit
1849 2473 1962 2516 ore
1984 2474 2304 2517 cruorem.

279 2551 414 2616 ³50
456 2551 629 2618 Tres
660 2575 920 2638 quoque
949 2553 1290 2619 Threicios
1323 2553 1558 2618 Boreoe
1588 2555 1672 2618 de
1700 2564 1896 2637 gente
1928 2575 2253 2638 suprema,

458 2653 550 2718 Et
579 2665 716 2718 tres
743 2677 910 2739 quos
939 2653 1094 2720 Idas
1123 2665 1314 2741 pater
1341 2667 1410 2720 et
1433 2657 1647 2740 patria
1676 2653 1925 2719 Ismara
1950 2655 2169 2732 mittit,

457 2755 590 2820 Per
618 2757 829 2820 varios
861 2758 1092 2820 sternit
1121 2779 1333 2822 casus.
1410 2755 1720 2822 Accurrit
1750 2756 2063 2833 Halesus,

456 2855 918 2940 Auruncaeque
947 2879 1212 2936 manus3
1259 2859 1436 2924 subit
1465 2868 1534 2922 et
1562 2857 1903 2942 Neptunia
1932 2856 2176 2943 proles,

458 2956 740 3042 Insignis
772 2958 1126 3043 Messapus
1156 2961 1362 3044 equis.
1444 2958 1797 3043 Expellere
1824 2959 2103 3023 tendunt

279 3059 412 3124 355
455 3057 654 3124 Nunc
683 3059 776 3136 hi,
807 3081 978 3125 nunc
1007 3057 1132 3125 illi:
1181 3071 1470 3129 certatur
1499 3059 1715 3126 limine
1744 3061 1810 3124 in
1839 3060 1985 3145 ipso

347 3227 458 3276 8³1.
495 3226 573 3276 Ea
601 3242 710 3290 quae
753 3227 876 3276 sti-in
911 3243 996 3276 ere
1032 3235 1260 3292 poterant
1297 3243 1404 3277 cor-
1472 3231 1567 3283 da,-
1602 3227 1757 3304 qualia
1778 3243 1886 3276 ease
1906 3228 2033 3278 solet
2061 3229 2339 3280 moribundi
2368 3232 2595 3291 hominis,

319 3305 390 3349 ua,
410 3293 608 3352 deflexit,
633 3299 689 3340 ut
709 3292 857 3349 June,
905 3291 968 3340 ib.
1001 3291 1068 3350 ix,
1084 3292 1195 3349 745,
1219 3291 1248 3342 7
1252 3293 1330 3350 46,
1355 3292 1408 3340 in
1471 3291 1553 3340 lan
1715 3311 1729 3339 ε
1758 3291 1947 3366 pendet
1966 3297 2130 3351 nervis,
2153 3309 2245 3358 per
2264 3309 2455 3354 nervos,
2478 3299 2525 3345 h.
2552 3314 2593 3344 e.

333 3369 472 3404 umo-
935 3387 944 3398 .
1473 3365 1557 3404 ten
1594 3355 1713 3414 ‘neg
1736 3355 2001 3418 ligamenta
2023 3367 2074 3404 et
2094 3357 2353 3407 musculos.
2546 3373 2552 3386 ·

349 3420 624 3468 aaz-3³5.
659 3422 862 3484 Suggen
883 3422 978 3468 tela
997 3422 1112 3468 nihi
1124 3438 1142 3468 .-
1163 3427 1292 3496 puta
1313 3419 1404 3484 igi-
1540 3421 1649 3478 342,
1665 3421 1775 3468 ³43.
1805 3419 1953 3468 Color
1964 3419 2143 3482 ubique
2160 3421 2467 3481 Homericus,
2478 3433 2535 3472 ut
2548 3433 2598 3471 et

282 3491 364 3532 tur
383 3483 548 3533 hastas
569 3499 634 3532 ex
653 3483 834 3548 pugnis
861 3499 974 3532 cum
1001 3483 1204 3533 Achivis
1231 3483 1407 3532 collec-
1473 3483 1526 3532 in
1544 3484 1637 3532 hoc
1653 3499 1797 3533 versu
1820 3491 1870 3531 et
1884 3483 1937 3531 in
1957 3499 2028 3546 sq.
2079 3487 2246 3547 Figere
2264 3493 2437 3544 contra,
2454 3489 2597 3547 πῆξαι

285 3557 360 3596 tas
387 3557 439 3596 et
466 3547 726 3611 diligenter
753 3557 970 3596 serratas
1001 3549 1210 3598 AEneam
1243 3563 1410 3597 aecum
1473 3547 1680 3610 ἂνηκρὺ,
1705 3548 1757 3595 in
1776 3547 1981 3596 adverso
2004 3547 2177 3596 AEneoe
2200 3564 2416 3613 corpore.

285 3611 522 3660 attulisse.
1540 3611 1811 3661 345—847.
1850 3613 2058 3668 chusar,
2074 3611 2159 3673 qui
2176 3611 2367 3661 Latinis
2390 3612 2596 3662 Sabinos

349 3676 622 3725 aas—‘ast
651 3677 898 3740 impetum
911 3685 962 3724 et
972 3675 1068 3724 vim
1076 3679 1250 3738 jactus,
1261 3675 1406 3726 adeo-
1474 3675 1757 3724 adduxerat.
1798 3677 1969 3723 Fidem
1978 3679 2195 3736 primevo
2210 3693 2405 3739 corpore,
2417 3680 2593 3740 juven·

283 3755 380 3802 quc
417 3741 566 3788 robur
587 3739 774 3798 AEneoe,
813 3739 1027 3788 declarat
1053 3748 1224 3805 poeta:
1261 3743 1405 3789 Moo-
1473 3749 1537 3788 ta.
1596 3742 1753 3788 Hasta
1774 3741 1985 3802 gravun-
2001 3755 2175 3800 preesa,
2197 3739 2448 3805 impressa,
2478 3741 2597 3791 dum

283 3821 386 3853 aaa·
403 3806 560 3866 clipeo,
579 3803 774 3853 thorace
791 3813 844 3852 et
951 3813 1054 3852 tore
1074 3803 1308 3853 maflxo
1323 3820 1404 3853 oc-
1471 3803 1557 3852 ine
1593 3803 1831 3865 lup-dtu,
1860 3813 1919 3851 ut
1952 3803 2156 3852 Homer.
2198 3803 2335 3852 Iliad.
2372 3823 2415 3866 ρ,
2448 3806 2527 3864 47,
2546 3816 2596 3854 et

282 3867 496 3924 οἰδα-εις
531 3883 660 3916 nunc
682 3867 823 3918 hasta
893 3868 905 3879 ⁸
959 3869 1021 3917 ab
1041 3867 1202 3917 AEnea
1231 3868 1410 3917 emina
1471 3867 1603 3917 alibi.

285 3931 544 3982 Alcanoris
569 3931 822 3982 brachium
853 3931 1108 3996 uansflgit,
1133 3941 1184 3982 et
1215 3933 1410 3996 trv'ecto
1540 3933 1649 3990 850,
1669 3933 1777 3980 351.
1808 3933 1921 3981 Tres
1946 3933 2177 3980 mreieioe
2198 3933 2359 3981 Borea
2384 3936 2441 3982 de
2460 3942 2598 3997 gente

285 3999 458 4046 lacerto
477 3999 582 4058 ejus
611 4013 668 4044 ee
683 3993 822 4060 sagit
845 4001 1070 4059 prom,
1095 4013 1254 4061 porro,
1279 3997 1405 4046 ulte·
1471 4013 1697 4060 suprema.
1766 3996 1967 4060 Duplex
1998 3994 2217 4060 suppetit
2244 3996 2597 4062 interpretatio,
2638 4033 2651 4048 .

284 4059 390 4110 rius
422 4059 540 4119 abit,
561 4069 800 4124 senesque
835 4069 1046 4119 tenorem,
1079 4077 1170 4112 nec
1202 4061 1411 4110 remittit
1473 4077 1567 4111 nec
1588 4059 1793 4110 definire
1814 4060 1932 4109 licet
1960 4069 2073 4109 utra
2092 4059 2159 4108 sit
2178 4060 2365 4117 νει-ἰοῖς
2400 4062 2461 4110 ad
2482 4077 2595 4110 sen-

283 4123 626 4238 3222?ss
647 4125 780 4237 *1¹1⁰ssss
783 4125 1414 4246 ttffifflffiffi
1475 4124 2600 4253 :ffxfffffflwxwssmffss

285 4253 596 4318 nappe-imm
625 4251 928 4316 mansium
961 4252 1114 4311 hasta,
1137 4263 1190 4301 et
1223 4261 1410 4302 tantum
1475 4253 1699 4311 borealis,
1722 4263 1779 4302 ut
1799 4251 2025 4301 venerint
2042 4250 2117 4300 illi
2142 4267 2205 4300 ex
2232 4253 2455 4302 Thraciae
2482 4269 2595 4320 par·

285 4331 386 4367 non
409 4317 716 4368 rescinditur.
765 4315 974 4378 Reliqua
993 4315 1058 4363 ad
1078 4325 1302 4366 ornatum
1323 4316 1410 4365 ad-
1477 4317 1607 4365 n'bus
1618 4331 1786 4364 versus
1798 4316 2181 4380 septentrionem
2192 4317 2391 4367 intimis.
2432 4317 2601 4368 Potest

277 4383 426 4444 jecta.
465 4381 544 4430 Ita
559 4379 854 4431 sententiam
866 4379 1111 4430 constituo
1123 4391 1178 4430 ut
1190 4379 1300 4430 dun
1314 4379 1416 4429 sint
1477 4389 1643 4429 nmen
1662 4381 1838 4428 Boreae
1860 4379 2007 4430 etiam
2034 4397 2141 4430 eae
2168 4391 2337 4431 auctor
2356 4381 2538 4448 stirpis,
2571 4400 2600 4433 a

287 4445 515 4495 haaoeab
531 4445 694 4496 AEuea
709 4443 912 4496 eminae.
957 4447 1164 4496 Dea-tem
1183 4449 1436 4556 norim-4
1477 4459 1575 4508 qua
1596 4443 1729 4494 ducti
1748 4444 1819 4493 illi
1844 4454 1943 4494 tres
1964 4444 2061 4495 dici
2087 4455 2316 4510 potuere:
2352 4448 2513 4496 Borea·
2542 4451 2599 4495 de

1461 4521 1490 4556 a
