3050 4934
447 255 576 318 526

1337 251 1867 318 AENEIDOS

625 402 922 487 Sperasti
951 414 1015 467 te
1047 425 1242 487 posse
1271 405 1542 466 manus?
1590 401 1778 466 simul
1807 401 2035 486 arripit
2064 403 2279 485 ipsum

626 503 1053 580 Pendentem,
1085 515 1153 568 et
1181 524 1418 586 magna
1443 503 1612 566 muri
1640 524 1786 566 cum
1814 512 2003 585 parte
2032 501 2315 566 revellit:

626 601 880 680 Qualis,
909 605 1024 668 ubi
1054 613 1166 667 aut
1195 601 1506 686 leporem,
1536 613 1653 665 aut
1679 601 1985 666 candenti
2012 622 2288 685 corpore
2320 621 2613 685 cycnum,

626 701 904 766 Sustulit
933 702 1065 766 alta
1093 711 1326 786 petens
1358 702 1640 785 pedibus
1670 699 1855 765 Jovis
1884 703 2167 785 armiger
2192 702 2415 778 uncis,

455 801 582 864 565
625 801 994 874 Quaesitum
1023 813 1138 866 aut
1165 803 1354 866 matri
1384 800 1601 864 multis
1632 800 1956 864 balatibus
1986 823 2227 885 agnum

627 902 910 967 Martius
941 926 982 966 a
1013 902 1286 968 stabulis
1316 904 1537 986 rapuit
1562 902 1779 986 lupus.
1854 901 2167 986 Undique
2198 901 2439 966 clamor

629 1000 935 1067 Tollitur.
1011 1003 1358 1078 Invadunt,
1389 1013 1458 1068 et
1485 1003 1697 1066 fossas
1728 1023 1968 1087 aggere
2000 1003 2359 1087 complentz

625 1100 960 1166 Ardentes
991 1104 1198 1176 taedas
1229 1101 1334 1166 alii
1363 1103 1448 1166 ad
1479 1102 1739 1186 fastigia
1758 1103 2033 1186 jactant.

628 1201 911 1266 Ilioneus
945 1225 1104 1267 saxo
1135 1213 1332 1286 atque
1363 1203 1611 1284 ingenti
1638 1201 1952 1284 fragmine
1980 1203 2217 1267 montis

457 1303 585 1366 570
632 1301 998 1379 Lucetium,
1031 1313 1240 1386 portae
1271 1302 1679 1378 subeuntem,
1708 1303 2021 1385 ignesque
2052 1303 2402 1379 ferentem3

630 1403 1026 1480 Emathiona
1060 1403 1282 1487 Liger,
1317 1403 1707 1485 Corynaeum
1738 1404 1971 1466 sternit
1998 1402 2273 1487 Asylas:

635 1502 766 1568 Hic
787 1503 1009 1588 jaculo
1039 1506 1276 1580 bonne,
1306 1504 1414 1567 hic
1440 1502 1634 1587 longe
1666 1503 1928 1568 fallente
1960 1505 2231 1588 sagitta:

636 1603 982 1688 Ortygium
1015 1603 1316 1680 Caeneus,
1347 1605 1655 1668 victorem
1686 1603 1926 1668 Caenea
1955 1604 2261 1681 Turnus;

633 1703 901 1768 Turnus
934 1704 1125 1787 Itym,
1157 1703 1607 1788 Cloniumque,
1641 1703 2070 1789 Dioxippum,
2102 1703 2630 1788 Promolumque,

463 1806 589 1868 575
635 1805 728 1869 Et
758 1805 1074 1888 Sagarim,
1107 1817 1174 1870 et
1201 1806 1463 1870 summis
1499 1815 1777 1870 stantem
1805 1828 1927 1889 pro
1956 1807 2247 1870 turribus
2278 1803 2481 1881 Idam

637 1905 1020 1969 Privernum
1050 1906 1289 1991 Capys·
1367 1904 1568 1969 Hunc
1600 1907 1807 1989 primo
1836 1905 1993 1968 levis
2022 1905 2217 1969 hasta
2248 1903 2541 1970 Temillae

635 2005 1036 2070 Strinxerat:
1085 2005 1190 2070 ille
1219 2027 1478 2069 manum
1507 2007 1803 2090 projecto
1832 2007 2113 2089 tegmine
2144 2007 2412 2070 demens

633 2103 745 2166 Ad
775 2102 1008 2168 vulnus
1033 2103 1215 2182 tulit3
1261 2127 1422 2188 ergo
1449 2104 1567 2169 alis
1598 2104 1845 2190 allapsa
1875 2107 2136 2189 sagitta,

638 2201 732 2266 Et
757 2201 920 2266 laevo
951 2204 1146 2267 affixa
1174 2215 1276 2268 est
1303 2204 1490 2268 lateri
1520 2228 1771 2283 manua,
1804 2206 2156 2291 abditaque
2185 2209 2361 2271 intus

467 2302 594 2364 580
639 2302 1050 2386 Spiramenta
1078 2305 1304 2368 animae
1333 2303 1557 2369 lethali
1588 2305 1853 2385 vulnere
1884 2308 2145 2391 rumpit.

637 2402 871 2468 Stabat
897 2405 964 2468 in
994 2407 1274 2489 egregiis
1304 2403 1610 2470 Arcentis
1641 2406 1814 2470 filius
1846 2408 2076 2483 armis;

639 2504 864 2568 Pictus
896 2527 1020 2572 acu
1048 2503 1474 2588 chlamydem,
1505 2517 1575 2568 et
1605 2506 1934 2590 ferrugine
1965 2505 2179 2570 clarus
2210 2505 2489 2583 Hibera,

637 2601 918 2687 Insignis
950 2603 1138 2680 facie,
1169 2607 1424 2687 genitor
1455 2627 1649 2686 quem
1677 2607 1942 2670 miserat
1970 2603 2251 2684 Arcens,

641 2702 974 2766 Eductum
1003 2705 1226 2766 matris
1248 2703 1418 2779 lucO,
1450 2702 1803 2787 Symaethia
1834 2707 2076 2770 circum

471 2805 611 2868 585.
643 2802 972 2881 Flumina;
1019 2805 1278 2888 pinguis
1310 2804 1423 2867 ubi
1453 2814 1521 2867 et
1550 2803 1882 2887 placabilis
1912 2828 2027 2870 ara
2057 2806 2280 2872 Palici.

641 2902 1036 2970 Stridentem
1067 2903 1354 2980 fundam,
1383 2905 1615 2988 positis
1646 2903 2015 2970 Mezentius
2046 2906 2277 2985 hastiS,

467 3095 571 3142 tem,
618 3099 730 3131 nam
807 3085 1098 3134 rehenderat
1147 3101 1294 3134 manu
1339 3087 1591 3150 superiora

467 3147 596 3196 muri
638 3155 694 3194 ut
732 3163 786 3194 sa
805 3157 857 3194 tu
894 3163 948 3195 se
986 3149 1038 3196 in
1077 3149 1230 3197 altum
1271 3149 1497 3204 libraret:
1544 3158 1591 3197 et

467 3227 636 3273 mgna
669 3215 790 3258 murt·
825 3227 923 3258 eum
953 3219 1090 3272 parte
1127 3213 1200 3261 uti
1239 3213 1441 3262 Homer.
1476 3214 1507 3261 1.
1546 3230 1586 3261 c.

472 3274 670 3334 ἔπαλξιν
706 3275 830 3322 ἑλὼν
863 3275 1006 3337 χερσὶ
1050 3277 1334 3340 στιβαρῇσιν
1355 3275 1522 3338 Ἐλχ’,
1559 3275 1591 3332 ἦ

473 3341 513 3386 δ’
541 3336 716 3386 ἕσπετο
737 3339 871 3386 πᾶσα
892 3339 1150 3401 διαμπερές.

535 3403 644 3448 566.
679 3405 885 3450 Martius
918 3405 1064 3464 lupus,
1091 3403 1242 3452 Marti
1265 3419 1428 3458 sacen
1463 3403 1591 3451 male

471 3465 614 3518 aliter
635 3465 732 3513 alii.

535 3527 644 3587 567,
685 3529 794 3577 568.
840 3530 968 3577 Cum
1005 3545 1104 3578 uno
1143 3530 1249 3578 loco
1291 3529 1592 3594 perrupisset

467 3593 790 3640 munitionem
836 3594 1048 3652 Turnus,
1100 3593 1213 3642 sacti
1267 3593 1383 3642 inde
1428 3592 1592 3641 caeteri

471 3657 644 3704 Rutuli
678 3656 958 3706 audaciores
993 3657 1207 3720 undique
1241 3673 1367 3706 novo
1405 3657 1593 3720 impetu

467 3719 720 3776 invadunt,
755 3735 908 3782 eoque
947 3737 1026 3768 res
1066 3721 1295 3779 succedit,
1322 3731 1376 3768 ut
1414 3719 1593 3768 fossam

469 3783 620 3831 humo
655 3793 852 3846 aggesta
892 3783 1135 3849 expletam
1174 3786 1396 3833 habeant.
1465 3784 1593 3832 Tum

467 3847 671 3958 propifus
693 3861 886 3896 murum
909 3856 961 3895 et
984 3858 1174 3912 portam
1197 3850 1462 3896 subeuntes
1486 3849 1591 3908 jac-

473 3922 554 3958 tan
620 3926 742 3958 aces.

535 3975 644 4026 5⁷5.
690 3977 894 4022 Stantem
915 3991 1002 4036 pro
1032 3976 1238 4023 tun-ibus
1265 3989 1356 4038 pro
1387 3973 1590 4037 vulgari,

469 4046 680 4086 stantem
703 4037 754 4086 in
775 4053 964 4086 summa
988 4037 1124 4086 turri.

533 4101 644 4160 577,
667 4103 776 4152 578.
815 4103 1022 4150 Manum
1035 4103 1315 4150 admoverat
1327 4100 1468 4148 lateri
1481 4101 1588 4148 vul-

469 4175 652 4220 nerato,
687 4167 877 4226 abjecto
909 4171 1117 4229 regmae,
1151 4175 1314 4214 scuto:
1351 4179 1504 4226 eaque
1538 4178 1592 4211 re

469 4227 596 4275 latus
632 4229 864 4277 nudavit:
907 4231 1072 4292 itaque
1102 4231 1316 4278 demens.
1373 4231 1482 4276 Alie
1516 4231 1588 4275 al-

471 4293 602 4352 lapsa
617 4296 795 4354 sagitta
817 4304 999 4350 ornate,
1019 4310 1108 4358 pro
1124 4294 1308 4357 allapsa
1329 4302 1416 4341 est.
1463 4291 1595 4347 Quia

468 4353 614 4401 toties
645 4353 923 4415 πτερόεν-νει
956 4355 1108 4406 ὀϊστοὶ
1140 4356 1269 4421 apud
1303 4357 1591 4414 Homerum,

467 4417 588 4464 item
622 4419 765 4472 alata,
799 4421 896 4466 ales
925 4423 1101 4481 sagitta
1134 4427 1420 4468 occurrunt:
1463 4434 1592 4468 nunc

1657 3085 1870 3134 velocem
1896 3096 2083 3136 motum
2113 3097 2164 3136 et
2194 3089 2408 3138 volatum
2440 3089 2527 3137 teli
2560 3104 2653 3154 per
2684 3094 2783 3138 ales

1656 3149 1910 3260 eilraepressit,
1951 3159 2009 3198 ut
2050 3167 2157 3215 sup.
2197 3153 2280 3201 lib.
2324 3169 2368 3211 v,
2407 3155 2518 3212 319,
2555 3155 2780 3202 Ful-nina

1655 3231 1683 3260 ss
1744 3247 1757 3260 ι

1720 3279 1829 3324 580.
1868 3277 2026 3339 Rupit
2043 3279 2245 3327 vulnere
2279 3280 2406 3328 facto
2436 3295 2547 3328 eam
2576 3290 2779 3345 partem,

1654 3339 1777 3388 illud
1800 3341 1977 3396 viscus,
1999 3356 2097 3404 quo
2118 3342 2376 3406 respiratio
2398 3343 2469 3390 fit.

1722 3405 1995 3451 582-585.
2031 3405 2114 3452 Ad
2136 3406 2417 3454 variandam
2441 3416 2491 3454 et
2512 3407 2779 3458 ornandam

1655 3467 1981 3516 narrationem
2016 3483 2147 3516 nunc
2191 3469 2557 3518 miserationem
2606 3471 2785 3518 excitat

1657 3529 1793 3577 brevi
1824 3529 2068 3593 episodiog
2106 3547 2219 3580 mox
2250 3535 2509 3581 Numanus
2542 3533 2781 3581 Remulus

1656 3592 2041 3654 indignationem
2057 3595 2216 3657 injicit
2226 3597 2419 3645 vecordi
2436 3597 2670 3659 superbia
2684 3597 2781 3644 ela-

1658 3665 1750 3704 tus.
1794 3659 2050 3721 Fen-agiae
2070 3662 2222 3707 clarae
2244 3663 2439 3717 Hibera,
2464 3675 2687 3724 purpura
2708 3661 2781 3708 in-

1658 3718 1803 3767 dutus
1830 3720 2068 3784 Hispana,
2092 3737 2201 3784 quae
2229 3733 2303 3771 est
2333 3723 2385 3771 ni
2447 3723 2622 3771 'cantis
2654 3724 2781 3771 colo-

1656 3783 1739 3831 ris.
1799 3785 1988 3832 Arcens
2025 3785 2217 3834 Siculus
2252 3796 2341 3836 est.
2447 3797 2494 3835 st
2528 3797 2695 3834 autem
2731 3789 2783 3835 in

1658 3846 1883 3922 orientali
1918 3848 2097 3896 Siciliae
2127 3859 2267 3913 parte
2302 3853 2557 3912 Symaethuae
2597 3853 2785 3910 fluvius,

1658 3911 2355 4036 {zmaezeffidffssflfssm
2382 3923 2751 4024 ἓξὲᾛᾞ
2728 3929 2788 4024 ’ἴ

1656 4039 1831 4086 Lucum
1872 4044 2035 4086 mauis
2070 4040 2309 4103 appellat=
2368 4040 2495 4104 simp
2514 4039 2787 4088 icisaimum

1656 4111 1789 4150 esset
1805 4101 1905 4150 acci
1972 4118 2025 4150 re
2048 4113 2253 4151 matrem
2283 4103 2561 4168 nympham,
2586 4103 2787 4151 nomine

1657 4179 1755 4212 non
1772 4181 1800 4212 a
1835 4181 1897 4229 pe
1934 4175 2077 4223 atam,
2098 4169 2235 4228 cujus
2252 4167 2335 4215 ille
2353 4168 2492 4216 lucus
2510 4177 2629 4214 erat.
2684 4167 2784 4214 Ve-

1654 4243 1765 4276 rum
1820 4230 2009 4278 ocu-ina
2028 4241 2186 4294 poetae
2208 4239 2413 4279 matrem
2436 4231 2679 4278 Ennaeam
2706 4230 2787 4277 in-

1658 4291 1876 4355 telligere
1904 4295 2057 4356 jubet,
2082 4295 2311 4344 Cererem
2348 4295 2429 4356 (ut
2458 4309 2591 4358 saepe
2620 4293 2795 4352 Μήτηρ

1660 4355 1929 4468 καὶδκόρηι).
1998 4359 2077 4406 De
2100 4361 2277 4407 Paucis
2292 4357 2382 4407 loc.
2403 4358 2541 4407 class.
2568 4373 2645 4421 ap.
2676 4357 2789 4405 Ma-

1658 4435 1743 4468 cro
1777 4455 1787 4468 .
1816 4435 1859 4477 v,
1917 4423 1961 4468 9.
