3050 4934
1246 303 1585 370 LIBER
1632 303 1685 368 1.
1736 365 1743 370 .

2490 307 2617 367 5233

481 449 804 536 Reginam
833 454 1133 530 meditor,
1166 451 1248 518 ne
1278 477 1408 538 quo
1441 478 1509 518 se
1542 456 1799 518 numine
1830 466 2071 530 mutet3

297 551 428 615 675
473 552 606 617 Sed
638 576 872 638 magno
903 553 1138 620 AEneae
1167 577 1418 619 mecum
1444 566 1745 619 teneatur
1772 579 2008 620 amore.

471 653 624 726 Qua
652 653 866 720 facere
897 657 965 720 id
995 657 1233 740 possiS,
1264 667 1552 720 nostram
1580 679 1751 720 nunc
1778 658 1999 741 accipe
2032 669 2327 722 mentem.

471 754 722 839 Regius
753 759 964 822 accitu
995 759 1128 822 cari
1157 758 1466 842 genitoris
1497 758 1584 821 ad
1608 759 1836 821 urbem
2292 749 2299 754 ’

469 856 800 922 Sidoniam
826 881 992 943 puer
1019 861 1114 923 ire
1143 871 1353 944 parat,
1383 881 1528 922 mea
1556 882 1857 923 maxuma
1884 882 2063 935 cura,

471 958 668 1022 Dona
694 959 936 1038 ferens,
965 959 1200 1045 pelago
1228 973 1296 1025 et
1325 960 1594 1024 flammis
1626 961 1935 1023 restantia
1964 959 2223 1045 Trojae:
2332 997 2339 1004 -

290 1059 426 1122 680
472 1059 672 1126 Hunc
700 1084 827 1146 ego
858 1063 1138 1147 sopitum
1169 1085 1418 1138 somnn,
1451 1083 1651 1144 super
1678 1061 1807 1124 alta
1838 1061 2147 1144 Cythera,
2252 1058 2256 1062 ’

465 1159 608 1226 Aut
639 1185 838 1248 super
867 1161 1165 1240 Idalium,
1199 1175 1452 1226 sacrata
1483 1163 1641 1226 sede
1674 1163 2057 1239 recondam3

468 1263 580 1327 Ne
609 1287 742 1348 qua
771 1267 935 1329 scire
966 1265 1176 1341 dolos,
1209 1264 1539 1327 mediusve
1569 1284 1911 1326 occurrere
1939 1266 2166 1346 possit.

466 1363 578 1428 Tu
607 1363 835 1430 faciem
862 1365 1032 1429 illius
1063 1375 1318 1428 noctem
1345 1387 1474 1427 non
1505 1362 1778 1446 amplius
1816 1385 2007 1426 unam

464 1462 644 1530 Falle
677 1465 850 1544 dolo,
882 1475 950 1530 et
978 1477 1168 1530 notos
1196 1465 1381 1550 pueri
1411 1485 1577 1548 puer
1606 1465 1802 1528 indue
1838 1464 2090 1542 vultus3

289 1565 424 1628 685
473 1565 588 1642 Ut,
619 1589 819 1648 quum
851 1577 915 1630 te
945 1567 1191 1649 gremio
1221 1566 1494 1648 accipiet
1523 1564 1853 1627 laetissima
1890 1565 2093 1640 Dido,

467 1665 756 1750 Regales
786 1667 956 1730 inter
983 1688 1238 1730 mensas
1269 1665 1653 1748 laticemque
1688 1663 1981 1748 Lyaeum,

469 1767 694 1839 Quum
724 1767 910 1830 dabit
938 1765 1274 1851 amplexus
1307 1777 1503 1850 atque
1535 1765 1756 1829 oscula
1787 1764 2001 1828 dulcia
2033 1767 2214 1853 figet,

318 1918 351 1953 ,ι

469 1865 820 1931 Occultum
848 1868 1126 1951 inspires
1157 1868 1394 1949 ignem,
1422 1865 1739 1950 fallasque
1772 1889 2040 1930 veneno,
2136 1919 2180 1928 ..

469 1967 672 2031 Paret
701 1967 908 2032 Amor
939 1969 1128 2032 dictis
1161 1989 1330 2031 carae
1357 1969 1729 2050 genetricis„
1760 1979 1829 2032 et
1858 1967 1992 2031 alas

289 2069 426 2134 690
471 2067 701 2144 Exuit,
733 2080 802 2132 et
831 2090 1064 2152 gressu
1093 2069 1387 2152 gaudens
1419 2068 1663 2132 incedit
1694 2068 1837 2132 Iuli.

468 2168 564 2233 At
593 2169 824 2234 Venus
855 2168 1141 2233 Ascanio
1173 2169 1491 2252 placidam
1520 2191 1643 2253 per
1670 2171 1957 2234 membra
1986 2173 2268 2254 quietem

469 2271 732 2354 Irrigat,
765 2281 834 2335 et
861 2270 1069 2335 fotum
1097 2271 1344 2354 gremio
1373 2271 1499 2334 dea
1529 2269 1695 2334 tollit
1725 2271 1791 2333 in
1821 2268 1987 2335 altos

469 2371 694 2437 Idaliae
722 2370 940 2450 lucos3
987 2371 1101 2435 ubi
1129 2370 1334 2435 mollis
1366 2393 1699 2435 amaracus
1729 2371 1906 2435 illum

469 2473 772 2537 Floribus
800 2484 869 2539 et
899 2472 1075 2537 dulci
1103 2473 1444 2556 adspirans
1471 2471 1923 2556 complectitur
1950 2475 2197 2536 umbra.

359 2687 473 2742 673,
509 2683 620 2734 674.
665 2687 860 2746 cingere
881 2686 1101 2745 flemma,-
1140 2691 1198 2729 ut
1228 2698 1275 2740 x,
1317 2685 1422 2738 119,

295 2754 464 2800 noena'a
488 2754 673 2811 cingere
693 2751 907 2809 flammis.
965 2747 1046 2795 Sic
1063 2750 1251 2808 flamma
1279 2749 1421 2794 invol-

297 2831 416 2872 vere,
437 2816 740 2869 circundare,
763 2813 810 2860 h.
836 2813 868 2859 l.
891 2827 1068 2869 amore,
1094 2819 1150 2859 ut
1172 2827 1322 2858 amore
1355 2815 1422 2857 ἱν-

295 2883 442 2935 retiti,
469 2881 725 2940 illaqueati,
750 2885 991 2924 tenentur.
1047 2878 1123 2922 Ne
1147 2892 1234 2936 quo
1259 2892 1306 2922 se
1337 2893 1422 2922 nu-

293 2949 414 2992 nu'aee
429 2951 576 2990 aaut
592 2961 608 2988 .·
643 2955 707 2988 ne
727 2939 938 2989 sunonis
960 2938 1316 2988 machinatione
1333 2939 1420 2986 ali-

293 3023 392 3071 qua
412 3006 608 3055 animus
631 3008 736 3068 ejus
757 3013 986 3053 mutetur.

359 3073 472 3122 675.
500 3073 730 3120 Tenentur
749 3087 930 3126 mecam,
945 3069 1130 3132 pariter
1147 3077 1290 3130 atque
1307 3083 1420 3130 ego:

290 3145 426 3184 amet
447 3135 676 3192 AEneam,
697 3149 840 3197 quem
872 3149 963 3196 ego
989 3149 1112 3189 amo,
1139 3141 1289 3190 tueor,
1315 3141 1421 3179 tan-

295 3215 442 3264 quam
463 3213 636 3248 mater.

357 3265 472 3315 ⁶7⁷.
521 3262 768 3312 Ascanius
806 3261 1088 3324 designatur
1121 3275 1211 3324 per
1251 3263 1426 3322 regium

293 3323 1423 3449 '1⁸m‘'“wfl¹⁸e'‘2mffi“ffleffi⁰ri¹¹⁵'

363 3461 478 3516 680,
500 3458 612 3504 681.
651 3455 746 3504 Ins.
783 3471 830 3512 x,
863 3455 941 3512 86,
969 3457 1056 3502 Est
1076 3454 1277 3514 Paphus,
1309 3455 1422 3500 Ida·

299 3527 498 3586 linumque
529 3524 632 3578 tibi,
660 3527 768 3568 suat
799 3521 900 3567 alta
925 3521 1139 3580 Cythera.
1197 3517 1422 3579 Cythera,

295 3587 364 3636 τὰ
385 3585 592 3648 Rhome,
615 3585 776 3633 imula
797 3583 917 3648 ipsa,
945 3582 1200 3630 Laconicae
1222 3582 1423 3641 objecta,

297 3653 346 3700 h.
366 3651 398 3700 1.
423 3655 528 3700 alta
545 3663 784 3713 quatenus
801 3655 1024 3696 montosa
1041 3655 1129 3703 est,
1143 3645 1258 3693 hinc
1277 3645 1426 3692 etiam

297 3733 438 3778 uper
450 3735 470 3770 ,-
503 3713 600 3764 nisi
623 3714 748 3762 forte
768 3711 946 3775 aliquis
971 3720 1160 3759 montes
1182 3710 1235 3757 in
1257 3725 1316 3758 ea
1337 3709 1422 3756 de-

299 3780 486 3844 signari
525 3779 677 3836 malit,
714 3787 770 3826 ut
805 3789 856 3825 et
889 3775 1098 3825 Idalium
1132 3775 1192 3822 τὸ
1222 3771 1427 3821 'tubum‘

299 3845 408 3907 ὄρος
419 3845 472 3892 in
482 3845 674 3907 Cypr03
696 3857 748 3891 et
761 3849 1032 3904 sequuntur
1047 3839 1230 3900 utique,
1249 3853 1295 3884 v.
1311 3838 1424 3894 692,

299 3913 391 3957 alti
411 3911 583 3956 Idalia
605 3910 713 3956 luci.
781 3905 904 3954 Erat
931 3912 1094 3954 autem
1115 3901 1352 3965 templum
1373 3901 1426 3948 in

303 3983 470 4022 monte
505 3972 735 4036 positum.
793 3969 890 4018 Sed
919 3985 1058 4030 super
1089 3970 1188 4016 alta
1213 3969 1427 4028 Cythera,

303 4053 408 4103 pro,
463 4051 614 4100 super
651 4033 878 4097 Cytheris
919 4033 1000 4094 (ut
1037 4032 1072 4089 i,
1119 4021 1230 4088 295,
1272 4031 1432 4078 sedem

301 4117 440 4164 saper
472 4099 653 4160 arna),
685 4107 762 4146 est
797 4113 888 4162 pro
925 4100 1006 4151 ἕης
1039 4104 1097 4143 ut
1134 4093 1249 4157 ὑπὲρ
1282 4093 1432 4142 simili

305 4165 450 4215 nodo
465 4165 656 4214 dictum
675 4161 898 4210 occurrit.
954 4160 1066 4209 Nisi
1085 4159 1224 4208 malis
1241 4158 1302 4206 ad
1325 4173 1427 4206 mo-

305 4239 410 4286 tum
431 4229 632 4286 referre,
657 4241 713 4276 ut
729 4227 878 4274 lateat
911 4224 1046 4273 notio
1075 4225 1164 4271 τοῦ
1184 4225 1426 4270 abductum

307 4293 693 4418 ιέιρπμῖνζὼεη
727 4299 779 4338 et
813 4287 1038 4338 Idalium.
1095 4290 1291 4335 Sacrata
1306 4289 1426 4341 sede,

380 4377 438 4407 ‘T‘
553 4377 582 4405 Ι-

371 4425 481 4470 682.
519 4425 596 4470 Ne
617 4437 724 4482 qna,
751 4417 940 4468 ratione
963 4433 1018 4465 ac
1050 4416 1150 4470 νίας
1189 4418 1305 4462 scire
1339 4429 1430 4476 pro

311 4487 486 4536 rescire
507 4486 709 4536 dictum.
767 4484 952 4531 Medius
983 4495 1231 4536 occurrere,
1255 4478 1306 4526 in
1325 4493 1428 4526 me-

1488 2684 1571 2731 dio
1603 2683 1812 2746 negotio,
1850 2698 1955 2745 sup.
1990 2685 2099 2739 348,
2129 2687 2247 2734 Quos
2282 2688 2404 2731 inter
2438 2689 2610 2733 medius

1488 2746 1787 2808 venitsuror:
1824 2747 1869 2794 h.
1890 2746 1920 2794 l.
1947 2746 2011 2794 de
2025 2763 2083 2794 eo
2100 2747 2182 2809 qui
2207 2747 2607 2811 impedimentum

1489 2812 1641 2860 affert.

1556 2876 1665 2933 683,
1686 2877 1796 2922 684.
1832 2877 2017 2923 Faciem
2026 2873 2163 2937 salle,
2178 2876 2401 2933 mentire,
2417 2877 2607 2934 simula,

1489 2940 1659 2988 falsam
1684 2939 1887 2986 exhibe:
1912 2938 2067 3000 facies
2100 2955 2189 3004 pro
2214 2949 2313 2987 toto
2336 2957 2537 3004 corpore
2560 2951 2611 2989 et

1487 3005 1672 3052 habitu.
1732 3006 1875 3052 Notos
1895 3007 2061 3062 vultus,
2085 3019 2149 3051 ex
2181 3021 2315 3052 more
2340 3015 2607 3080 poetarum,

1488 3068 2609 3197 ἭἔσᾞέἕἛῗῗοὲἒῖἓὶἷζῗῗὲὶυιμή,

1488 3197 1623 3244 latex
1646 3197 1792 3260 Lyoei.
1850 3197 1947 3244 Sed
1970 3207 2221 3260 poetarum
2256 3213 2389 3245 more
2447 3214 2501 3245 ro
2523 3197 2607 3246 de-

1489 3261 1647 3309 rivato
1669 3261 1921 3321 adjectivo,
1940 3265 2063 3310 latex
2082 3263 2283 3324 Lyaet'us,
2304 3278 2369 3325 qu
2450 3262 2611 3326 ipsum

1491 3325 1575 3372 vix
1598 3341 1715 3374 usus
1750 3325 1910 3382 ferret,
1944 3325 2155 3389 ponitur.
2210 3329 2414 3388 Inspires
2446 3331 2609 3388 ignem,

1492 3405 1656 3436 nonne
1696 3389 1860 3452 paullo
1908 3390 2077 3438 durius
2120 3391 2245 3436 hoc?
2303 3399 2353 3438 et
2388 3390 2611 3452 jungitur

1488 3453 1637 3500 etiam
1660 3467 1787 3500 nova
1818 3453 1891 3500 rei
1908 3453 2081 3516 imago,
2102 3453 2336 3515 fallasque
2358 3471 2533 3508 veneno,
2556 3453 2606 3499 h.

1489 3533 1531 3564 e.
1556 3531 1646 3580 per
1668 3516 1887 3565 fraudem
1924 3532 2167 3566 venenum
2193 3517 2412 3564 instilles.
2466 3517 2609 3568 Quod

1489 3589 1655 3628 autem
1676 3581 1767 3628 hoc
1790 3579 1862 3628 ita
1881 3581 2088 3628 adstruit
2109 3589 2265 3643 poeta,
2286 3589 2341 3626 ut
2364 3579 2609 3626 Didonem

1490 3645 1621 3692 inter
1659 3643 1872 3692 convivii
1908 3643 2216 3698 hilaritatem,
2254 3657 2361 3704 quae
2392 3641 2609 3690 animum

1489 3708 1693 3765 relaxat,
1744 3723 1907 3756 amore
1960 3707 2241 3762 inflammet,
2288 3714 2475 3754 naturae
2514 3707 2607 3754 hu-

1491 3789 1649 3822 manae
1670 3771 2017 3821 convenienter
2034 3769 2429 3818 comminiscitur.

1556 3839 1666 3885 690.
1728 3839 1940 3885 Gaudem
1992 3833 2205 3882 suaviter
2247 3834 2503 3896 adjectum,
2558 3846 2612 3884 ut

1491 3901 1625 3959 alias,
1662 3903 1791 3950 laetus
1822 3907 1973 3961 paret,
2013 3899 2061 3945 h.
2100 3913 2141 3945 e.
2174 3898 2361 3955 lubens,
2398 3907 2449 3946 et
2480 3915 2608 3957 mox,

1494 3966 1605 4022 696,
1630 3969 1741 4012 duce
1761 3966 1891 4013 laeeus
1908 3966 2099 4010 Achate.

1559 4029 1830 4078 691—694.
1871 4029 2075 4078 Quietem
2110 4030 2295 4100 irrigat,
2329 4035 2385 4073 ut
2415 4043 2613 4076 somnum

1494 4099 1512 4142 ε·
1706 4109 1745 4149 e,
1762 4099 1823 4148 et,
1840 4091 2107 4153 vulgatiore
2120 4100 2323 4147 ratione,
2338 4089 2613 4151 perfundere

1492 4173 1655 4213 tomo,
1690 4160 1891 4218 irrigare
1926 4157 2123 4202 membra
2157 4158 2321 4216 quiete,
2368 4155 2514 4203 habet
2552 4159 2614 4204 ab

1491 4219 1845 4282 antiquioribus
1887 4218 2058 4294 poetis,
2104 4217 2335 4266 Lucretio
2370 4229 2419 4266 et
2464 4219 2617 4268 Furio

1494 4285 1710 4332 Antiate.
1770 4284 1838 4331 Et
1859 4284 1911 4330 hx
1942 4283 2125 4330 duxere
2158 4297 2221 4332 ex
2245 4283 2513 4331 Homerico
2536 4285 2612 4332 ἐπὶ

1492 4347 1679 4408 γλυκὺν
1722 4348 1867 4396 ὕπνον
1906 4346 2091 4408 ἔχευεν·
2134 4347 2238 4408 περὶ
2276 4347 2317 4394 δ’
2357 4346 2614 4409 ἀμβρόσιος

1495 4411 1658 4474 κέχυθ’
1680 4413 1833 4460 ὕπνος.
1889 4412 1933 4458 N
1938 4420 2019 4459 ata
2035 4421 2197 4459 autem
2214 4411 2441 4473 loquendi
2461 4411 2613 4459 forma

1497 4493 1561 4526 ex
1599 4476 1795 4526 notione
1830 4475 2061 4533 humoris,
2093 4476 2307 4539 primum
2342 4478 2475 4534 nocti,
2510 4485 2612 4522 tum

1424 4544 1514 4589 211
