3050 4934
503 223 626 286 190

1387 221 1913 286 AENEIDOS

666 373 956 441 Littora:
1005 373 1274 437 multum
1302 372 1406 438 ille
1436 385 1506 437 et
1534 373 1723 436 terris
1747 375 2036 456 jactatus
2068 383 2136 435 et
2166 371 2319 448 alto,

663 475 752 539 Vi
787 473 1118 560 supersim,
1151 496 1342 538 saevae
1369 495 1716 538 memorem
1746 473 2024 538 «Iunonis
2058 458 2143 537 ob
2174 474 2368 548 iram3

581 578 622 639 5
667 575 885 639 Multa
913 597 1174 661 quoque
1203 586 1272 639 et
1299 574 1472 639 bello
1499 595 1760 659 passm,
1794 575 1949 638 dum
1978 575 2293 639 conderet
2321 573 2573 649 urbem,

663 676 1073 761 Inferretque
1105 677 1266 740 deos
1301 675 1531 754 Lati0;
1577 697 1785 760 genus
1814 676 1991 739 unde
2024 675 2353 750 Latinum,

489 873 642 918 rencia
665 871 839 916 Martis
859 869 1006 915 Arma
1036 870 1268 928 virumque
1295 884 1418 914 cano.
1477 867 1616 913 Bene

491 943 668 990 autem,
694 941 794 980 tam
815 932 962 993 longa
991 930 1209 978 oratione
1235 931 1501 992 interjecta,
1525 945 1615 994 po-

492 1007 619 1045 terat
638 996 760 1044 illud
787 1004 838 1042 at
859 996 913 1043 in
935 995 1136 1058 apodosi
1161 994 1364 1058 praefigi,
1388 992 1518 1056 quod
1542 1001 1615 1040 to-

493 1061 586 1110 ties
621 1060 800 1108 factum
836 1059 1085 1114 videmus3
1128 1059 1258 1121 quod
1291 1058 1413 1106 adeo
1448 1072 1615 1132 repre-

491 1125 657 1182 hendi,
681 1133 766 1172 aut
787 1133 838 1171 at
857 1124 910 1171 in
932 1131 980 1171 et
997 1123 1174 1171 mutari
1197 1122 1362 1170 nolim.
1411 1121 1623 1183 Reliqua

495 1189 566 1238 sic
581 1188 859 1252 jungenda:
897 1187 993 1249 qui,
1018 1189 1386 1234 modulatus—et
1413 1203 1622 1260 egressas

492 1257 637 1310 silvis,
683 1253 760 1314 (re
801 1252 1028 1315 pecuaria
1066 1251 1251 1309 relicta,
1295 1249 1399 1298 Ecl.
1441 1265 1506 1306 iv,
1548 1249 1620 1312 3‚)

495 1321 719 1379 quondam
749 1321 874 1378 coegi
900 1333 1012 1362 arva
1043 1319 1208 1372 vicina,
1233 1323 1286 1362 ut
1303 1321 1521 1376 parerent
1546 1331 1618 1361 co—

497 1385 596 1429 lono
627 1385 830 1443 quamvis
860 1383 1024 1433 anidm-
1061 1389 1131 1436 ut,
1166 1379 1281 1426 licet
1313 1377 1396 1426 ille
1427 1378 1625 1440 frugum

496 1454 640 1493 terrae
662 1444 728 1492 sit
743 1443 1066 1501 avidissimus,
1088 1451 1248 1491 tamen
1272 1442 1391 1505 agri,
1411 1458 1621 1506 proven-

497 1521 577 1557 tus
599 1511 834 1566 ubertate,
859 1507 1114 1573 cupiditati
1137 1510 1244 1570 eius
1271 1507 1620 1555 satisfacerent.

496 1576 672 1621 Parent
694 1591 821 1630 arva,
845 1581 890 1620 et
913 1589 1026 1620 arva
1049 1579 1270 1635 coguntur
1291 1587 1472 1634 parere,
1491 1571 1621 1634 agri-

495 1638 614 1685 colae
653 1637 814 1685 studio
855 1645 904 1684 et
939 1652 1101 1700 opera,
1135 1651 1244 1698 quae
1281 1634 1557 1683 declaratur
1595 1651 1625 1683 a

497 1703 658 1765 poetis
687 1717 776 1766 per
807 1705 1060 1762 imperium,
1089 1705 1192 1756 viva,
1219 1709 1270 1748 et
1299 1699 1508 1748 similia:
1546 1699 1620 1746 di-

496 1775 676 1814 cuntur
702 1765 804 1828 agri
837 1768 1028 1822 domari,
1057 1768 1241 1821 servire,
1265 1780 1445 1824 parere.
1509 1763 1623 1812 Hoc

496 1829 604 1878 loco
637 1828 686 1877 id
720 1829 848 1891 quod
882 1830 1038 1886 Maro,
1063 1829 1124 1876 de
1158 1843 1210 1876 re
1244 1827 1425 1875 rustica
1450 1827 1622 1891 praeci-

498 1894 654 1957 piens,
683 1892 889 1941 rusticos
921 1892 1079 1941 facere
1109 1891 1288 1948 docuit,
1323 1909 1479 1954 eogere
1513 1909 1627 1939 arva

499 1966 553 2004 nt
590 1966 804 2019 pareant,
851 1956 914 2004 ad
956 1973 1010 2004 se
1057 1956 1308 2004 commode
1361 1956 1623 2003 transtulit.

499 2023 636 2070 Arva
657 2023 808 2069 vicina
830 2020 1020 2083 possint
1042 2036 1140 2068 non
1167 2019 1473 2067 incommode
1495 2019 1627 2066 dicta

499 2085 668 2141 videri,
689 2084 864 2133 iisdem
879 2087 1022 2140 silvis,
1041 2085 1088 2132 h.
1110 2099 1151 2130 e.
1167 2081 1376 2147 pascuis,
1392 2084 1623 2144 subjecta.

497 2153 646 2198 Arma
664 2151 898 2196 horrentia
914 2148 955 2196 si
976 2157 1092 2195 sunt
1107 2144 1371 2202 horribilia,
1391 2156 1625 2194 novatum

499 2213 590 2260 hoc
627 2227 734 2260 esse
763 2212 1056 2275 putabimus,
1092 2211 1214 2258 forte
1237 2211 1298 2257 ab
1321 2210 1428 2273 ipso
1449 2219 1622 2274 poeta3

500 2293 614 2324 nam
631 2276 910 2340 exemplum
923 2276 1069 2336 huius
1083 2291 1200 2323 usus
1213 2273 1370 2322 adhuc
1385 2273 1623 2322 desidero.

501 2341 716 2389 Possunt
755 2349 930 2397 tamen,
967 2349 1024 2388 ut
1065 2342 1157 2387 tela
1195 2341 1442 2396 lim-rencia,
1479 2341 1626 2387 hasta

498 2409 746 2463 horrentes,
770 2404 886 2453 dum
911 2411 1098 2460 erectae,
1122 2411 1366 2469 protensae
1391 2412 1520 2461 sunt,
1547 2403 1621 2452 di-

499 2477 691 2528 cuntur,
711 2468 782 2518 ita
805 2478 856 2517 et
876 2486 1006 2517 arma
1027 2471 1273 2525 horrenta'a,
1293 2466 1422 2515 dicta
1443 2467 1623 2531 accipi3

499 2551 590 2582 nec
613 2533 758 2582 aliter
785 2537 971 2582 horrens
1001 2537 1162 2580 umbra
1185 2531 1315 2579 dicta
1335 2530 1419 2578 inf.
1451 2533 1557 2589 165,
1584 2531 1625 2580 si

499 2599 562 2647 de
587 2599 709 2663 ipsis
739 2598 992 2647 arboribus
1018 2596 1254 2660 accipias:
1291 2594 1349 2643 cs.
1375 2594 1438 2642 ad
1467 2594 1550 2644 lib.
1576 2612 1623 2653 x,

501 2663 610 2713 237.
675 2661 827 2710 Notio
853 2673 1016 2710 tamen
1045 2660 1261 2708 horroris
1292 2669 1344 2706 et
1369 2659 1438 2707 sic
1465 2659 1597 2734 inest
1610 2679 1622 2708 ι

498 2727 966 2852 ἓξῧέθξέἕὲζὲἕὲέ
985 2729 1627 2838 ffiffffaeffz’zmt

499 2854 562 2902 de
598 2869 656 2902 eo
692 2857 812 2916 quod
843 2859 1025 2902 horrere
1045 2852 1206 2915 sucu,-
1247 2860 1302 2900 ut
1336 2852 1497 2916 ipsum
1534 2853 1626 2900 hoc

497 2921 732 2967 horridam
765 2933 872 2967 esse
904 2917 1095 2966 dicitur.
1161 2917 1253 2980 Ap.
1293 2915 1432 2964 Pind.
1471 2917 1524 2964 P.
1560 2917 1623 2976 iv,

505 2984 610 3041 144,
633 2991 749 3032 sunt
769 2983 1054 3045 φρίσσοντες
1077 2981 1258 3044 ὄμβροι.

571 3049 611 3104 1,
637 3049 682 3094 2.
717 3048 877 3104 Arma,
901 3046 950 3094 h.
976 3061 1018 3094 e.
1041 3045 1170 3094 bella
1191 3046 1306 3107 (sub
1329 3047 1503 3095 AEneae
1537 3047 1622 3094 ad-

497 3121 700 3158 ventum
721 3110 774 3157 in
799 3109 946 3159 Italia
965 3108 1111 3171 orta),
1135 3114 1367 3172 virumque
1397 3128 1521 3168 cano,
1548 3115 1627 3172 qui

499 3179 624 3222 venit
638 3193 654 3220 .·
688 3174 780 3221 hoc
816 3182 904 3232 est,
931 3183 981 3222 et
1003 3173 1268 3222 adventum
1301 3175 1392 3222 viri
1429 3190 1460 3222 a
1476 3175 1627 3237 Troja

497 3237 692 3302 profugi
714 3236 766 3285 in
790 3237 948 3296 Latio,
973 3253 1032 3286 eo
1055 3237 1249 3302 quidem
1272 3238 1379 3286 loco
1401 3254 1497 3301 quo
1525 3241 1621 3287 La-

497 3301 686 3350 vinium
708 3302 923 3365 posthaec
951 3303 1012 3350 ab
1037 3302 1198 3350 AEnea
1229 3301 1322 3350 fuit
1355 3303 1621 3352 conditum.

501 3366 607 3423 Est,
629 3377 792 3414 autem
809 3367 912 3414 haec
932 3365 1158 3414 AEneidis
1177 3382 1380 3425 summa,
1406 3383 1514 3429 quae
1536 3369 1619 3416 ab·

499 3430 704 3478 solvitur
725 3429 840 3479 sede
855 3431 908 3479 in
928 3430 1072 3480 Italia
1087 3440 1300 3494 accepta,
1317 3431 1474 3480 Turni
1490 3433 1623 3480 caede

499 3504 549 3542 et
571 3510 635 3542 ex
672 3493 854 3542 foedere
894 3511 1004 3544 cum
1042 3495 1246 3543 Latino:
1284 3495 1368 3554 xii,
1406 3496 1496 3546 187
1517 3513 1619 3558 sqq.

498 3563 645 3608 Arma
681 3563 914 3621 virumque
949 3559 1124 3608 melius
1160 3558 1230 3607 ita
1274 3575 1362 3608 nos
1405 3569 1454 3608 et
1493 3561 1621 3624 epici

497 3623 726 3672 carminis
749 3623 975 3687 dignitati
1007 3623 1356 3674 convenienter
1376 3625 1618 3688 interpre-

498 3689 590 3736 tari
661 3697 867 3747 utamus,
909 3704 1054 3751 quam
1079 3703 1172 3752 pro
1210 3697 1385 3736 armato
1417 3692 1528 3745 viro,
1568 3698 1625 3736 ut

497 3752 607 3800 aliis
625 3704 749 3799 focis
779 3761 909 3800 recte
941 3752 1135 3809 dicitur,
1159 3769 1204 3801 v.
1228 3769 1268 3800 c.
1294 3751 1377 3800 inf.
1403 3752 1469 3810 xi,
1495 3753 1618 3808 7473

497 3825 596 3873 aut,
624 3825 680 3864 ut
704 3819 775 3862 vir
819 3816 880 3864 ad
917 3831 1006 3864 sex
1039 3817 1242 3880 priores,
1266 3833 1396 3864 arma
1436 3815 1498 3863 ad
1534 3833 1623 3864 sex

561 3881 791 3928 steriores
803 3879 953 3928 libros
965 3879 1223 3944 pertineat.
1260 3879 1470 3928 Videtur
1489 3880 1621 3930 enim

531 3961 600 3993 aec
634 3944 864 4006 loquendi
898 3944 1054 3992 forma
1089 3943 1249 3992 aliena
1286 3945 1348 3992 ab
1387 3945 1434 3991 h.
1481 3945 1531 4004 L,
1571 3953 1623 3993 et

494 4009 732 4072 gravitate
780 4008 921 4072 epica
957 4009 1088 4057 haud
1135 4008 1254 4056 satis
1304 4007 1453 4071 digna
1497 4025 1617 4056 esse.

497 4075 616 4120 Fato
649 4072 882 4136 praeclare
917 4072 1129 4137 ponitur,
1159 4081 1214 4120 ut
1235 4073 1296 4119 ad
1317 4073 1518 4120 deorum
1540 4073 1617 4120 in-

497 4145 774 4184 terventum
806 4147 954 4202 poeta
986 4137 1115 4185 viam
1151 4135 1365 4184 muniat:
1397 4135 1623 4200 profligas

495 4203 634 4257 venit,
677 4211 847 4249 ornate
883 4200 1005 4250 illud
1043 4201 1313 4262 adjectum:
1351 4210 1403 4248 et
1447 4201 1623 4249 melius

488 4263 728 4327 jung-itur,
781 4267 932 4328 Trqiae
983 4269 1044 4313 ab
1085 4269 1179 4313 oris
1215 4263 1439 4340 prffugus
1481 4269 1620 4313 venit.

496 4331 684 4375 Primus
713 4327 870 4376 videri
906 4338 1069 4392 potest
1101 4329 1390 4393 simpliciter
1419 4328 1621 4387 dicaam,

494 4401 720 4455 respectu
756 4407 858 4440 ωε
893 4393 1060 4456 stirpis
1097 4409 1152 4442 ac
1191 4393 1353 4456 gentis
1389 4409 1527 4442 novae
1570 4393 1621 4442 in

1678 1185 1811 1248 Janis
1834 1189 1882 1232 in
1902 1189 1987 1232 has
2001 1193 2122 1232 certe
2139 1187 2295 1232 Italia

1685 865 1841 922 ltalia,
1880 867 2017 927 cnjus
2046 863 2129 912 ille
2152 864 2244 912 fuit
2276 872 2445 911 auctor
2464 879 2519 910 ac
2586 863 2807 927 rinceps;

1681 928 1870 1040 primus
1893 929 2040 976 etiam
2062 928 2155 976 fuit
2175 927 2255 990 qui
2278 927 2469 976 veniret
2490 927 2541 974 in
2598 943 2667 975 oec
2687 927 2805 976 loca.

1716 1002 1989 1056 nterpretes
2012 992 2165 1040 multa
2194 991 2459 1040 moliuntur
2481 991 2533 1038 in
2556 991 2603 1038 h.
2628 991 2659 1039 1.
2687 1007 2805 1054 quo-

1684 1055 1815 1105 niam
1841 1057 2063 1104 Antenor
2077 1059 2179 1119 jam
2202 1065 2315 1103 ante
2342 1056 2404 1102 ad
2428 1055 2623 1104 Italiam
2644 1071 2807 1105 acces-

1686 1129 1829 1169 serat.
1890 1121 2075 1168 AEneas
2095 1130 2257 1167 tamen
2275 1129 2406 1168 recte
2428 1119 2615 1184 primtxs
2633 1136 2661 1168 e
2684 1119 2808 1169 Tro-

2312 1193 2473 1246 ρον-εει·
2487 1187 2552 1231 ad
2566 1185 2813 1232 Lacinim-

1688 1249 1842 1312 (quod
1867 1251 1969 1311 jam
1993 1258 2164 1297 auctor
2192 1247 2307 1296 libri
2332 1249 2392 1295 de
2416 1246 2552 1310 Orig.
2578 1250 2638 1295 G.
2665 1249 2811 1296 Rom.

1686 1329 1725 1361 c.
1758 1315 1798 1370 1,
1822 1313 2035 1374 monuit)
2056 1312 2307 1376 pervenit3
2343 1327 2456 1360 nam
2492 1315 2715 1360 Antenor
2749 1312 2813 1360 ad

1689 1377 1907 1426 Venetos
1924 1377 1977 1425 in
1996 1376 2169 1424 intimo
2186 1376 2297 1424 sinu
2313 1376 2579 1434 Adriatico,
2596 1377 2815 1440 adeoque

1688 1440 1740 1488 in
1764 1441 1859 1489 alia
1886 1441 2041 1490 ltaliae
2058 1450 2211 1506 parte,
2228 1457 2335 1515 quae
2354 1440 2527 1488 Galliae
2547 1440 2815 1505 Cisalpinae

1688 1516 1808 1563 erat,
1845 1521 1875 1554 a
1908 1506 2113 1570 pulerat,
2150 1504 2209 1552 cf.
2244 1505 2328 1552 inf.
2354 1505 2476 1560 247;
2514 1515 2563 1552 et
2592 1505 2675 1568 qui
2698 1516 2814 1554 ante

1690 1585 1803 1617 eum
1901 1570 2065 1618 taliam
2129 1569 2508 1631 frequentarant,
2578 1569 2813 1626 OEnotrii,

1690 1635 1933 1690 Evander,
1960 1642 2008 1682 et
2034 1633 2290 1690 Hercules,
2311 1649 2372 1681 ex
2386 1633 2577 1681 Graecia
2598 1633 2810 1682 advene-

1690 1707 1814 1746 rant.
1868 1699 1966 1746 Sed
1998 1707 2169 1760 arguta
2198 1698 2301 1746 haec
2338 1698 2502 1762 potius
2529 1713 2673 1760 quam
2698 1715 2813 1747 vera

1688 1773 1809 1825 puto
1824 1782 1836 1818 ς
1863 1772 1912 1811 et
1924 1772 2082 1826 poetae
2098 1762 2263 1810 animo
2274 1763 2366 1810 hoc
2384 1761 2583 1810 unicum
2600 1763 2815 1811 insidere

1690 1826 1872 1884 debuit,
1896 1827 2025 1889 quod
2043 1828 2103 1874 ab
2122 1826 2459 1888 antiquissima
2478 1826 2711 1874 memoria
2734 1843 2811 1875 re·

1690 1891 1845 1954 petita
1867 1907 1947 1939 res
1970 1903 2056 1939 est.
2118 1891 2211 1938 Est
2232 1905 2395 1938 autem
2425 1895 2617 1951 primus,
2648 1895 2813 1952 primo,

1690 1953 1977 2018 simpliciter
2012 1955 2195 2002 dictum
2226 1969 2330 2018 pro,
2362 1954 2491 2012 olim,
2530 1955 2812 2018 antiquitus,

1690 2027 1747 2066 ut
1780 2035 1897 2066 mox
1936 2021 2014 2077 24,
2058 2021 2165 2068 bem·
2198 2023 2353 2080 prima
2390 2021 2509 2080 quod
2538 2021 2604 2066 ad
2631 2020 2813 2082 Trqp'am

1686 2091 1920 2144 gesserat:
1955 2083 2003 2130 h.
2042 2099 2082 2130 e.
2120 2093 2265 2130 antea
2296 2083 2413 2130 olim
2438 2083 2551 2130 AEn.
2576 2081 2675 2139 viii,
2702 2085 2813 2132 319.

1691 2149 1875 2194 Primus
1910 2151 1970 2194 ab
2002 2151 2189 2194 oethert'o
2212 2149 2438 2194 Saturnus
2460 2149 2583 2195 venit
2609 2149 2741 2210 Olym
2802 2184 2815 2196 .

1699 2211 1835 2258 Venit
1883 2213 2086 2268 Italiam,
2144 2210 2411 2258 Homerica
2454 2210 2669 2268 ratione;
2728 2166 2817 2269 ἔαξε

1689 2272 1835 2322 πόλιν
1856 2285 1906 2322 et
1927 2275 2199 2332 innumera,
2236 2275 2415 2323 omisso
2456 2275 2534 2325 εἰς.
2594 2275 2815 2324 Omnino

1692 2339 1782 2386 hoc
1806 2338 2107 2402 infigendum
2138 2339 2313 2395 animo,
2338 2349 2397 2386 ut
2424 2341 2575 2388 semel
2600 2340 2816 2388 monitus

1691 2402 1772 2461 sis,
1806 2413 1999 2468 poetam
2038 2405 2209 2451 Graeco
2248 2417 2381 2450 more
2420 2403 2683 2468 praeposita
2703 2404 2815 2462 ista,

1691 2471 1753 2526 in,
1774 2485 1871 2529 per,
1898 2471 1973 2524 ad,
1998 2466 2259 2530 negligere.
2320 2469 2507 2515 Italiam
2539 2476 2590 2515 et
2616 2469 2819 2516 Lavinia

1694 2534 1854 2581 littora
1874 2531 2165 2580 declarative
2181 2531 2426 2580 cumulata
2446 2539 2588 2586 sunt3
2614 2533 2819 2581 Lavinia

1690 2604 1853 2644 autem
1889 2600 2061 2654 littora,
2094 2595 2148 2643 in
2187 2595 2361 2658 quibus
2396 2595 2655 2658 aliquando
2698 2599 2819 2646 urbs

1691 2659 1952 2710 Lavinium
1976 2669 2081 2709 erat
2101 2660 2367 2718 condenda,
2393 2669 2449 2708 ut
2476 2660 2637 2708 solent
2658 2671 2820 2724 poetae

1690 2734 1859 2788 petere
1881 2725 2098 2788 epitheta
2120 2725 2267 2772 etiam
2289 2740 2319 2772 a
2340 2723 2595 2788 postmodo
2617 2723 2775 2773 sactis.

1757 2791 1785 2836 3
1809 2805 1909 2851 sqq.
1953 2792 2101 2847 Venit,
2112 2789 2342 2851 jactatus,
2365 2797 2412 2838 et
2428 2805 2624 2851 pas-mu
2659 2789 2817 2838 inter-

1726 2853 1889 2902 onitur
1925 2869 1987 2902 ex
2018 2869 2153 2902 more
2184 2857 2261 2901 ille
2278 2872 2293 2900 .-
2328 2867 2583 2917 postquam
2610 2868 2818 2916 mag-nos

1710 2919 1881 2966 abores
1921 2917 2179 2966 maritimis
2229 2918 2488 2976 erroribus,
2536 2927 2586 2965 et
2630 2925 2821 2966 tentata

1690 2981 1871 3030 trustra
1904 2983 2051 3031 variis
2084 2982 2135 3029 in
2168 2981 2287 3030 locis
2324 2997 2449 3030 nova
2480 2982 2609 3040 sede,
2636 2982 2817 3030 tolera—

1690 3057 1840 3095 verat.
1894 3046 2068 3094 Πολλὰ
2084 3048 2124 3094 δ’
2151 3045 2226 3107 ὅγ’
2246 3047 2299 3096 ἐν
2314 3045 2473 3108 πόντῳ
2494 3043 2643 3094 πόθεν
2654 3045 2821 3106 ἄλγεα

1688 3109 1747 3158 ov
1768 3110 1892 3160 κατὰ
1914 3108 2069 3170 θυμόν.
2129 3110 2303 3174 Odyss.
2330 3129 2374 3168 a,
2399 3114 2444 3158 4.

1756 3177 1800 3222 4.
1845 3177 1903 3222 Vi
1948 3179 2174 3236 superam,
2222 3175 2423 3223 numine
2465 3189 2521 3222 ac
2562 3173 2818 3224 voluntate

1690 3238 1913 3287 deorum:
1944 3240 1998 3286 ἐκ
2012 3241 2133 3297 θεοῦ,
2154 3240 2209 3288 ἐκ
2226 3241 2355 3287 θεῶν.
2410 3241 2652 3287 Memorem
2664 3241 2815 3288 June-

1688 3307 1761 3350 m's
1776 3307 1831 3351 ob
1850 3307 1981 3360 iram,
1997 3303 2194 3367 proprie
2208 3306 2401 3351 Iunonis
2414 3307 2649 3358 memor-ie,-
2673 3306 2818 3366 qu'us

1688 3367 1761 3416 ira
1783 3383 1895 3416 cum
1917 3377 2128 3430 acceptae
2149 3367 2341 3429 injuria!
2360 3366 2601 3432 pertinaci
2624 3383 2813 3416 memo-

1688 3431 1762 3494 ria
1778 3439 1881 3480 erat
1901 3433 2173 3494 conjuncta,
2194 3429 2409 3492 adeoque
2428 3439 2477 3479 et
2496 3431 2603 3495 ipsa
2620 3437 2695 3480 ira
2714 3450 2811 3480 me—

1686 3513 1795 3543 mor.
1845 3495 1925 3543 Sic
1944 3504 1995 3542 et
2007 3494 2193 3543 Greci:
2218 3491 2411 3554 μνάμων
2429 3497 2568 3554 μῆνις
2586 3496 2810 3560 AEschyl.

1688 3561 1861 3622 Agam.
1902 3561 2006 3606 161.
2066 3559 2145 3606 Ad
2165 3573 2269 3607 rem
2292 3557 2351 3606 cf.
2378 3559 2491 3606 AEn.
2516 3575 2561 3617 v,
2587 3561 2679 3609 781
2706 3577 2813 3624 sqq.

1688 3624 1966 3672 Revocatur
1983 3631 2146 3672 autem
2164 3623 2255 3672 hoc
2278 3639 2423 3671 versu
2452 3639 2616 3672 rerum
2640 3639 2811 3673 narra-

1688 3697 1847 3736 tarum
1888 3688 2007 3736 ordo
2040 3687 2103 3735 ad
2137 3687 2468 3736 interventum
2510 3688 2721 3737 Junonis
2763 3701 2819 3738 et

1686 3761 1971 3801 caeterorum
2009 3752 2223 3801 deorum.
2295 3753 2514 3801 Deorum
2558 3754 2811 3801 interven-

1688 3825 1791 3864 tum
1824 3815 1956 3865 haud
1987 3816 2135 3864 dubie
2168 3831 2395 3880 magnam
2428 3817 2527 3865 vim
2551 3827 2600 3865 et
2622 3817 2810 3866 utilita-

1688 3889 1787 3928 tem
1810 3881 1873 3928 ad
1898 3895 1977 3928 res
2016 3881 2154 3944 epica
2188 3897 2299 3928 cum
2332 3881 2569 3944 gravitate
2602 3882 2809 3946 expedi-

1686 3945 1836 3992 endas
1848 3945 2028 3993 habere
2050 3953 2265 4008 apparet.
2326 3947 2567 3994 Caeterum
2585 3945 2812 3996 videmus

1685 4009 1716 4055 J
1721 4024 1933 4056 unonem
1968 4008 2099 4057 inter
2142 4019 2195 4056 et
2226 4009 2469 4057 Venerem
2506 4023 2675 4057 omnes
2717 4010 2812 4060 has

1720 4083 1850 4121 artes
1907 4072 2070 4136 epicas
2124 4089 2230 4122 esse
2274 4073 2569 4123 distributas.
2630 4073 2809 4122 Mirari

1704 4137 1801 4184 icet
1846 4137 1891 4184 A
1928 4137 2091 4186 ollinis
2146 4147 2311 4202 partes
2354 4154 2461 4186 esse
2502 4137 2674 4194 nullas,
2722 4139 2809 4200 qui

1688 4211 1850 4249 tamen
1880 4153 2108 4264 'frojanis
2140 4203 2270 4266 apud
2294 4203 2567 4250 Homerum
2599 4201 2811 4260 favebat,

1686 4273 1738 4314 et
1754 4265 1965 4314 AEneam
1988 4281 2050 4314 ex
2063 4283 2097 4330 p
2246 4281 2357 4315 cum
2376 4265 2615 4314 Diomede
2636 4281 2807 4314 serva—

1686 4340 1836 4387 verat,
1880 4329 2018 4379 Iliad.
2060 4349 2097 4387 ε,
2136 4333 2228 4378 431
2270 4347 2370 4393 sqq.
2430 4331 2613 4378 Verum
2661 4331 2812 4379 Maro

1687 4393 1928 4458 simplicia
1972 4405 2023 4444 et
2062 4395 2191 4443 inter
2228 4409 2281 4444 se
2316 4409 2529 4443 consona
2560 4395 2809 4458 pretuliu
