3050 4934
535 293 622 355 64

1349 291 2021 359 GEORGICON

709 444 886 508 Cura
913 445 1017 521 sit,
1049 467 1124 508 ac
1155 445 1400 528 patrios
1431 443 1775 527 cultusque
1804 443 2199 526 habitusque
2230 427 2551 520 locorum3

709 545 804 608 Et
831 545 990 629 quid
1020 567 1296 629 quoeque
1325 545 1496 609 ferat
1525 546 1731 628 regio,
1761 555 1829 607 et
1857 545 2015 627 quid
2046 565 2323 627 quaeque
2354 551 2639 608 recuset.

709 645 840 709 Hic
871 657 1128 730 segetes
1134 693 1153 723 ‚
1185 645 1312 710 illic
1343 647 1608 710 veniunt
1635 644 1885 708 felicius
1917 667 2097 721 uvae3

580 747 665 809 55
707 745 994 811 Arborei
1025 747 1226 811 foetus
1255 746 1429 824 alibi,
1463 757 1661 830 atque
1690 745 1938 829 injussa
1966 746 2296 808 virescunt

711 847 1045 911 Gramina.

1137 847 1377 912 Nonne
1408 848 1615 923 vides,
1649 867 1914 910 croceos
1946 855 2019 909 ut
2047 843 2320 909 Tmolus
2352 845 2613 920 odores,

708 946 897 1012 India
924 950 1120 1012 mittit
1147 950 1336 1025 ebur,
1366 947 1593 1012 molles
1626 970 1744 1010 sua
1773 947 1971 1009 thura
2002 946 2254 1022 Sabaei3

706 1047 806 1112 At
835 1046 1161 1132 Chalybes
1193 1050 1352 1112 nudi
1379 1048 1648 1123 ferrum,
1680 1048 2021 1130 virosaque
2053 1047 2306 1110 Pontus

709 1149 1047 1226 Castorea,
1081 1149 1388 1213 Eliadum
1417 1148 1665 1232 palmas
1696 1147 1941 1231 Epiros
1970 1148 2331 1230 equarum?

575 1251 664 1328 α)
707 1249 1031 1314 Continuo
1058 1248 1180 1313 has
1210 1248 1390 1333 leges
1421 1261 1795 1331 aeternaque
1826 1246 2080 1311 foedera
2109 1247 2307 1311 certis

711 1350 1029 1435 Imposuit
1057 1360 1292 1413 natura
1318 1348 1500 1424 lociS,
1534 1371 1666 1432 quo
1695 1358 1989 1432 tempore
2019 1349 2297 1431 primum

712 1451 1078 1516 Deucalion
1107 1471 1378 1514 vacuum
1408 1449 1660 1534 lapides
1684 1449 1957 1533 jactavit
1984 1449 2052 1510 in
2082 1449 2329 1524 orbem,

707 1551 904 1616 Unde
934 1551 1228 1614 homines
1258 1551 1420 1628 nati,
1453 1550 1690 1614 durum
1719 1571 1949 1632 genus·
2030 1547 2219 1632 Ergo
2246 1569 2392 1632 age,
2424 1558 2621 1612 terrae

711 1651 964 1736 Pingue
997 1651 1202 1715 solum
1233 1652 1455 1734 primis
1486 1647 1819 1732 extemplo
1850 1671 1889 1711 a
1916 1649 2249 1712 mensibus
2280 1649 2430 1711 anni

581 1757 667 1818 65
711 1754 943 1818 Fortes
972 1755 1301 1816 invertant
1331 1753 1524 1829 tauri,
1557 1750 1914 1834 glebasque
1933 1751 2232 1834 jacentes

712 1852 1176 1918 Pulverulenta
1205 1863 1444 1936 coquat
1471 1852 1739 1915 maturis
1774 1849 2017 1914 solibus
2050 1860 2264 1913 aestas.

704 1953 824 2031 At,
858 1955 912 2017 si
941 1976 1070 2016 non
1101 1953 1299 2016 fuerit
1328 1951 1518 2016 tellus
1552 1951 1881 2025 foecunda,
1914 1951 2038 2014 sub
2067 1951 2280 2034 ipsum

707 2053 1066 2118 Arcturum
1097 2054 1277 2116 tenui
1309 2063 1411 2116 sat
1439 2053 1566 2116 erit
1598 2053 1999 2135 suspendere
2034 2051 2249 2116 sulco:

709 2153 870 2230 Illic,
905 2153 1188 2217 officiant
1216 2153 1381 2216 laetis
1411 2175 1493 2216 ne
1527 2152 1828 2235 frugibus
1859 2152 2084 2216 herbae
2109 2179 2125 2230 3

579 2257 663 2319 70
707 2255 861 2332 Hic,
895 2253 1177 2318 sterilem
1207 2256 1482 2338 exiguus
1513 2276 1595 2317 ne
1626 2254 1887 2317 deserat
1915 2253 2149 2317 humor
2176 2277 2457 2318 arenam.

537 2407 673 2454 nium
696 2404 778 2468 qui
801 2405 863 2451 de
881 2419 934 2451 re
955 2402 1138 2451 rustica
1159 2402 1416 2451 tradidere.
1473 2404 1662 2450 Patrios

534 2474 698 2528 cultus,
713 2467 903 2517 colendi
921 2468 1160 2515 rationem
1179 2483 1272 2515 usu
1289 2469 1526 2528 majorum
1542 2481 1656 2529 pro-

535 2535 710 2583 batam.
771 2531 896 2580 Plin.
922 2531 1058 2590 xviii,
1082 2531 1145 2582 47
1168 2539 1289 2579 extr.
1325 2533 1382 2578 Ῑπ
1405 2534 1524 2578 omni
1554 2533 1657 2592 qui-

536 2603 636 2647 dem
665 2605 802 2660 parte
837 2598 1213 2644 cultum—valet
1247 2598 1478 2644 oraculum
1509 2597 1630 2642 illud
1642 2613 1658 2641 .-

535 2665 648 2724 quid
668 2677 852 2723 quaque
873 2665 999 2734 regio
1016 2663 1242 2720 patiatur.

605 2728 669 2772 54
690 2741 790 2786 sqq.
833 2724 892 2772 In
926 2724 988 2772 iis
1011 2739 1119 2785 quae
1151 2733 1420 2797 sequuntur
1452 2737 1661 2784 agnosce

535 2795 1663 2963 2533}‘33333421333ff323222553'2.

538 2931 690 2964 ornan
725 2931 756 2963 ι.

604 2979 810 3030 55—57.
869 2980 966 3026 Per
1003 2983 1218 3041 gramina
1265 2978 1500 3026 declarari
1544 2987 1664 3042 puta

537 3060 743 3120 pascua:
780 3044 970 3106 injussa,
995 3051 1183 3106 sponte.
1240 3045 1402 3090 Nonne
1432 3045 1559 3090 vides
1590 3051 1665 3090 est

539 3119 667 3156 inter
685 3108 914 3156 formulas
937 3107 1383 3162 enumerationuxm
1411 3122 1515 3169 pro,
1534 3121 1660 3169 prae-

539 3182 685 3229 terea,
697 3187 863 3236 porro;
887 3179 936 3218 et
948 3171 1094 3218 habet
1109 3167 1366 3231 ἐνάργειαν.
1398 3171 1508 3231 Οὐχ
1525 3167 1666 3232 ὀρείας

537 3238 674 3284 Arat.
709 3235 846 3283 Dios.
877 3250 950 3299 pr.
1012 3238 1169 3282 crocei
1200 3238 1355 3282 odores
1383 3249 1474 3297 pro
1504 3249 1658 3281 croco.

541 3301 722 3348 Tmolus
752 3298 920 3372 Lydiae
949 3313 1104 3355 mons,
1127 3298 1242 3345 vino
1264 3313 1500 3360 generoso
1521 3298 1659 3346 nobi-

535 3363 620 3412 lis:
651 3363 747 3412 vid.
772 3363 823 3420 i1‚
847 3364 923 3410 98.
982 3361 1150 3409 Potuit
1171 3371 1220 3410 et
1243 3362 1444 3410 Tmolus
1464 3378 1662 3410 crocum

537 3427 664 3476 ferre
692 3443 805 3475 cum
833 3425 942 3474 aliis
974 3425 1117 3474 terris
1151 3426 1278 3500 apud
1310 3425 1526 3473 Plinium
1557 3426 1659 3484 xxi,

536 3493 580 3550 6,
607 3492 664 3543 17
685 3489 976 3547 memoratis,
997 3499 1048 3538 et
1064 3489 1301 3552 Virgilius
1319 3491 1546 3537 Graecum
1569 3489 1657 3536 ali-

535 3571 681 3620 quem
699 3565 895 3620 poetam
913 3553 1200 3618 exprimere.
1248 3557 1633 3602 Mones—Sabat·
1641 3573 1659 3608 ,-

537 3629 828 3685 perpetuum
865 3618 1115 3694 epitheton
1149 3635 1215 3682 po
1249 3619 1439 3666 ulorum
1475 3617 1657 3666 Asiati-

534 3701 716 3742 corum,
743 3683 1129 3732 effeminatorum
1151 3699 1224 3731 coe
1244 3683 1261 3730 i
1283 3682 1589 3745 indulgentia
1612 3691 1661 3730 et

535 3749 626 3796 soli
649 3749 879 3796 bonitate.
945 3749 1080 3794 Mitti
1105 3763 1232 3804 vero,
1257 3749 1303 3794 h.
1329 3763 1369 3794 e.
1397 3747 1657 3810 exportari,

533 3813 752 3861 sollenne
785 3812 846 3858 de
879 3810 1134 3868 mercibus,
1161 3826 1224 3857 ex
1255 3826 1314 3857 eo
1339 3811 1446 3857 loco
1476 3810 1657 3872 petitis,

535 3877 619 3924 ubi
654 3875 931 3940 praecipuus
967 3889 1135 3921 earum
1168 3882 1410 3922 mercatus
1443 3883 1542 3921 est:
1586 3883 1662 3921 est

535 3941 658 3988 adeo
681 3940 809 3988 idem
833 3955 888 3987 ac
910 3937 1181 4002 provenire.

601 4006 678 4060 58,
708 4007 785 4052 59.
829 4005 1051 4066 Chalybes
1083 4003 1210 4060 nudi,
1242 4009 1410 4074 utpote
1443 4002 1492 4048 in
1527 4001 1657 4050 ferro

535 4067 755 4114 cudendo
793 4066 1042 4131 occupati:
1081 4066 1195 4113 AEn.
1227 4065 1328 4122 viii,
1360 4067 1471 4124 425,
1507 4070 1658 4114 nudus

535 4134 733 4178 membra
776 4133 1044 4194 Pyracmon.
1113 4131 1266 4178 Porro
1305 4137 1570 4188 castoreum,
1607 4131 1655 4178 h.

535 4193 737 4242 castoris
755 4211 792 4241 s.
817 4195 925 4242 fibri
940 4203 1101 4243 testes.
1139 4197 1300 4243 Vir-osa
1311 4201 1531 4252 castorea,
1545 4195 1657 4242 tetri

535 4258 711 4312 odoris,
748 4259 1106 4319 graveolentia3
1141 4275 1236 4321 quo
1269 4273 1416 4307 sensu
1449 4259 1648 4322 potissi-

534 4338 667 4370 mum
697 4325 822 4369 virus
855 4331 903 4369 et
935 4327 1128 4370 virosum
1159 4323 1257 4372 dici
1289 4323 1423 4372 solet.
1493 4327 1653 4372 Casto-

533 4403 658 4434 reum
681 4387 918 4433 Ponticum
938 4387 1392 4450 praestantissimum
1411 4388 1486 4437 sui
1504 4405 1653 4452 gene-

533 4450 601 4499 ris
644 4450 923 4498 habebatur.
1005 4452 1219 4498 Eliadum
1264 4455 1442 4512 palmas
1487 4457 1657 4516 Epiros

1725 2419 1955 2464 equarum.
2016 2402 2198 2466 Epirus
2229 2402 2395 2460 mittit,
2420 2402 2520 2461 alit,
2544 2419 2695 2466 equos
2724 2420 2861 2468 prae-

1724 2466 2060 2514 stantissimos.
2142 2466 2429 2514 Praestantia
2472 2467 2745 2516 declaratur
2776 2472 2861 2520 ‚ab

1724 2545 1796 2586 eo,
1821 2531 1949 2593 quod
1971 2531 2269 2578 antecellunt
2290 2531 2411 2578 alios
2443 2547 2591 2594 equos
2613 2531 2666 2578 in
2688 2541 2857 2581 certa-

1724 2594 1856 2642 mine
1882 2610 2065 2642 cursus.
2138 2595 2317 2643 Posuit
2341 2604 2487 2660 poeta
2519 2605 2705 2643 certum
2739 2612 2857 2644 cer-

1723 2669 1901 2716 tamen,
1942 2658 2267 2769 Olympicum.
2335 2662 2513 2716 Palma,
2549 2669 2605 2707 ut
2640 2663 2859 2718 victoria,

1724 2738 1815 2785 pro
1858 2722 2041 2770 victore
2120 2723 2275 2770 'eitun
2356 2723 2438 2770 Sic
2482 2723 2596 2770 AEn.
2642 2740 2687 2782 v,
2736 2727 2858 2783 839,

1726 2791 1867 2834 tertia
1892 2790 2062 2848 palma.
2118 2787 2283 2835 Etiam
2314 2789 2463 2836 boves
2492 2787 2633 2852 Epiri
2666 2789 2859 2862 passim

1726 2861 2069 2898 memorantur.
2132 2851 2330 2899 Scilicet
2350 2851 2551 2899 omnino
2572 2853 2712 2900 bonis
2834 2881 2857 2891 -

1726 2915 1830 2962 cuis
1852 2915 1936 2962 illa
1958 2915 2235 2963 abundavit.
2301 2919 2443 2963 Eleas
2464 2933 2647 2977 campus
2667 2915 2719 2963 in
2740 2951 2752 2963 .
2780 2917 2859 2976 iii,

1728 2980 1837 3026 202.
1897 2981 2011 3027 Eleo
2040 2995 2220 3027 carcere
2250 2983 2413 3027 utiam
2442 2997 2581 3042 equus
2608 2979 2789 3046 Tfibull.
2823 2982 2859 3040 i,

1728 3045 1774 3101 4,
1800 3045 1876 3090 32.
1932 3043 2162 3107 Olympia
2183 3043 2314 3091 enim
2334 3043 2388 3091 in
2412 3043 2559 3091 Elide
2578 3054 2694 3092 erat.

1793 3108 1870 3164 60,
1892 3107 1968 3153 61.
2008 3111 2241 3166 Continuo,
2265 3107 2430 3156 statim
2453 3124 2481 3156 a
2503 3123 2667 3156 rerum
2690 3108 2857 3159 initio.

1728 3173 1834 3218 Has
1867 3175 1999 3233 leges,
2034 3180 2091 3218 ut
2122 3171 2297 3234 cuique
2342 3181 2487 3220 terrae
2518 3187 2659 3220 suum
2706 3173 2855 3236 inge-

1726 3235 1877 3292 nium,
1912 3250 2001 3283 sua
2031 3235 2157 3284 ratio
2188 3235 2393 3294 colendi,
2427 3236 2518 3284 sit:
2562 3251 2644 3284 eas
2676 3247 2863 3286 namra

1728 3299 1962 3362 imposuit
1992 3299 2157 3348 statim
2190 3309 2307 3357 tum,
2340 3315 2455 3348 cum
2498 3300 2709 3364 primum
2756 3311 2858 3351 etc.

1726 3365 1923 3474 Faetdera
1954 3365 2001 3411 h.
2032 3363 2065 3412 l.
2097 3363 2414 3422 conditiones,
2448 3365 2607 3427 legen
2642 3377 2699 3412 ut
2730 3365 2855 3415 AEn.

1724 3426 1756 3484 i,
1817 3429 1860 3485 2,
1885 3437 1935 3475 et
1956 3428 2015 3475 al.

1791 3492 1997 3538 63-66.
2034 3495 2161 3555 Ergo
2188 3510 2287 3556 age,
2312 3493 2441 3540 refer
2470 3493 2531 3541 ad
2552 3509 2595 3540 v.
2622 3495 2700 3551 4³,
2733 3497 2859 3544 Vere

1725 3572 1844 3603 novo.
1918 3557 2073 3603 Terrae
2103 3559 2258 3613 solam,
2295 3559 2387 3617 ’γῆς
2418 3556 2573 3606 πέδον.
2642 3559 2859 3608 Mam

1724 3621 1907 3678 solibus,
1928 3620 2088 3668 calore
2110 3621 2305 3669 aestatis.
2344 3624 2423 3669 Sol
2441 3630 2649 3670 maturus
2669 3621 2857 3672 adultae

1724 3684 1919 3741 metatis,
1944 3700 2040 3747 quo
2062 3693 2395 3734 maturescunt
2422 3685 2600 3748 fruges.
2672 3689 2857 3748 eoquat

1724 3749 1941 3810 adeoque
1964 3748 2181 3796 emolliat
2212 3759 2262 3797 et
2292 3749 2558 3806 rarefaciat,
2582 3759 2639 3796 ut
2664 3749 2855 3800 salibus

1726 3827 1788 3859 ex
1826 3829 1937 3860 aere
1972 3813 2264 3862 imbibendis
2304 3815 2460 3862 solum
2496 3813 2727 3862 idoneum
2768 3816 2851 3865 sit.

1726 3874 1836 3922 Vid.
1862 3877 1981 3923 Geo.
2006 3876 2057 3934 ii,
2084 3878 2190 3924 260.

1788 3939 1994 3988 67-69,
2034 3944 2084 3987 Sa·
2104 3958 2191 3987 non
2210 3940 2365 4002 ficet-it
2388 3945 2521 3990 tellus
2532 3939 2773 4004 five-unda,
2800 3946 2848 3992 h.

1720 4001 1762 4050 si
1786 4003 1961 4061 tenuis,
1986 4003 2029 4052 si
2050 4003 2256 4066 gracilis.
2308 4007 2665 4070 Interpretatur
2685 4007 2850 4056 locum

1720 4067 1908 4115 Colum,
1936 4067 1987 4124 ii,
2018 4071 2049 4115 4
2072 4077 2191 4116 extr.
2256 4073 2350 4117 Sub
2378 4075 2525 4132 ipsum
2558 4074 2813 4120 Arc-tunm
2832 4093 2848 4122 .-

1721 4131 1909 4179 Colum.
1946 4132 2013 4191 xi,
2057 4133 2100 4190 2,
2138 4133 2217 4190 63,
2254 4137 2373 4182 Non.
2409 4137 2629 4196 Septemb.
2668 4139 2845 4185 Arcta-

1720 4213 1801 4244 πω
1822 4200 2053 4245 exortem-.-
2077 4197 2138 4245 de
2156 4199 2395 4246 matutino
2414 4207 2587 4246 exortu
2609 4199 2689 4262 agi
2712 4210 2846 4265 puta.

1718 4263 2014 4322 Suspendere,
2056 4262 2231 4310 leviter
2273 4262 2601 4326 proscindere,
2652 4279 2849 4315 vomere

1722 4339 1821 4372 non
1858 4325 1954 4372 alte
1999 4326 2335 4374 descendente.
2418 4329 2536 4384 Illic,
2579 4327 2633 4375 in
2673 4329 2847 4394 pingui

1721 4389 1837 4437 solo.
1907 4391 2035 4438 Nam
2076 4393 2261 4438 humida
2293 4392 2486 4452 majores
2523 4395 2690 4441 herbas
2726 4398 2847 4442 alit.-

1722 4455 1841 4500 Geo.
1866 4452 1916 4509 ii,
1943 4455 2051 4500 251.
