3050 4934
1273 232 1610 299 LIBER
1656 230 1709 297 1.

2514 236 2642 299 237

503 381 636 449 Hie
665 384 838 448 canit
865 394 1188 449 errantem
1218 383 1455 460 lunam,
1488 383 1769 468 solisque
1800 382 2096 461 labores3

511 483 707 549 Unde
737 484 1066 549 hominum
1096 507 1326 569 geum,
1359 496 1426 549 et
1455 485 1780 569 pecudes3
1827 485 2003 550 unde
2032 486 2258 561 imber,
2288 495 2358 549 et
2386 485 2605 569 ignes3

509 582 890 662 Arcturum,
923 586 1304 671 pluviasque
1338 586 1635 669 HyadaS,
1668 587 2087 669 geminosque
2118 586 2435 665 Triones3

331 684 462 745 745
509 684 694 756 Quid
723 696 974 748 tantum
1007 709 1250 751 oceano
1279 698 1635 769 properent
1664 708 1733 750 se
1764 688 2015 771 tingere
2046 685 2215 751 soles

503 784 812 861 Hiberni,
842 784 944 849 vel
975 808 1122 869 quoe
1153 787 1356 849 tardis
1385 808 1567 850 mora
1594 789 1894 852 noctibus
1926 790 2165 852 obstet.

515 885 922 968 Ingeminant
949 887 1182 970 plausu
1212 885 1421 971 Tyrii,
1455 886 1799 972 Troesque
1832 898 2214 972 sequuntur.

502 985 654 1049 Nec
685 1008 816 1050 non
844 998 912 1051 et
941 989 1121 1052 vario
1149 997 1404 1051 noctem
1434 1009 1729 1052 sermone
1762 988 2065 1053 trahebat

509 1084 746 1151 Infelix
778 1086 982 1164 Dido,
1015 1088 1405 1171 longumque
1434 1088 1704 1152 bibebat
1730 1111 2013 1153 amorem
2038 1117 2054 1167 ;

332 1189 466 1250 750
511 1187 730 1254 Multa
761 1210 960 1273 super
989 1188 1248 1253 Priamo
1275 1190 1590 1273 rogitanS,
1622 1212 1820 1274 super
1851 1189 2143 1257 Hectore
2173 1192 2408 1259 multa:

505 1289 724 1367 Nunc,
757 1291 993 1374 quibus
1024 1288 1307 1354 Aurorae
1335 1291 1620 1355 venisset
1648 1289 1821 1355 filius
1852 1292 2081 1356 armis:

503 1390 726 1468 Nune,
759 1391 982 1476 quales
1015 1390 1358 1456 Diomedis
1387 1393 1576 1476 equi3
1624 1414 1817 1469 nunc,
1850 1405 2133 1476 quantus
2164 1394 2477 1463 Achilles·

503 1491 708 1556 Immo
737 1514 880 1577 age,
913 1502 982 1557 et
1010 1516 1050 1556 a
1072 1494 1280 1577 prima
1309 1492 1436 1569 dic,
1468 1492 1736 1579 hospes,
1769 1495 2015 1578 origine
2046 1498 2234 1561 nobis

504 1592 804 1670 Insidiae,
835 1594 1068 1679 inquit,
1100 1592 1424 1681 Danaum,
1457 1616 1779 1678 casusque
1812 1606 2094 1673 tuorum,

332 1696 462 1759 755
507 1695 918 1779 Error-esque
950 1708 1135 1760 tuos:
1180 1717 1330 1759 nam
1359 1706 1424 1759 te
1446 1696 1585 1780 jam
1614 1697 1887 1779 septima
1916 1707 2135 1781 portat

505 1797 829 1861 Omnibus
861 1807 1184 1862 errantem
1214 1796 1404 1859 terris
1433 1808 1502 1860 et
1528 1796 1837 1859 fluctibus
1869 1808 2084 1860 aestas·

325 1978 1259 2105 ffafflffidssaffimmmagss‘ffissfflt
1287 1989 1450 2091 affl„

1259 2077 1272 2099 ‚
1425 2071 1446 2080 -

325 2107 424 2154 lam
459 2106 666 2169 alicujus
698 2116 856 2171 poetae
890 2105 1050 2155 Groeci
1087 2106 1448 2169 exquisitim-em

325 2170 530 2228 redolet,
549 2171 699 2219 veluti
763 2171 859 2218 uod
883 2170 988 2217 Ecl.
1013 2170 1078 2227 vi,
1101 2170 1295 2218 Silenus
1323 2172 1446 2235 phy-

321 2236 426 2283 sica
446 2235 665 2282 docebat.
730 2188 922 2283 atlanti
944 2234 1089 2297 vulgo
1115 2234 1295 2283 tributa
1318 2234 1444 2282 side-

321 2315 434 2347 rum
457 2300 634 2347 notitia
649 2315 704 2347 ac
727 2300 930 2373 sphaerae
958 2298 1225 2346 inventum.
1277 2300 1444 2353 Quen-

320 2378 468 2425 quam
509 2364 612 2411 haec
649 2378 813 2411 omma
849 2362 912 2410 ad
946 2363 1102 2411 solum
1142 2363 1448 2411 astronomioe

321 2426 540 2475 studium
593 2426 764 2476 referri
813 2436 1031 2491 possunt.
1121 2429 1246 2475 Cum
1303 2428 1448 2491 Iopas

323 2491 518 2555 Tyrius,
563 2507 691 2539 nunc
736 2492 931 2549 Poenus,
970 2491 1263 2539 citharoedus
1306 2492 1449 2539 indu-

321 2556 509 2603 cendus
544 2566 674 2605 esset
707 2572 736 2603 a
761 2566 918 2619 poeta,
957 2566 1097 2603 acute
1131 2556 1394 2614 Atlantem,
1425 2572 1452 2604 e

321 2620 502 2667 vicinis
543 2616 867 2668 Mauretania!
902 2621 1161 2695 montibus,
1206 2630 1452 2669 auctorem

324 2700 598 2733 carminum
658 2700 765 2747 quoe
816 2696 1012 2733 caneret
1077 2700 1124 2732 ei
1186 2684 1448 2733 arcessivit.

323 2750 571 2797 Mutunus
593 2752 746 2797 Atlas.
801 2750 914 2797 AEn.
939 2748 1040 2806 viii,
1076 2750 1182 2807 136,
1215 2767 1448 2797 maxumus

322 2816 740 2861 Atlas—cellerius
771 2816 954 2861 'numero
985 2818 1064 2876 qm·
1086 2818 1280 2862 sustinet
1303 2818 1444 2863 orbes.

325 2878 418 2925 Est
451 2888 612 2925 autem
651 2876 938 2941 simpliciter
969 2878 1154 2926 dictum
1188 2894 1277 2943 pro
1313 2894 1447 2941 mag-

323 2956 432 2989 nus.
488 2941 568 2989 Sic
590 2958 802 2989 maxuma
823 2944 956 2999 Jnno,
981 2952 1032 2989 et
1053 2942 1160 2989 alia.

391 3006 662 3056 ⁷42—744.
707 3009 952 3054 Errantem
997 3009 1162 3063 lunam,
1203 3022 1295 3070 pro
1332 3010 1450 3055 ἔειπε

321 3086 501 3118 errores
518 3086 606 3119 seu
628 3086 813 3119 cursus.
863 3074 979 3118 Solis
1007 3074 1194 3126 labores,
1217 3070 1447 3128 defectus,

321 3148 589 3197 eorumque
624 3150 808 3183 causas.
864 3136 1027 3193 Imber,
1063 3143 1110 3183 ee
1142 3138 1286 3199 ignes,
1320 3135 1368 3181 h.
1406 3151 1446 3182 e.

463 3214 532 3255 ra,
589 3214 654 3246 ex
711 3198 913 3247 nubium
965 3198 1158 3247 afflictu.
1220 3203 1450 3247 Arcturus

321 3274 400 3311 ste
419 3261 468 3310 ln
489 3278 616 3327 pone
649 3262 851 3311 caudam
885 3263 1080 3325 majoris
1113 3264 1268 3319 Ursae,
1327 3262 1452 3311 osita

321 3328 378 3375 in
401 3327 544 3391 signo
569 3328 749 3384 Bootae,
769 3336 818 3375 et
841 3330 1032 3391 Hyades
1048 3326 1203 3375 stellae
1217 3326 1270 3374 in
1337 3334 1450 3373 onte

321 3392 492 3441 Tauri.
554 3394 818 3453 Geminique
853 3393 1040 3439 Τνίοπιε
1069 3400 1184 3439 sunt
1205 3389 1382 3446 Helice
1403 3402 1452 3437 et

321 3458 594 3520 Cynosura,
620 3456 748 3503 Ursa
785 3458 938 3518 major
968 3465 1017 3502 et
1049 3455 1221 3512 minor,
1243 3458 1449 3513 teriones,

321 3522 374 3568 h.
397 3536 438 3568 c.
463 3522 627 3578 boves,
647 3519 803 3578 dictae,
828 3519 942 3582 quia
970 3520 1032 3568 ab
1061 3519 1272 3581 antiquis
1294 3517 1450 3565 homi-

327 3584 474 3633 nibus
506 3586 597 3633 sub
629 3586 790 3641 boum,
820 3588 939 3647 jugo
969 3585 1265 3645 junctorum,
1301 3582 1454 3630 forma

323 3647 488 3697 sidera
517 3650 620 3697 haec
651 3650 1000 3723 comprehensa
1032 3646 1180 3695 fuisse
1199 3646 1456 3701 videntum

321 3712 442 3761 hinc
465 3712 652 3769 iisdem.
678 3722 728 3761 et
751 3712 995 3761 interdum
1013 3710 1182 3773 majori
1207 3711 1347 3758 Ursae
1365 3710 1456 3757 soli

327 3778 410 3841 (ut
432 3777 604 3841 Odyss-
623 3794 659 3835 ε,
681 3776 814 3837 273),
838 3776 1070 3825 tributum
1092 3790 1270 3823 nomen
1285 3772 1450 3837 ἅμαξα,

319 3844 584 3905 planstrum
599 3860 617 3895 ,·
667 3850 718 3889 et
755 3841 870 3889 hinc
906 3843 1085 3897 Bootes,
1132 3838 1214 3902 qui
1258 3838 1450 3896 deinde,

327 3906 569 3955 Ursarum
607 3905 775 3953 formis
808 3915 857 3954 et
895 3904 1174 3952 nominibus
1207 3902 1450 3963 subjectis,

325 3972 644 4033 Arctophylax
675 3969 772 4018 dici
797 3986 870 4018 coe
905 3969 959 4017 it.
1016 3969 1148 4016 Usus
1171 3966 1318 4015 etiam
1342 3966 1454 4015 tulit

327 4035 438 4091 hoc,
461 4045 517 4082 ut
542 4043 730 4099 septem
761 4034 812 4082 in
887 4042 991 4083 tero
1021 4032 1194 4083 horum
1217 4035 1449 4089 ter-ionum,

1518 1979 1645 2026 Ursa
1664 1978 1859 2041 majore,
1885 1978 2037 2026 stellae
2062 1979 2343 2034 clarissime
2366 1988 2633 2045 septentrio-

1513 2060 1593 2090 nes
1614 2042 1989 2107 appellarentur.

1580 2106 1689 2163 ⁷45,
1712 2108 1820 2158 74-6.
1856 2108 1959 2155 Cur
1975 2107 2167 2157 dierum
2182 2110 2339 2174 spatis
2357 2112 2639 2163 decrescant
2696 2154 2702 2165 .

1512 2186 1570 2218 sc
1592 2180 1814 2219 crescant
1830 2187 1919 2235 per
1941 2172 2157 2221 diversas
2175 2175 2292 2222 anni
2311 2174 2456 2224 vices.

1580 2235 1688 2286 ⁷47.
1724 2238 2014 2299 Ingeminant
2030 2240 2212 2298 plnum,
2228 2239 2516 2301 exquisitius
2534 2242 2636 2291 dic-

1513 2306 1631 2356 tum,
1673 2316 1817 2361 quam
1850 2304 2131 2363 ingeminant
2161 2304 2371 2363 plausum
2388 2323 2404 2350 .-
2439 2305 2637 2355 ductum

1511 2378 1577 2474 ‘eff
1595 2379 1681 2437 uec,
1718 2365 1844 2427 quod
1885 2368 2165 2427 ingeminare
2198 2366 2415 2415 absolute
2447 2384 2637 2431 quoque

1564 2436 1703 2475 citur.

1586 2490 1694 2550 748,
1722 2490 1829 2541 749.
1866 2494 2055 2540 Noctem
2073 2510 2271 2541 sermone
2294 2498 2507 2543 trahebat
2522 2496 2636 2545 doc—

1519 2555 1617 2603 tius
1649 2572 1792 2617 quam
1826 2555 2047 2614 alterum,
2089 2574 2331 2605 sermonem
2369 2562 2549 2607 trahere
2590 2564 2641 2608 in

1517 2628 1701 2667 noctem.
1754 2622 1961 2683 Longum
1992 2624 2175 2669 bibebat
2202 2638 2409 2679 amorem,
2432 2621 2637 2673 imbibe-

1517 2685 1613 2741 bat,
1644 2685 1779 2746 quasi
1813 2685 1958 2747 longo
1990 2684 2180 2734 haustu.
2231 2686 2522 2749 Metnphorn
2552 2704 2642 2751 per

1511 2764 1566 2796 se
1587 2748 1828 2811 frequens.

1580 2813 1607 2862 7
1612 2812 1849 2863 50—752.
1888 2813 2074 2861 Ornste
2096 2829 2199 2877 pro,
2235 2830 2383 2889 super
2406 2815 2637 2874 Hectore,

1517 2878 1799 2934 Memnone,
1834 2876 2089 2935 Diomede,
2118 2886 2169 2925 et
2190 2878 2396 2926 Achille.
2455 2880 2641 2929 Debuit

1515 2952 1678 2989 autem
1698 2942 1749 2988 in
1772 2941 1921 2989 ermis
1950 2941 2231 2991 Memnonis
2252 2942 2433 3006 aliquid
2452 2960 2635 2996 memo-

1515 3006 1667 3054 rabile
1692 3020 1827 3060 essez
1863 3015 1979 3054 sunt
2004 3005 2135 3054 enim
2166 3016 2432 3055 memorate
2458 3023 2563 3072 sup.
2590 3026 2635 3058 v.

1514 3072 1625 3127 489,
1651 3074 1775 3135 nigri
1796 3074 2049 3119 Memnonis
2069 3088 2211 3119 arma.

1582 3134 1690 3192 753,
1728 3134 1835 3185 754.
1872 3138 1919 3182 A
1948 3138 2101 3196 prima
2140 3138 2349 3198 origine:
2396 3136 2638 3186 excidium

1513 3198 1675 3260 Trojae
1700 3214 1729 3245 a
1754 3197 1981 3247 simulato
2016 3197 2130 3247 inde
2156 3199 2455 3248 Achivorum
2479 3202 2640 3251 reditu

1515 3277 1733 3324 equoque
1756 3262 2001 3311 fabricato.

1580 3326 1690 3383 755,
1724 3326 1833 3376 756.
1868 3328 2127 3376 Annorum
2164 3344 2420 3377 numerum
2462 3330 2540 3377 vel
2578 3344 2641 3378 ex

1515 3390 1623 3503 {plsg
1641 3390 1991 3503 AEneabgaex
2008 3392 2198 3503 Tleiicrq
2219 3394 2345 3441 scire
2367 3393 2551 3504 potuliztlz
2577 3394 2639 3443 cf.

1635 3470 1737 3517 sqq.
1922 3470 2031 3503 rum
2103 3471 2263 3505 omius
2278 3472 2320 3504 c.
2340 3472 2458 3513 ml,
2544 3472 2636 3505 em.

1518 3518 1639 3567 erit.
1685 3518 2000 3582 reprehendit
2046 3518 2157 3567 libri
2204 3519 2482 3575 clausulam,
2528 3536 2639 3568 cum

1517 3582 1625 3647 ipss
1648 3580 1948 3643 πραγματεία
1980 3581 2167 3629 nullum
2200 3582 2278 3630 hic
2313 3583 2372 3630 ad
2395 3582 2523 3644 quod
2557 3582 2641 3649 ills

1517 3644 1671 3694 incidi
1724 3645 1938 3709 potuerit
1990 3654 2292 3693 momentum
2346 3646 2637 3710 suppeditet.

1523 3708 1770 3758 Monitum
1804 3710 1911 3765 hoc,
1948 3718 2001 3756 ut
2037 3709 2187 3783 plura
2230 3724 2259 3757 a
2302 3725 2489 3757 summo
2520 3710 2638 3768 viro,

1517 3772 1743 3823 subtilius
1775 3789 1919 3837 quam
1950 3788 2123 3821 venus.
2172 3773 2298 3822 Cum
2322 3772 2493 3821 AEneae
2525 3789 2637 3823 nar-

1518 3838 1705 3886 ratione
1727 3853 1882 3887 novus
1907 3837 2053 3902 plane
2084 3852 2246 3886 rerum
2268 3837 2387 3885 ordo
2408 3852 2527 3885 exsu
2588 3838 2639 3897 't,

1517 3902 1732 3965 adeoque
1756 3902 2116 3951 memorabilem
2136 3900 2543 3965 inter-quiescendi
2583 3918 2635 3950 o-

1516 3982 1628 4015 cum
1652 3966 1858 4030 subjicit.
