3050 4934
458 229 591 290 544

1354 225 1884 289 AENEIDOS

634 373 985 460 Molirique
1018 378 1251 461 ignem,
1282 397 1608 457 nervoque
1642 386 1867 457 aptare
1902 376 2191 457 sagittas,

634 478 786 562 Ipse
818 480 984 541 inter
1016 476 1285 551 mediOS,
1320 474 1987 571 Venerisju-stissima
2015 497 2254 568 cti-1132,w

636 578 1013 641 Dardanius
1044 588 1261 661 caput,
1293 588 1466 652 ecce,
1502 598 1665 659 puer
1696 577 1992 641 detectus
2023 576 2390 651 honestum,

636 679 867 752 Qualis
899 701 1150 762 gemma
1179 679 1395 753 micat,
1427 676 1670 740 fulvum
1699 699 1848 759 quae
1880 677 2110 740 dividit
2139 670 2389 752 aurum,

472 780 593 844 135
640 780 781 843 Aut
810 778 977 843 collo
1006 781 1233 853 decuS‚
1266 788 1379 841 aut
1409 779 1641 860 capiti3
1689 776 1792 840 vel
1821 776 2011 861 quale
2043 799 2162 861 per
2191 789 2396 841 artem

636 882 963 947 Inclusum
994 882 1195 955 buxo,
1228 890 1341 942 aut
1374 878 1597 941 Oricia
1628 879 2021 955 terebinthO,

640 983 852 1047 Lucet
884 984 1083 1058 ebur;
1130 981 1310 1044 fusos
1342 980 1562 1043 cervix
1587 980 1693 1043 cui
1725 979 1931 1043 lactea
1961 982 2172 1044 crines

636 1084 900 1167 Accipit
930 1094 997 1146 et
1028 1081 1199 1145 molli
1231 1081 1625 1143 subnectens
1658 1079 1936 1143 circulus
1970 1103 2150 1145 auro,

634 1185 738 1248 Te
769 1206 1028 1267 quoque
1060 1184 1481 1265 magnanimae
1512 1182 1836 1257 viderunt,
1871 1181 2139 1258 Ismare,
2171 1194 2398 1265 gentes

470 1289 592 1352 140
636 1286 929 1350 Vulnera
957 1284 1259 1369 dirigere,
1292 1294 1359 1346 et
1388 1283 1664 1347 calamos
1697 1305 1946 1348 armare
1978 1307 2246 1361 venen0,

636 1386 923 1453 Maeonia
952 1408 1266 1469 generose
1297 1384 1525 1460 domo;
1573 1385 1685 1447 ubi
1717 1386 1982 1467 pinguia
2011 1384 2185 1449 culta

638 1490 1098 1570 Exercentque
1132 1485 1272 1561 viri,
1306 1483 1744 1567 Pactolusque
1773 1486 2001 1567 irrigat
2029 1507 2210 1548 auro.

636 1589 853 1654 Affuit
878 1599 945 1653 et
976 1585 1391 1661 MnestheuS‚
1424 1606 1618 1669 quem
1647 1585 1818 1669 pulsi
1845 1588 2119 1670 pristina
2148 1586 2360 1650 Turni

640 1692 909 1776 Aggere
940 1710 1289 1753 moerorum
1319 1684 1655 1751 sublimem
1683 1685 1890 1769 gloria
1918 1686 2117 1765 tollit;

472 1792 593 1856 145
639 1792 732 1856 Et
762 1790 1015 1875 Capys:
1063 1789 1213 1852 hinc
1241 1810 1477 1852 nomen
1505 1787 1856 1871 Campanae
1885 1788 2147 1851 ducitur
2175 1789 2342 1851 urbi.

723 1890 825 1955 Illi
852 1891 1022 1955 inter
1054 1912 1198 1953 sese
1230 1889 1379 1972 duri
1406 1889 1759 1953 certamina
1785 1886 1936 1951 belli

637 1990 1099 2056 Contulerant:
1147 1989 1361 2053 media
1394 1989 1640 2053 AEne'as
1671 1988 1840 2053 freta
1867 1998 2057 2051 nocte
2091 1990 2378 2052 secabat.

636 2092 964 2177 Namque,
994 2102 1069 2155 ut
1096 2092 1179 2155 ab
1211 2089 1524 2153 Evandro
1553 2089 1782 2153 castris
1812 2090 2146 2172 ingressus
2177 2088 2502 2166 EtrusciS,

534 2274 640 2321 131.
692 2274 852 2321 Moliri
906 2276 1067 2334 ignem
1139 2271 1415 2318 Nat-rantur
1467 2270 1590 2319 adeo

465 2336 664 2400 'I‘roJani
706 2336 855 2384 etiam
892 2351 1067 2400 parare
1108 2334 1247 2398 ignes
1284 2334 1494 2385 missiles
1526 2334 1588 2382 de

465 2402 607 2450 vallo.

532 2466 803 2516 132—138.
852 2466 1069 2513 Ornatus
1102 2464 1237 2512 locus
1274 2462 1335 2511 de
1378 2463 1502 2521 Iulo,
1535 2462 1588 2510 in

463 2530 611 2580 Juliae
632 2530 793 2593 gentis
829 2529 1049 2593 gratiam.
1116 2530 1302 2575 Veneris
1323 2526 1591 2589 justissima

463 2612 589 2653 eura,
614 2610 759 2657 quem
780 2594 955 2642 merito
984 2594 1178 2641 amabat
1199 2594 1382 2649 Venus,
1408 2590 1522 2653 quia
1545 2590 1589 2639 ei

464 2660 731 2708 debebatur
745 2657 1033 2721 imperium;
1058 2656 1136 2703 vel
1158 2655 1459 2719 simpliciter,
1476 2654 1592 2716 quia

464 2724 773 2772 dulcissimus
786 2737 923 2785 puer.
978 2720 1044 2778 Is,
1060 2720 1153 2769 etsi
1164 2722 1329 2781 jussus
1346 2719 1589 2767 abstinere

462 2803 629 2853 pugna
653 2788 782 2851 (sup.
814 2785 882 2845 ix,
920 2786 1031 2843 661,
1064 2784 1183 2845 662)
1224 2784 1440 2845 adeoque
1474 2782 1590 2831 hinc

465 2853 572 2901 sine
610 2852 773 2909 armis,
810 2860 969 2915 poetae
1010 2852 1107 2897 sine
1142 2851 1293 2911 galea,
1335 2857 1497 2895 tamen
1537 2846 1591 2894 in

464 2915 626 2965 medio
657 2914 983 2979 pugnantium
1018 2929 1045 2960 e
1068 2913 1220 2961 muris
1255 2920 1458 2975 repente
1492 2911 1586 2959 ite-

464 2994 575 3027 rum
620 2977 930 3041 conspicitur.
1006 2981 1155 3039 Caput
1186 2980 1429 3033 honestum,
1476 2976 1586 3038 pul-

465 3044 650 3091 chrum.
690 3044 853 3094 Qualis
869 3058 1059 3103 gemma.
1096 3038 1289 3089 Emicat
1300 3040 1430 3087 inter
1443 3050 1586 3087 caete-

464 3123 545 3155 ros
584 3106 831 3155 adstantes
869 3105 1005 3152 Iulus
1040 3105 1291 3161 formosus,
1316 3114 1371 3151 ut
1398 3118 1592 3166 gemma

466 3185 585 3218 auro
603 3169 805 3227 inclusa,
824 3176 911 3216 aut
925 3183 1048 3242 opus
1070 3168 1307 3216 eburnum
1329 3169 1490 3216 buxeo
1512 3166 1592 3216 vel

466 3233 796 3282 terebinthino
812 3248 1032 3295 margine
1054 3232 1322 3280 ambiente:
1348 3230 1594 3297 κειμήλιον

466 3298 661 3360 aliquod
704 3296 1024 3345 Homericum
1068 3312 1155 3345 seu
1194 3296 1405 3357 ἄγαλμα,
1446 3311 1589 3343 orna-

464 3372 700 3421 mentum,
722 3362 903 3425 cogitat
934 3370 1092 3425 poeta.
1148 3363 1249 3408 Aut
1268 3363 1381 3407 collo
1397 3367 1481 3408 aut
1510 3377 1588 3407 ea-

460 3431 558 3489 piti
575 3430 726 3484 decas,
749 3426 853 3474 sive
871 3434 927 3474 ut
942 3424 1113 3473 monili
1136 3425 1239 3472 sive
1256 3434 1312 3471 ut
1330 3423 1592 3471 diademati

466 3492 710 3539 inseratur
726 3505 931 3553 gemma.
972 3492 1131 3537 Oricia
1147 3491 1439 3537 terebinthus.
1475 3487 1590 3535 Ori-

465 3572 567 3613 cus,
594 3554 735 3618 Epiri
757 3554 928 3603 civitas
950 3552 1012 3601 ad
1034 3553 1194 3601 sinum
1223 3552 1431 3609 Ionium,
1450 3554 1593 3614 Juxta

467 3635 611 3682 quam
635 3618 851 3667 nascitur
867 3618 1171 3666 terebinthus
1188 3616 1380 3679 nigrum
1404 3616 1592 3679 lignum

466 3684 664 3732 habens.
720 3682 910 3730 Retulit
950 3692 1129 3739 autem,
1169 3680 1329 3744 inquit
1374 3680 1589 3737 Servius,

466 3746 877 3809 comparationem
914 3748 975 3794 ad
1000 3746 1259 3794 candidum
1282 3745 1486 3803 vultum,
1511 3748 1591 3806 qui

464 3819 569 3859 erat
590 3814 740 3873 nigris
762 3814 966 3859 crinibus
985 3814 1173 3857 cinctus.
1235 3811 1294 3857 In
1312 3811 1590 3857 hoc.tamen

466 3875 877 3940 comparationem
891 3875 1203 3923 constitutam
1220 3873 1371 3921 nolim
1388 3886 1562 3937 putare
1577 3891 1588 3927 ;

466 3940 537 3989 sic
556 3939 688 3987 enim
720 3938 850 3987 omni
890 3938 1126 4001 dig-nitate
1160 3948 1318 3993 caret3
1354 3936 1441 3985 sed
1463 3936 1592 3999 quod

468 4020 617 4068 supra
636 4002 793 4067 posui,
816 4002 946 4051 inter
980 4012 1180 4050 caeteros
1214 4002 1469 4049 bellatores
1492 4002 1589 4049 As-

468 4068 637 4116 canius
690 4076 981 4131 conspectus
1024 4066 1222 4128 effulget
1275 4065 1434 4119 nitore
1476 4065 1589 4115 oris.

467 4136 613 4181 Fusus
656 4136 817 4181 crines.
872 4129 1115 4195 Capillum
1152 4130 1444 4193 promissum
1485 4129 1588 4177 dia-

467 4196 610 4243 dema
644 4211 859 4254 aureum,
896 4195 1025 4259 quod
1059 4194 1189 4243 inter
1214 4192 1415 4257 Phrygii
1446 4193 1593 4242 luxua

466 4270 753 4308 ornamenta
800 4276 906 4308 esse
957 4259 1138 4317 debuit,
1193 4256 1390 4321 colligit.
1458 4260 1594 4307 Mola·

465 4340 591 4381 auro,
616 4324 813 4379 ductili3
850 4340 911 4371 ex
934 4324 1129 4372 bractea
1150 4339 1309 4372 aurea.

540 4388 629 4432 139
653 4402 752 4447 sqq.
790 4390 945 4434 Ornat
968 4404 1113 4450 porro
1147 4388 1307 4435 locum
1330 4387 1458 4435 binis
1482 4386 1590 4435 aliis

1652 2271 1899 2335 praeclaris
1919 2270 2038 2320 viris
2071 2270 2521 2329 commemorandis,
2545 2286 2623 2329 ne,
2647 2274 2778 2335 quod

1652 2346 1812 2411 poetae
1855 2346 1998 2411 turpe
2041 2344 2117 2384 est
2153 2336 2325 2410 facere,
2367 2335 2420 2382 in
2467 2336 2778 2398 generalibus

1654 2400 1798 2449 dictis
1830 2402 2061 2449 subsutat
2091 2409 2260 2457 oratio,
2282 2408 2432 2462 utque
2453 2416 2483 2447 a
2502 2416 2706 2450 numero
2727 2412 2780 2450 et

1653 2463 1966 2512 multitudine
1988 2464 2178 2512 animus
2211 2463 2491 2511 traducatur
2511 2464 2575 2512 ad
2595 2465 2774 2514 indivi-
2859 2474 2870 2485 ⁸

1653 2527 1750 2575 dua
1771 2538 1823 2575 et
1841 2527 2046 2591 singula.

1723 2594 1830 2649 140,
1871 2594 1978 2639 141.
2013 2594 2216 2639 Maeonia
2239 2607 2454 2655 generose
2488 2596 2644 2641 domo:
2687 2609 2774 2643 na·—

1655 2662 1734 2703 tus
1751 2655 1904 2703 nobili
1920 2672 2099 2718 genere
2117 2654 2170 2702 in
2185 2655 2352 2719 Lydia.
2409 2656 2520 2711 Quo
2537 2672 2652 2705 vero
2663 2660 2776 2719 Jure

1657 2720 1896 2767 Ismarum
1913 2719 2122 2783 Lydium
2136 2735 2325 2768 veneno
2345 2720 2664 2795 inungentem
2682 2723 2780 2771 tela

1653 2782 1886 2831 inducere
1973 2783 2155 2832 otuerit
2207 2792 2365 2848 poeta,
2419 2785 2586 2833 mirari
2645 2786 2774 2835 licet.

1657 2848 1878 2896 Maeones
1908 2800 1994 2896 illo
2029 2856 2248 2913 tempore
2283 2864 2382 2897 non
2421 2848 2542 2897 adeo
2587 2850 2778 2899 barbari

1654 2922 1806 2960 erant.
1861 2912 1959 2959 Sed
1993 2912 2124 2960 hunc
2161 2928 2346 2961 morem
2385 2928 2489 2961 esse
2519 2914 2776 2962 barbarum

1652 2985 1798 3039 poeta
1819 2992 2056 3039 nusquam
2079 2976 2230 3025 dixit:
2259 2986 2309 3025 et
2328 2992 2438 3025 cum
2460 2977 2670 3026 Rutulos
2692 2994 2775 3026 ve·

1654 3055 1782 3087 neno
1814 3040 1936 3088 inun
1970 3050 2108 3089 entes
2147 3040 2386 3090 vidissent
2427 3042 2538 3100 tela,
2579 3042 2780 3105 TroJani

1655 3104 1801 3151 etiam
1825 3104 1920 3153 sibi
1936 3057 2044 3152 5100
2077 3104 2228 3153 licere
2263 3106 2316 3152 in
2341 3106 2505 3154 hostes
2527 3115 2776 3169 putarunt.

1661 3168 1721 3216 In
1745 3169 1964 3232 Odyssea
1986 3187 2030 3227 α,
2055 3170 2150 3216 260
2181 3185 2284 3232 sqq.
2323 3169 2524 3233 Ulysses
2555 3180 2778 3219 narratur

1657 3232 1908 3307 Ephyram
1941 3233 2200 3297 profectus,
2223 3243 2278 3281 ut
2299 3249 2544 3282 venenum
2566 3250 2663 3297 quo
2685 3235 2780 3283 tela

1656 3312 1746 3345 sua
1767 3306 2026 3361 inungeret
2045 3296 2140 3345 sibi
2161 3306 2368 3361 pararet.

1726 3364 1832 3409 143.
1893 3362 2079 3409 Iterum
2123 3361 2286 3410 studet
2327 3361 2490 3425 gentis
2530 3362 2780 3411 Memmiae

1659 3424 1871 3473 nomini:
1908 3424 2003 3473 vid.
2027 3441 2073 3483 v,
2099 3426 2205 3476 117.

1726 3491 1832 3537 145.
1872 3492 2251 3552 Capys—Capua
2266 3510 2283 3538 .·
2330 3504 2394 3537 ex
2429 3488 2664 3553 opinione
2698 3489 2781 3538 ina

1658 3562 1877 3601 veterum
1931 3564 2059 3612 nota,
2102 3568 2131 3601 a
2175 3553 2361 3602 Groecis
2416 3569 2504 3601 ceu
2555 3554 2781 3615 Trojanis

1656 3617 1986 3667 conditoribus
2023 3617 2184 3681 repeti
2230 3617 2426 3666 urbium
2479 3618 2639 3666 Italiae
2683 3617 2777 3667 ori-

1655 3679 1808 3795 giness
1865 3682 1942 3730 De
1965 3684 2135 3746 Capua
2157 3698 2186 3731 a
2209 3684 2346 3746 Capy
2367 3682 2562 3730 condita
2583 3682 2646 3730 cf.
2673 3683 2778 3731 Liv.

1654 3744 1719 3803 iv,
1746 3749 1775 3793 3
1810 3779 1820 3791 .

1725 3810 1832 3868 146,
1861 3809 1966 3860 147.
2004 3812 2139 3859 Dum
2173 3809 2244 3857 ita
2309 3812 2582 3873 ugnabatur
2621 3810 2778 3859 utrin-

1657 3890 1764 3936 que,
1806 3874 1996 3922 interea
2034 3875 2217 3923 AEncas
2303 3890 2400 3922 aere
2438 3874 2608 3933 redux,
2651 3875 2782 3923 unde

1656 3938 1840 3986 auxilia
1870 3938 2152 3997 adducebat,
2178 3953 2205 3985 e
2227 3948 2375 4001 portu
2396 3940 2652 3987 Caeretano
2683 3939 2780 3987 sol-

1657 4017 1792 4061 vens,
1839 4002 1961 4050 mari
2005 4002 2099 4051 iter
2141 4002 2348 4051 faciebat
2391 4018 2501 4051 cum
2547 4002 2779 4059 navibus;

1656 4065 1773 4115 inde
1795 4068 1855 4115 ab
1889 4067 1977 4115 viii
2007 4076 2130 4115 extr.
2175 4066 2390 4129 Goqs'erre
2411 4084 2584 4126 manus,
2618 4084 2749 4115 arma
2763 4086 2780 4121 ‚-

1656 4130 1770 4180 hinc
1812 4130 1958 4179 etiam
2001 4148 2217 4195 pugnam.
2275 4134 2438 4179 Media
2487 4139 2630 4189 nocte,
2675 4146 2783 4195 quae

1657 4194 1786 4244 diem
1806 4211 1984 4259 pugnae
2001 4204 2278 4243 memoratoe
2293 4196 2514 4243 insecuta
2536 4204 2624 4245 est.
2675 4195 2779 4244 Ad-

1658 4269 1732 4308 est
1756 4260 1940 4309 AEneas
1963 4276 2074 4309 cum
2097 4259 2249 4308 classe
2265 4270 2463 4323 postero
2487 4259 2568 4308 die
2585 4269 2708 4318 orto,
2735 4270 2786 4308 et

1657 4339 1870 4387 pugnam
1896 4340 2069 4373 novam
2093 4326 2142 4372 in
2169 4340 2372 4373 escensu
2395 4324 2536 4373 facit:
2572 4323 2658 4372 inf.
2688 4326 2785 4373 260

1656 4404 1756 4451 sqq.
