3050 4934
430 237 563 308 282
1322 230 1851 300 AENEIDOS

604 385 738 462 Da,
769 393 981 468 pater,
1013 382 1391 466 augurium3
1437 392 1635 467 atque
1664 382 1893 446 animis
1922 379 2187 446 illabere
2216 381 2481 446 nostris.

471 487 559 551 90
603 486 739 550 Vix
767 509 848 551 ea
875 485 1050 550 fatus
1080 507 1279 562 eram,
1313 497 1589 550 tremere
1620 484 1833 548 omnia
1857 483 1999 548 visa
2025 495 2321 568 repente,

606 588 1015 672 Liminaque,
1046 586 1400 672 laurusque
1431 586 1576 664 dei3

1621 595 1933 669 totusque
1958 586 2203 650 moveri

604 689 805 754 Mons
837 691 1102 766 circum,
1135 699 1204 753 et
1230 689 1481 772 mugire
1511 688 1726 771 adytis
1754 687 2004 752 cortina
2032 685 2325 750 reclusiS.

603 791 925 856 Submissi
956 791 1235 875 petimus
1265 800 1528 865 terram,
1560 799 1629 853 et
1656 810 1784 851 vox
1814 787 2025 852 fertur
2050 787 2138 854 ad
2165 809 2392 852 aures:

603 892 1012 958 Dardanidae
1044 893 1216 969 duri,
1247 915 1396 975 quae
1425 913 1541 954 vos
1572 914 1613 956 a
1642 891 1845 974 stirpe
1876 901 2221 973 parentum

474 995 560 1059 95
607 994 827 1059 Prima
858 992 1005 1058 tulit
1036 992 1252 1069 tellus„
1281 992 1514 1058 eadem
1545 1014 1659 1056 vos
1694 993 1895 1056 ubere
1923 989 2077 1056 laeto

604 1095 909 1180 Accipiet
939 1095 1254 1164 reduces:
1301 1095 1637 1177 antiquam
1660 1093 1987 1178 exquirite
2018 1104 2307 1158 matrem.

603 1197 738 1262 Hic
769 1197 1000 1262 domus
1031 1196 1269 1262 AEneae
1299 1196 1550 1260 cunctis
1582 1194 2018 1260 dominabitur
2046 1195 2200 1270 oriS,

605 1299 701 1363 Et
729 1299 866 1362 nati
893 1309 1217 1374 natorum,
1247 1307 1316 1362 et
1345 1297 1458 1380 qui
1486 1306 1835 1360 nascentur
1864 1295 1949 1360 ab
1978 1294 2123 1360 illis.

602 1399 772 1464 Haec
804 1399 1140 1465 Phoebus:
1186 1399 1517 1480 mixtoque
1550 1398 1777 1479 ingens
1806 1405 2039 1460 exorta
2066 1395 2345 1460 tumultu

435 1503 559 1566 100
605 1500 905 1577 Laetitis3
951 1510 1020 1563 et
1048 1499 1286 1575 cuncti,
1319 1520 1468 1581 quae
1497 1497 1627 1560 sint
1653 1519 1733 1560 ea
1760 1497 2018 1574 moenia,
2050 1509 2384 1581 quaerunt3

569 1591 582 1598 ’
606 1602 760 1675 Quo
790 1600 1088 1665 Phoebus
1121 1611 1309 1664 vocet
1337 1609 1657 1674 erranteS,
1677 1599 2037 1681 jubeatque
2068 1599 2327 1662 reverti.

598 1703 775 1768 Tum
805 1703 1084 1787 genitor,
1114 1712 1405 1766 veterum
1435 1699 1697 1764 volvens
1724 1711 2139 1764 monumenta
2165 1700 2469 1776 virorum,

601 1804 877 1881 Audite,
909 1826 950 1867 o
977 1825 1309 1888 procereS,
1339 1802 1454 1878 ait,
1483 1811 1553 1864 et
1582 1823 1732 1884 spes
1764 1801 1993 1865 discite
2020 1811 2293 1866 vestras.

603 1906 804 1970 Creta
833 1904 1018 1970 Jovis
1048 1905 1264 1986 magni
1291 1902 1504 1966 medio
1525 1902 1707 1986 jacet
1735 1901 1945 1966 insula
1973 1913 2213 1986 pont03

430 2110 538 2158 quae
573 2094 799 2168 exemplo
833 2108 932 2141 non
970 2101 1105 2140 caret
1140 2091 1275 2155 (vide
1314 2107 1358 2139 v.
1393 2108 1433 2139 c.
1469 2091 1555 2138 inf.

433 2175 476 2206 v.
513 2159 622 2216 265,
657 2159 742 2205 ubi
775 2157 923 2204 etiam
944 2155 1066 2203 deflt
1096 2155 1286 2217 inquit),
1317 2154 1561 2218 significat

430 2230 578 2286 poeta
613 2221 824 2278 AEneam
861 2236 968 2268 esse
998 2219 1274 2282 ingressum
1305 2228 1404 2268 tem
1439 2219 1557 2276 lum,

432 2285 658 2334 adorasse
687 2284 847 2341 deum,
869 2295 919 2332 et
938 2299 1111 2348 preces
1143 2283 1329 2332 fecisse.
1432 2283 1559 2331 atius

432 2349 656 2398 evolvere
675 2347 875 2412 Virgilii
890 2349 1040 2397 verbs.
1055 2347 1250 2396 videtur
1265 2347 1408 2396 ovid.
1433 2347 1557 2396 Met.

431 2413 537 2472 xiii,
573 2413 846 2464 633—637.
909 2415 1096 2474 Templa
1127 2430 1238 2461 saxo
1269 2420 1450 2460 structa
1479 2428 1555 2460 ve-

433 2485 567 2536 tusto,
622 2477 732 2540 quis
778 2476 970 2526 dubitet
1013 2493 1120 2526 esse
1174 2485 1395 2525 vetustum
1445 2483 1556 2524 tem-

424 2545 590 2605 plum?
635 2545 728 2600 Da,
751 2541 941 2598 indica3
976 2545 1092 2590 data
1109 2539 1226 2602 fata
1257 2557 1363 2604 sup.
1387 2541 1419 2597 i,
1447 2541 1557 2588 382.

431 2608 692 2668 Propriam,
731 2616 1034 2671 perpetuam,
1074 2604 1313 2663 stabilem,
1353 2605 1558 2656 firmam.

437 2673 756 2733 Thymbraemn
777 2671 824 2718 h.
847 2671 878 2719 l.
903 2669 1119 2734 appellat
1143 2669 1278 2718 nulls
1297 2669 1394 2718 alia
1415 2684 1561 2730 quam

432 2733 625 2798 poetica
658 2734 874 2790 ratione3
925 2733 1018 2782 etsi
1050 2733 1244 2798 'patrius
1284 2743 1388 2781 erat
1422 2729 1558 2782 deu's.

438 2799 671 2872 Thymbra
703 2809 809 2846 erat
838 2797 1046 2846 Troadis
1081 2797 1218 2845 vicus
1257 2809 1368 2845 cum
1403 2797 1557 2860 Apol-

433 2860 551 2910 linis
571 2861 681 2910 luco
701 2877 758 2910 sc
785 2863 982 2926 templo.
1041 2861 1110 2909 Et
1135 2877 1282 2924 genus
1314 2861 1442 2909 inter
1464 2877 1557 2908 cae-

435 2935 555 2982 tera,
601 2929 791 2984 domum,
829 2929 1010 2982 Μία,
1064 2929 1233 2983 urbem,
1280 2924 1412 2973 aliud
1454 2941 1561 2974 esse

435 2989 622 3051 nequit²
655 3005 801 3053 quam
839 2989 976 3038 locus
1009 2988 1175 3053 generi
1211 2989 1387 3048 futuro,
1421 2989 1564 3038 sedes

434 3052 616 3116 stirpis,
657 3070 686 3102 a
727 3068 824 3115 qua
861 3068 989 3101 nova
1021 3053 1282 3127 posteritas
1321 3053 1561 3116 orig-inem

434 3116 595 3165 ducat.
663 3116 950 3179 Respondet
982 3117 1146 3179 igitur,
1169 3119 1238 3179 τᾷ
1262 3120 1430 3174 domm,
1455 3133 1563 3180 quae

436 3179 545 3228 sine
566 3189 702 3228 certa
732 3179 848 3228 sede
881 3195 988 3229 esse
1019 3189 1184 3244 potest
1215 3181 1362 3230 nulla.
1430 3183 1560 3230 Reli-

435 3247 570 3306 quias
589 3245 805 3292 Danaam
823 3262 838 3291 .·
879 3243 939 3291 cf.
973 3259 1080 3319 sup.
1117 3243 1147 3302 i,
1188 3247 1264 3293 30.
1321 3249 1400 3294 Da
1425 3254 1565 3307 pater

436 3311 697 3370 angurium,
729 3307 954 3370 exemplo
977 3307 1160 3356 Priami
1192 3309 1288 3358 iter
1319 3309 1372 3357 in
1404 3319 1563 3358 castra

439 3370 739 3426 Achivorum
776 3371 1008 3436 parantis,
1048 3372 1188 3425 Iliad.
1229 3392 1279 3432 ω,
1321 3375 1416 3421 310
1459 3389 1561 3436 sqq.

438 3437 620 3484 Animis
651 3439 840 3488 illabere
871 3440 1053 3486 ηωένὶε.
1121 3437 1327 3501 Proprie
1351 3439 1565 3492 Phoebus

438 3499 693 3548 descendit
722 3499 776 3547 in
807 3512 1022 3552 mentem
1049 3501 1176 3550 vatis
1208 3502 1312 3558 suiz
1347 3501 1566 3551 insinuat

437 3579 506 3622 se,
525 3579 664 3612 suam
681 3563 795 3621 vim,
815 3566 919 3626 ejus
941 3565 1128 3621 animm
1151 3565 1199 3614 h.
1218 3566 1250 3613 1.
1275 3565 1424 3615 etiam
1444 3566 1559 3624 illis,

436 3626 614 3690 quibus
641 3636 770 3676 sorte
793 3627 906 3676 dats
935 3645 1040 3684 rem
1069 3631 1324 3680 obscuram
1349 3629 1565 3694 explicat

439 3700 492 3738 et
520 3690 745 3749 illustrat,
779 3689 958 3753 φράζει.
1025 3696 1286 3758 Augurium
1317 3710 1432 3743 vero
1452 3695 1502 3742 h.
1523 3694 1558 3742 1.

437 3771 528 3819 pro
549 3755 758 3812 oraculo,
781 3764 837 3802 ut
866 3755 1012 3804 etiam
1047 3757 1177 3808 alibi.
1235 3759 1447 3807 Oraculo
1472 3773 1558 3806 su-

437 3829 537 3867 tem
573 3834 662 3882 pro
697 3817 770 3866 rie
810 3827 913 3866 erat
946 3820 1096 3878 locus,
1134 3822 1288 3871 veteri
1323 3837 1471 3879 more,
1507 3821 1561 3870 in

437 3882 579 3932 novis
599 3898 624 3930 s
691 3882 798 3931 'bus
819 3883 1106 3944 quaerendis.

503 3947 710 3996 90—92.
760 3945 992 3994 sollenne
1027 3957 1102 3994 est
1138 3948 1309 4012 poetis,
1347 3949 1563 3998 numinis

437 4019 618 4059 sortem
649 4009 828 4059 edituri
860 4010 1170 4075 praesentiam
1201 4012 1271 4060 its
1301 4013 1560 4071 declarare,

435 4084 492 4122 ut
523 4082 672 4123 totam
705 4089 870 4122 rerum
902 4082 1128 4122 naturam
1159 4091 1340 4125 numen
1377 4077 1561 4126 sentire

435 4139 718 4200 moverique
757 4139 969 4201 fingant:
1014 4153 1270 4188 commune
1303 4140 1355 4188 id
1387 4141 1557 4203 ἐπιφα-

437 4200 582 4250 νείαις
617 4201 833 4258 deorum,
875 4202 1020 4250 etism
1061 4201 1113 4250 in
1151 4203 1286 4252 festis
1327 4214 1375 4252 et
1409 4205 1559 4254 sacris

436 4279 546 4326 quae
566 4263 620 4312 in
643 4279 810 4312 eorum
831 4267 1066 4314 bonorem
1086 4267 1404 4316 celebrantur.
1451 4273 1557 4318 Om—

437 4332 518 4376 m'a
551 4327 728 4376 deinde
759 4344 849 4392 per
880 4329 1068 4393 species
1099 4330 1400 4380 redduntur:
1435 4335 1557 4381 limi-

437 4407 585 4455 nsque
617 4393 874 4454 laurusque.
941 4395 1074 4442 Mons
1093 4399 1286 4453 circum,
1311 4396 1558 4459 Cynthus3

1623 2106 1735 2138 nam
1770 2091 2003 2154 templum
2041 2091 2092 2137 in
2126 2105 2297 2154 campo
2329 2089 2492 2138 situm.
2544 2093 2751 2150 eortina,

1624 2153 1785 2214 ὅλμος,
1822 2155 2104 2218 operculum
2144 2153 2361 2218 tripodis,
2401 2158 2563 2218 sugit,
2601 2165 2753 2205 vento

1622 2219 1939 2268 subterraneo
1984 2235 2037 2267 e·
2050 2233 2214 2283 specu,
2260 2218 2341 2266 cui
2385 2218 2616 2282 imposita
2659 2229 2749 2277 est,

1624 2293 1869 2345 surgente,
1893 2281 2133 2346 siquidem
2155 2282 2353 2331 credere
2385 2282 2514 2340 licet,
2539 2283 2603 2332 sd
2626 2283 2749 2332 Del-

1656 2347 1753 2394 hici
1798 2346 2005 2410 tripodis
2040 2347 2196 2396 instar
2234 2347 2339 2396 haec
2380 2346 2533 2396 fuisse
2576 2348 2751 2397 adum-

1622 2363 1773 2458 brata.
1831 2415 2005 2474 Adytis
2033 2415 2237 2470 reclusis,
2264 2411 2372 2476 ipso
2402 2411 2575 2475 templi
2596 2429 2751 2476 pene-

1624 2474 1733 2523 trali
1756 2491 1845 2538 per
1866 2485 2053 2524 motum
2075 2485 2218 2524 terrae
2238 2476 2494 2540 patefacto.

1690 2541 1766 2588 93.
1803 2543 2025 2588 Submissi
2052 2543 2249 2602 petinam
2278 2549 2463 2598 terram,
2492 2539 2755 2603 exquisite,

1625 2619 1715 2668 pro
1736 2603 1998 2661 volvimun
2029 2604 2324 2654 Lucretiam
2344 2604 2575 2668 loquendi
2598 2621 2751 2654 more.

1700 2669 1910 2716 94—98.
1960 2669 2239 2728 oraculum,
2283 2684 2460 2732 magns
2498 2685 2611 2718 cum
2646 2679 2755 2719 arte

1628 2732 1788 2780 verbis
1816 2733 2166 2796 sententiisque
2187 2733 2429 2796 ambiguis
2450 2745 2502 2782 et
2532 2735 2755 2783 obscuris

1622 2805 1927 2860 conceptum,
1957 2797 2162 2856 Italiam,
2193 2797 2323 2846 unde
2359 2798 2620 2847 Dardanus
2652 2799 2753 2848 ori-

1624 2860 1789 2924 ginem
1806 2861 1985 2910 habere
2008 2862 2265 2919 ferebatur,
2289 2861 2515 2926 respicit:
2543 2861 2641 2911 vid.
2665 2863 2753 2912 inf.

1631 2926 1749 2973 163:
1787 2935 1931 2988 atque
1954 2925 2069 2974 hinc
2090 2929 2407 2984 Dardanidas,
2430 2942 2531 2975 non
2560 2929 2758 2976 Teucros

1627 2998 1713 3037 sut
1752 2989 1848 3038 alio
1890 2991 2102 3047 nomine,
2151 3005 2283 3039 nunc
2333 2991 2603 3055 appellatos
2650 2991 2759 3042 vult

1629 3053 1845 3102 Mser-ob.
1906 3057 2047 3112 Duri,
2087 3055 2277 3104 labores
2312 3064 2383 3103 tot
2420 3056 2628 3120 experti,
2664 3075 2755 3105 m-

1626 3115 1937 3178 λυτλήμονες.
1999 3121 2123 3168 Uber
2144 3127 2281 3168 ειη-ω
2300 3120 2504 3182 antiqua
2522 3119 2758 3184 loquendi

1628 3181 1783 3230 forma
1814 3182 1867 3230 in
1899 3192 2125 3232 ornatum
2147 3199 2314 3232 versa:
2350 3183 2446 3232 vid.
2476 3184 2553 3232 ad.
2580 3185 2613 3242 i,
2640 3187 2753 3244 531,

1622 3246 1676 3308 Ji.
1700 3245 1733 3292 l.
1756 3261 1846 3310 pro
1876 3246 1983 3310 ipso
2011 3246 2129 3295 solo.
2188 3247 2375 3298 Versus
2397 3248 2475 3307 97,
2500 3251 2579 3308 98,
2611 3249 2755 3299 nobi-

1626 3308 1800 3358 lissimi
1833 3309 1906 3358 illi
1947 3311 2201 3359 Homerici
2234 3323 2352 3360 sunt
2386 3313 2527 3362 Iliad.
2566 3333 2607 3372 υ,
2642 3315 2755 3373 307,

1629 3375 1739 3433 308,
1764 3375 1863 3423 Νῦν
1885 3373 1937 3422 δὲ
1969 3375 2027 3432 δὴ
2048 3373 2235 3424 Αἰνείαο
2270 3375 2354 3436 βίη
2376 3377 2617 3439 Τρόεσσιν
2638 3377 2753 3428 ἂνά-

1628 3441 1709 3499 ξει,
1736 3437 1827 3486 Καὶ
1858 3439 2023 3488 παῖδες
2053 3437 2243 3498 παίδων,
2270 3439 2350 3489 τοί
2379 3459 2465 3490 κεν
2492 3441 2755 3502 μετόπισθε

1627 3499 1859 3562 γένοιντο,
1885 3517 1949 3550 ex
1972 3503 2195 3566 Neptuni
2216 3521 2427 3570 persona
2444 3505 2592 3564 dicti;
2622 3523 2754 3556 nunc

1625 3565 1831 3614 feliciter
1852 3566 1905 3614 in
1927 3575 2109 3616 sortem
2131 3568 2377 3633 Apollinis
2396 3569 2538 3619 versi.

1696 3631 1801 3678 102.
1845 3633 2045 3688 Volscus,
2078 3631 2334 3682 revolvens
2365 3634 2529 3682 animo
2564 3645 2757 3686 veteres

1625 3693 1867 3744 historias.
1934 3695 2078 3750 Quod
2121 3707 2284 3746 autem
2326 3699 2559 3748 Anchisae
2598 3699 2753 3749 inter-

1626 3758 1780 3822 pretis
1820 3759 1967 3821 huius
2016 3759 2200 3809 oraculi
2246 3771 2411 3826 partes
2455 3763 2754 3824 tribuuntur,

1626 3822 1719 3870 etsi
1758 3838 1888 3870 nunc
1931 3839 2105 3888 parum
2147 3825 2369 3875 sollerter
2400 3843 2459 3876 ea
2496 3826 2549 3875 in
2588 3845 2644 3877 re
2682 3840 2758 3879 est

1624 3896 1859 3961 versatus,
1885 3887 1943 3934 fit
1972 3887 2095 3936 illud
2124 3887 2302 3963 idonea
2322 3891 2383 3939 de
2402 3891 2607 3950 ratione,
2630 3909 2753 3956 quo-

1626 3966 1758 3998 mam
1779 3966 1883 3998 sive
1906 3962 2173 4001 senectutis
2190 3955 2492 4014 auctoritate,
2514 3956 2621 4006 sive
2642 3973 2753 4007 mu-

1627 4029 1745 4064 nere
1786 4014 1996 4066 Veneris
2032 4015 2271 4090 singulari
2312 4020 2405 4070 hoc
2444 4019 2539 4069 sibi
2575 4023 2751 4086 praeci-

1622 4094 1775 4142 puum
1798 4079 1947 4131 habet
1964 4081 2218 4130 Anchises.

1687 4145 1793 4190 103.
1819 4144 2117 4208 Comparant
2128 4144 2251 4194 illud
2264 4148 2437 4212 odyss.
2452 4152 2501 4206 β,
2516 4150 2627 4198 229.
2658 4148 2751 4200 Κέ-

1624 4215 1773 4256 nam-e
1796 4207 1853 4264 δὴ
1873 4210 1955 4258 νῦν
1974 4228 2077 4270 μευ,
2103 4210 2371 4270 Ἰθακήσιοι,
2396 4212 2501 4261 ὅττι
2522 4231 2609 4261 κεν
2622 4215 2751 4264 εἴπω.

1696 4273 1801 4320 104.
1840 4272 2119 4337 Expressus
2142 4273 2279 4324 locus
2300 4293 2363 4324 ex
2386 4277 2558 4342 Odyss.
2583 4297 2629 4337 τ,
2660 4278 2755 4329 172

1625 4351 1727 4397 sqq.
1776 4339 2029 4394 Cunabula,
2051 4337 2265 4400 origines
2283 4341 2455 4404 vulgm
2484 4357 2593 4404 quae
2613 4358 2750 4392 com-

1625 4414 1797 4449 munes
1820 4400 1953 4450 fuere
1976 4400 2105 4450 inter
2126 4403 2324 4453 Cretam
2346 4413 2398 4453 et
2418 4405 2677 4454 Troadem.

3039 4001 3048 4714 ———-——-—-..-—-——-
