3050 4934
493 239 580 304 80

1327 233 1999 302 GEORGICON

487 389 620 453 310
664 389 886 462 Quum
915 387 1028 451 nix
1059 385 1190 451 alta
1210 387 1413 471 jacet,
1444 385 1719 471 glaciem
1744 407 1947 470 quum
1972 381 2239 448 flumina
2268 382 2569 446 trudunt.

753 488 937 562 Quid
964 499 1388 573 tempestates
1417 487 1749 552 auctumni
1776 497 1845 550 et
1876 485 2094 550 sidera
2124 484 2382 548 dicam?

661 590 912 675 Atque,
945 591 1059 655 ubi
1078 591 1216 675 jam
1243 590 1637 672 breviorque
1668 588 1809 652 dies
1840 597 1911 651 et
1936 585 2190 650 mollior
2220 595 2441 660 aestas,

663 691 836 764 Quoe
863 690 1190 775 vigilanda
1217 691 1416 755 viris?
1459 689 1565 754 vel
1592 711 1795 774 quum
1824 688 1955 752 ruit
1984 685 2385 750 imbriferum
2412 705 2553 760 ver,

665 793 902 878 Spicea
922 793 1060 877 jam
1087 794 1332 876 campis
1363 813 1565 876 quum
1594 790 1823 854 messis
1852 787 2199 863 inhorruit,
2232 797 2301 850 et
2330 806 2531 869 quum

489 894 620 959 315
661 893 1020 958 Frumenta
1049 894 1116 957 in
1144 893 1333 957 viridi
1365 891 1607 976 stipula
1634 890 1941 955 lactentia
1970 889 2280 972 turgent?

663 996 858 1079 Saepe
891 1017 1038 1079 ego,
1071 1017 1274 1078 quum
1300 993 1485 1057 flavis
1510 1012 1865 1056 messorem
1892 990 2232 1054 induceret
2260 989 2433 1051 arvis

660 1094 998 1180 Agricola,
1029 1105 1098 1159 et
1123 1093 1339 1178 fragili
1357 1095 1496 1178 jam
1527 1094 1880 1176 stringeret
1908 1089 2161 1155 hordea
2188 1087 2425 1165 culmo,

664 1196 904 1261 Omnia
933 1207 1272 1260 ventorum
1301 1215 1690 1259 concurrere
1720 1190 1953 1276 proelia
1983 1191 2139 1267 vidi,

664 1297 838 1370 Quae
865 1297 1197 1381 gravidam
1225 1295 1356 1359 late
1387 1303 1679 1378 segetem
1706 1292 1792 1355 ab
1820 1290 2153 1355 radicibus
2184 1290 2329 1354 imis

491 1399 621 1464 320
664 1397 956 1463 Sublime
987 1396 1327 1482 expulsam
1357 1406 1701 1472 eruerent3
1729 1394 1819 1457 ita
1848 1393 2110 1456 turbine
2138 1393 2329 1475 nigro

661 1498 898 1563 Ferret
925 1498 1130 1562 hiems
1163 1497 1573 1581 culmumque
1603 1495 1811 1558 levem
1842 1493 2247 1578 stipulasque
2278 1490 2591 1557 volantes-

665 1599 860 1684 Saepe
891 1600 1085 1663 etiam
1114 1599 1496 1662 immensum
1525 1595 1695 1660 coelo
1722 1596 1898 1658 venit
1924 1616 2157 1678 agmen
2186 1615 2523 1677 aquarum,

665 1699 761 1764 Et
787 1698 1032 1764 foedam
1061 1699 1423 1783 glomerant
1454 1707 1909 1780 tempestatem
1937 1696 2251 1760 imbribus
2281 1695 2439 1759 atris

665 1800 974 1866 Collectae
1003 1823 1090 1864 ex
1119 1799 1252 1864 alto
1281 1800 1528 1864 nubes:
1563 1799 1695 1862 ruit
1724 1797 1969 1860 arduus
2000 1795 2231 1872 aether,

492 1905 622 1968 325
667 1903 761 1968 Et
791 1901 1010 1986 pluvia
1037 1902 1286 1985 ingenti
1319 1911 1460 1964 sata
1489 1899 1641 1962 laeta
1666 1900 1994 1982 boumque
2024 1896 2283 1962 labores

667 2003 915 2080 Diluit;
957 2000 1308 2086 implentur
1336 2000 1555 2076 fossae,
1588 2011 1658 2064 et
1684 2022 1843 2064 cava
1872 1999 2139 2063 flumina
2166 2009 2469 2064 crescunt

667 2104 836 2167 Cum
865 2104 1118 2180 sonitu3
1150 2102 1488 2186 fervetque
1518 2100 1704 2165 fretis
1738 2101 2134 2185 spirantibus
2166 2121 2415 2184 oequor.

491 2301 640 2358 poeta
659 2306 751 2356 pro
772 2289 924 2338 funda
951 2290 1091 2348 dixit,
1117 2306 1145 2338 e
1177 2299 1322 2364 sgipa
1347 2289 1487 2346 facta,
1511 2303 1617 2336 ma-

488 2359 598 2419 jore
629 2364 819 2414 ornatu,
855 2364 1095 2417 quatenus
1127 2370 1186 2402 ea
1216 2355 1454 2410 verberat,
1489 2353 1617 2410 ferit,

495 2420 676 2469 emisso
705 2435 839 2478 saxo,
871 2419 1000 2481 quod
1020 2418 1200 2482 jacitur
1229 2418 1618 2481 circumagendo,

495 2485 768 2597 tor§lule-¹1:¹3o
761 2481 1202 2622 l'ssffit'l'tantipestates
1224 2546 1488 2622 subJung-it,
1515 2561 1623 2609 quae

493 2612 684 2661 duabus
715 2612 962 2677 praecipue
991 2627 1108 2660 anm
1139 2613 1361 2675 partibus
1391 2611 1619 2674 frequen-

495 2677 595 2724 tius
613 2676 841 2738 ingruere
860 2677 1031 2734 solent,
1047 2677 1138 2724 sub
1161 2676 1410 2750 auctumni
1420 2675 1623 2750 initium

495 2740 1622 2862 ;·,3‚¹¹³·123²2:123„2„mmhae0

493 2867 634 2925 dixit,
659 2876 711 2915 et
731 2883 876 2930 quam
897 2867 1129 2932 proclivis
1148 2869 1262 2918 hinc
1283 2868 1345 2916 ad
1367 2867 1620 2916 ornatissi-

495 2945 626 2980 mam
669 2933 974 2995 tempestatis
1023 2933 1206 2980 aestivae
1240 2933 1397 2980 deseri
1435 2931 1623 2979 tionem

496 2996 604 3044 viai
664 2999 829 3045 Sidera
861 3000 1108 3054 auctumni,
1132 2997 1244 3058 quia
1267 2996 1327 3045 ad
1357 2949 1518 3044 sigera
1540 3011 1619 3042 or-

497 3069 576 3109 tus
607 3069 658 3108 et
683 3075 883 3108 occasus
913 3069 1258 3123 tempestatum
1291 3069 1390 3108 tem
1457 3075 1513 3108 ra
1544 3069 1617 3107 at-

497 3139 594 3188 que
627 3124 774 3172 etiam
807 3139 980 3172 causas
1012 3124 1314 3172 referebant:
1350 3141 1376 3171 c
1397 3159 1410 3171 .
1436 3140 1481 3172 v.
1507 3125 1617 3172 335.

495 3191 662 3251 Atque
675 3188 792 3250 quid
812 3188 984 3245 dicam,
1003 3205 1103 3250 quae
1117 3191 1351 3250 vigilanda
1371 3191 1486 3237 viris
1503 3187 1618 3246 sint,

496 3255 578 3299 ubi
597 3253 704 3314 jam
738 3255 952 3300 brevior?
985 3267 1093 3315 quae
1123 3249 1338 3300 curanda
1367 3263 1418 3300 et
1449 3253 1619 3316 provi-

495 3315 656 3364 denda
685 3317 746 3364 ab
771 3315 998 3378 agricolis
1025 3317 1116 3363 sub
1147 3327 1478 3374 auctumnum,
1502 3316 1619 3364 inde

496 3394 528 3427 a
549 3379 710 3427 medio
733 3379 971 3442 Aug-usto,
987 3379 1086 3436 ubi,
1123 3383 1300 3427 mollior
1330 3388 1482 3438 aestae,
1507 3395 1621 3428 cum

495 3443 833 3492 veliementior
877 3453 1026 3492 oestus
1065 3447 1170 3506 jam
1201 3443 1392 3492 remisit
1423 3459 1504 3500 se3
1551 3447 1625 3492 vel

493 3525 632 3572 quum
663 3511 760 3555 ruit
791 3505 1076 3570 imbriferum
1107 3525 1200 3566 ver,
1237 3523 1406 3556 mense
1441 3508 1621 3571 Aprili,

493 3573 626 3622 circa
667 3571 996 3636 Vergiliarum
1046 3581 1297 3622 exortum:
1355 3572 1621 3620 videndum

492 3653 641 3696 nunc,
677 3636 908 3685 imbrium
943 3636 1278 3700 ingruentium
1309 3637 1359 3685 vi
1403 3653 1466 3685 ne
1503 3637 1620 3685 anni

493 3718 622 3814 {petz
645 3718 674 3750 a
703 3701 932 3813 plrocggis
962 3701 1263 3768 profligetur,
1290 3701 1621 3765 sementisque

543 3783 570 3814 c
671 3781 727 3814 ro
745 3781 809 3814 ua
891 3800 904 3812 .

561 3783 672 3887 8141:
698 3831 807 3878 315.
843 3831 1049 3878 Hor-rere
1073 3829 1192 3889 (vid.
1218 3829 1278 3876 ad
1298 3844 1342 3877 v.
1374 3827 1490 3890 151)
1511 3835 1622 3892 agn·

495 3903 584 3968 aut
597 3903 796 4004 ἕζεαι
839 3902 891 3941 et
901 3900 1034 4006 ιιειακι
1075 3891 1318 4004 ᾶίοὲιηὶυτι
1349 3893 1466 3950 fere,
1505 3909 1619 4006 qtalcm

495 3971 594 4005 ans
684 3973 900 4019 jamma
955 3971 1194 4012 raesun3
1263 3991 1276 4004 .
1321 3973 1494 4020 ‚seges
1596 3985 1615 3996 -

497 4029 703 4078 texens,
726 4021 780 4069 in
807 4025 982 4085 stipula
1005 4023 1054 4069 h.
1079 4021 1242 4070 culmo
1269 4025 1424 4068 viridi.
1491 4023 1613 4070 Lae-

496 4087 644 4132 tentia
665 4092 851 4148 turgeat
879 4085 1076 4151 plenius
1095 4085 1244 4134 etiam
1265 4085 1450 4133 dictum
1473 4101 1619 4147 quam

491 4147 697 4210 lactent:
721 4160 888 4198 amant
898 4167 1068 4200 vocem
1080 4161 1252 4216 poetae.
1279 4149 1421 4198 ovid.
1437 4150 1567 4198 Fast.
1584 4151 1617 4210 i,

497 4213 608 4269 351,
631 4219 736 4260 sata
759 4219 926 4262 teneris
949 4219 1168 4264 lactentia
1188 4217 1336 4264 succis
1349 4234 1368 4269 ,·
1401 4224 1454 4262 et
1604 4251 1617 4262 .

563 4276 672 4334 316,
699 4275 807 4326 817.
842 4278 1008 4332 Quid?
1045 4279 1188 4344 quod,
1220 4278 1272 4327 id
1301 4279 1431 4342 quod
1463 4230 1620 4328 ωιειςῐο

495 4341 653 4402 maius
677 4348 764 4398 est,
787 4340 840 4388 in
865 4341 971 4404 ipsa
991 4357 1149 4392 messe
1169 4343 1398 4408 procellae
1419 4353 1502 4392 aut
1523 4343 1616 4392 im-

497 4405 610 4452 bres
629 4419 760 4468 soepe
783 4404 1032 4467 ingruunt.
1081 4409 1265 4470 Frugi&
1285 4411 1454 4458 hordea
1475 4412 1621 4458 enam

1684 2287 1806 2335 dicit
1836 2296 1994 2351 poeta,
2031 2303 2120 2352 pro
2160 2287 2361 2336 hordeis
2392 2287 2485 2336 sim
2518 2287 2692 2346 liciter,
2726 2297 2819 2338 aut

1684 2362 1817 2400 certe
1862 2352 2037 2400 culmis
2080 2352 2332 2416 fragilibus
2376 2353 2467 2400 hor
2498 2353 2573 2408 εἰς
2608 2367 2707 2400 non
2748 2353 2819 2402 de

1685 2425 1821 2464 certo
1859 2416 2029 2464 hordei
2064 2431 2269 2480 genere:
2313 2417 2403 2465 hos
2438 2417 2625 2464 culmos
2662 2421 2815 2465 etr-in-

1681 2489 1813 2543 gane,
1852 2481 1935 2544 qui
1972 2481 2095 2528 falce
2134 2489 2327 2536 secantg
2362 2481 2479 2530 dum
2512 2481 2686 2529 falcem
2722 2482 2813 2529 ad·

1688 2555 1902 2602 movent,
1948 2554 2157 2608 tangunt
2208 2544 2399 2594 scilicet
2448 2554 2499 2593 et
2546 2545 2811 2608 stringunt.

1690 2609 1861 2658 Solent
1881 2619 2045 2658 autem
2066 2619 2225 2674 poetae
2248 2609 2299 2657 id
2321 2609 2448 2671 quod
2470 2609 2645 2673 agitur,
2670 2625 2701 2658 a
2722 2625 2813 2658 va-

1686 2672 1775 2721 riis
1797 2673 2003 2722 actionis
2026 2674 2288 2722 momentis
2310 2673 2580 2737 designare.

1754 2739 1864 2796 318,
1902 2739 2012 2785 321.
2054 2740 2297 2786 Ventorum
2333 2742 2505 2800 proelt'a
2544 2755 2817 2788 mean-ero

1687 2801 1883 2866 plenius
1906 2817 2049 2864 quam
2070 2811 2241 2850 ventos
2258 2817 2577 2858 concurrere3
2602 2811 2659 2852 ut
2679 2803 2815 2852 acies

1689 2865 1749 2914 ad
1768 2881 1982 2930 pugnam
2000 2865 2284 2914 faciendam.
2328 2870 2466 2929 Seges
2477 2870 2677 2929 pavida
2692 2882 2813 2931 pro-

1689 2931 1795 2994 prie
1818 2945 1879 2978 ex
1901 2947 2014 2993 agro
2028 2934 2234 2993 gravido.
2294 2931 2392 2978 Sed
2412 2939 2573 2994 poeta!
2592 2945 2737 2979 omne
2762 2932 2813 2980 id

1683 2998 1927 3057 gravidum
1970 2995 2153 3042 dixisse
2188 2995 2430 3052 videntur,
2471 2995 2589 3044 item
2620 2994 2813 3057 ,ἴασαι-

1686 3062 1807 3117 dum,
1832 3059 1961 3121 quod
1983 3075 2127 3108 succo
2148 3059 2349 3124 plenum
2372 3075 2428 3108 ac
2463 3059 2703 3108 tumidum
2730 3077 2811 3109 es-

1686 3132 1763 3172 set
1782 3143 1793 3178 ς
1829 3133 1886 3172 ut
1902 3127 2145 3188 gravidum
2168 3128 2281 3176 uber
2302 3127 2421 3174 Geo.
2446 3124 2516 3182 iii,
2538 3125 2661 3180 817³
2690 3141 2813 3188 gra-

1685 3191 1804 3236 vidae
1823 3187 1991 3252 frages
2013 3189 2065 3246 ii,
2096 3192 2213 3245 1433
2244 3193 2454 3251 gravidae
2478 3207 2640 3238 messes
2662 3189 2813 3238 ovid.

1688 3253 1812 3300 Met.
1834 3253 1935 3310 viii,
1962 3253 2069 3304 781.
2129 3254 2281 3302 Venti
2426 3263 2522 3301 tem
2552 3263 2733 3313 emant,
2760 3263 2817 3303 et

1685 3317 1739 3364 in
1771 3331 1933 3364 aerem
1968 3317 2233 3381 expellunt,
2254 3327 2369 3364 exto
2386 3317 2509 3374 lunt,
2536 3317 2627 3366 hoc
2660 3333 2811 3368 orna·

1686 3380 1784 3428 tius
1812 3380 1964 3437 effert,
1996 3383 2186 3428 sublime
2218 3383 2449 3442 exp-alum
2480 3389 2660 3440 eruunt,
2694 3383 2815 3444 quia

1686 3447 1933 3501 subliment,
1950 3448 1999 3492 in
2011 3447 2213 3500 sublime,
2228 3460 2319 3508 pro
2332 3443 2575 3503 adverbio,
2586 3445 2810 3495 sublimi·

1688 3517 1777 3565 ter,
1796 3507 1975 3556 ferunt.
2020 3509 2241 3571 Reliqua,
2266 3513 2335 3556 ita
2358 3511 2541 3556 turbine
2560 3513 2692 3572 nigro
2712 3520 2809 3560 ete.

1684 3572 2018 3620 difficultatem
2048 3574 2231 3621 habent
2256 3588 2319 3621 ex
2352 3581 2609 3631 structum,
2644 3589 2811 3636 quam,

1686 3637 1769 3700 qui
1802 3637 2264 3695 animadverterunt,
2288 3637 2423 3685 varie
2450 3637 2640 3686 tollunt.
2708 3639 2812 3688 Sed

1686 3711 1771 3749 aut
1790 3701 1997 3750 variavit
2193 3701 2475 3760 orationem,
2498 3704 2639 3764 cujus
2660 3713 2808 3752 natu-

1684 3765 1801 3814 ralis
1819 3766 1938 3814 ordo
1958 3765 2039 3814 hic
2058 3775 2175 3822 erat,
2192 3765 2308 3813 Vidi
2328 3775 2500 3814 ventos
2516 3781 2811 3816 concurrere

1685 3839 1737 3878 et
1756 3830 1967 3878 hiemem
1990 3831 2117 3878 ferre
2134 3830 2497 3878 -culmos—vc’dt‘
2524 3847 2809 3892 concurrere,

1684 3903 1736 3942 et
1774 3893 1875 3942 vidi
1920 3903 1977 3942 ut
2018 3899 2088 3942 ita
2128 3898 2269 3942 hiem
2299 3893 2634 3956 ferret—aut,
2675 3898 2809 3959 quod

1683 3959 1947 4022 probabile,
1981 3959 2167 4007 dictum
2208 3967 2285 4007 est
2322 3975 2381 4008 co
2550 3959 2675 4009 five:
2720 3965 2807 4022 eie,

1682 4022 1813 4071 haud
1858 4022 2012 4082 aliter,
2058 4027 2198 4071 hiem
2238 4021 2406 4085 ferret,
2452 4023 2613 4072 hieme
2656 4025 2807 4090 diripi

1683 4087 1851 4135 videas
1871 4087 2091 4152 stipulas,
2111 4103 2257 4150 quam
2286 4103 2417 4136 nunc
2448 4087 2609 4136 media
2636 4099 2810 4140 estate

1682 4151 1917 4200 radicitus
1938 4153 2111 4201 aristas
2133 4152 2243 4200 fert.

1750 4216 2023 4267 322-327.
2056 4221 2235 4279 Agauen
2276 4233 2500 4279 σφισι-ἰα
2542 4215 2604 4264 de
2648 4215 2809 4268 imbre

1682 4279 1837 4329 denso
1858 4280 2131 4344 ingruente.
2174 4283 2323 4340 Venit,
2342 4280 2469 4336 mita
2493 4284 2648 4329 venir-e
2670 4281 2805 4331 enirn

1684 4344 1831 4392 etiam
1848 4346 1941 4393 hoc
1963 4361 2111 4394 sensu
2134 4345 2252 4394 satis
2269 4361 2419 4408 grave
2436 4347 2655 4394 verbum.
2702 4345 2807 4394 Ve-

1684 4407 1831 4458 niunt
1846 4409 2025 4468 hostes,
2040 4407 2249 4469 barbari,
2264 4409 2349 4474 qui
2366 4408 2607 4474 impetum
2620 4409 2811 4459 faciunt
