3050 4934
521 289 646 354 132

1336 277 2009 347 GEORGICON

557 441 644 504 40
687 438 948 504 Interea
981 435 1323 521 Dryadum
1355 435 1547 499 silvas
1582 433 1913 518 saltusque
1948 453 2293 515 sequamur

686 540 1000 616 IntactOS,
1035 551 1170 615 tua,
1205 537 1563 614 Maecenas,
1594 535 1773 600 haud
1804 532 2017 598 mollia
2039 534 2248 617 jussa.

683 640 788 705 Te
821 642 956 704 sine
989 639 1076 704 nil
1107 637 1308 704 altum
1335 661 1514 703 mens
1547 636 1831 702 inchoat.
1910 635 2018 697 En
2049 656 2195 717 age,
2230 654 2463 718 segnes

685 740 948 825 Rumpe
981 763 1230 805 moras:
1280 750 1468 804 vocat
1496 739 1744 823 ingenti
1775 735 2051 802 clamore
2084 735 2441 811 Cithaeron‚

689 841 1103 926 Taygetique
1134 863 1351 918 caneS‚
1384 841 1819 924 domitrixque
1853 837 2235 922 Epidaurus
2264 857 2617 921 equorum3

481 946 488 1025 ¹,
558 945 644 1008 45
689 942 784 1007 Et
811 965 938 1007 vox
967 965 1241 1006 assensu
1269 962 1607 1006 nemorum
1636 940 2027 1024 ingeminata
2056 940 2354 1022 remugit.

688 1044 856 1108 Mox
887 1055 1101 1108 tamen
1132 1043 1438 1107 ardentes
1471 1043 1775 1124 accingar
1804 1040 2021 1103 dicere
2052 1061 2306 1122 pugnas

687 1145 992 1222 Caesaris‚
1023 1155 1092 1208 et
1121 1165 1355 1208 nomen
1385 1141 1557 1207 fama
1587 1152 1686 1206 tot
1714 1140 1887 1205 ferre
1918 1162 2038 1224 per
2068 1161 2295 1216 annOS,

689 1245 965 1309 Tithoni
992 1246 1200 1329 prima
1229 1254 1390 1327 quot
1420 1245 1608 1307 abest
1637 1243 1722 1306 ab
1752 1241 1999 1324 origine
2032 1239 2277 1303 Caesar.

767 1346 901 1410 Seu
931 1347 1099 1430 quis,
1133 1345 1535 1429 Olympiacae
1562 1344 1831 1406 miratus
1861 1341 2127 1425 praemia
2156 1339 2408 1424 palmae,

547 1447 634 1511 50
677 1446 898 1512 Pascit
927 1468 1155 1530 equos,
1184 1467 1302 1509 seu
1330 1445 1476 1528 quis
1507 1442 1710 1508 fortes
1741 1442 1828 1506 ad
1860 1451 2076 1505 aratra
2094 1441 2446 1525 juvencos3

678 1548 975 1632 Corpora
1005 1547 1333 1631 praecipue
1363 1556 1641 1609 matrum
1668 1542 1864 1628 legat.
1943 1542 2237 1626 Optuma
2268 1553 2469 1606 torvae

679 1647 917 1713 Forma
946 1649 1154 1724 bovis,
1186 1647 1290 1711 cui
1321 1656 1515 1730 turpe
1546 1655 1769 1729 caput,
1802 1645 1907 1709 cui
1936 1643 2211 1728 plurima
2240 1643 2482 1720 cervix,

681 1748 776 1812 Et
805 1771 1072 1814 crurum
1101 1758 1291 1812 tenus
1320 1771 1360 1811 a
1388 1757 1607 1810 mento
1636 1745 1923 1830 palearia
1953 1745 2278 1828 pendent:

679 1850 858 1914 Tum
886 1848 1083 1933 longo
1113 1847 1330 1913 nullus
1361 1847 1550 1911 lateri
1578 1846 1809 1910 modus
1833 1871 1849 1922 ς
1896 1846 2109 1907 omnia
2136 1865 2392 1927 magna,

547 1951 632 2016 55
677 1947 809 2016 Pes
839 1951 1076 2026 etiam3
1121 1959 1190 2013 et
1218 1949 1496 2013 camuris
1527 1946 1719 2010 hirtae
1748 1947 1872 2009 sub
1902 1946 2208 2010 cornibus
2238 1966 2457 2008 aures.

508 2154 694 2201 angues
731 2137 958 2187 innexuit
999 2136 1177 2184 Ixioni.
1247 2135 1410 2198 Vulgo
1445 2135 1634 2198 simpli-

505 2203 630 2251 citer
652 2202 849 2250 vincula
871 2210 922 2249 et
955 2216 1110 2249 nexus
1133 2210 1476 2248 memorantur.
1550 2199 1634 2246 In-

506 2265 714 2314 dulsisse
747 2265 841 2314 sibi
873 2273 1043 2330 poetas
1076 2263 1129 2312 in
1168 2263 1357 2312 Ixionis
1389 2272 1496 2312 rota
1532 2263 1635 2312 vol-

507 2330 682 2388 venda,
701 2329 972 2378 videbimus
990 2328 1075 2377 inf.
1095 2328 1216 2376 Geo.
1237 2327 1300 2385 iv,
1320 2329 1432 2376 484.
1468 2332 1639 2376 Saxum

508 2393 706 2458 Sisyphi
747 2392 921 2452 notari,
957 2393 1154 2442 obvium
1190 2401 1291 2450 θεῖς
1339 2391 1468 2455 quod
1500 2409 1635 2440 essu-

501 2463 665 2519 per-ari
696 2473 795 2506 non
834 2466 998 2523 potest
1028 2458 1278 2514 hactenus,
1316 2455 1544 2519 quoniam
1578 2455 1639 2504 ad

507 2538 753 2571 summum
797 2521 978 2570 montis
1032 2519 1264 2568 verticem
1320 2520 1534 2568 emoveri
1587 2529 1637 2568 et

507 2586 684 2634 adduci
727 2586 920 2648 nequit:
971 2585 1096 2634 λᾶας
1136 2584 1326 2642 ἀναιδὴς
1369 2584 1543 2646 Odyss-
1584 2593 1633 2642 λ,

507 2649 618 2708 597,
656 2649 920 2714 improbus,
958 2649 1146 2712 ingens,
1171 2647 1254 2711 qui
1289 2647 1506 2712 pondere
1546 2664 1635 2696 suo

507 2723 662 2788 urget,
719 2727 811 2761 nec
854 2711 1132 2762 submoveri
1182 2721 1361 2775 potest,
1419 2711 1637 2776 adeoque

601 2793 688 2826 vis.

509 2793 650 2898 gram,
675 2843 754 2888 41.
792 2842 990 2890 Interea
1025 2849 1366 2903 argumentum
1402 2855 1456 2889 se
1491 2855 1635 2888 suum

507 2904 570 2953 de
600 2914 932 2954 armentorum
967 2920 1086 2953 cura
1115 2914 1489 2968 prosecuturum
1526 2919 1634 2953 esse

506 2967 589 3016 ait.
658 2973 816 3018 Salem
849 2973 1057 3026 intactos,
1205 2979 1423 3015 mentum
1456 2967 1631 3016 carmi-

505 3032 598 3090 nis,
641 3033 771 3097 quod
809 3033 973 3081 nullus
1017 3033 1174 3079 adhuc
1215 3031 1344 3079 inter
1386 3031 1635 3081 Romanos

603 3106 652 3144 ta
693 3096 933 3162 attigerat.
1019 3098 1167 3144 Haud
1209 3099 1363 3143 mollia
1401 3097 1539 3158 jussa
1580 3097 1630 3144 h.

503 3113 642 3219 ma,
682 3175 789 3209 rem
829 3176 929 3209 non
969 3159 1144 3218 levem,
1185 3159 1432 3208 difficilem
1473 3160 1630 3225 impo-

509 3224 690 3273 nentia.

569 3289 648 3335 42.
685 3287 924 3336 Praeclare
951 3287 1086 3346 illud,
1119 3288 1267 3345 Ades,
1301 3304 1330 3335 ο
1355 3289 1630 3337 Maecenas!

505 3367 570 3400 ex
599 3367 658 3400 eo
695 3361 849 3410 ornat,
884 3352 1018 3416 quasi
1055 3367 1220 3401 rerum
1255 3366 1374 3426 quas
1413 3353 1633 3401 dicturus

505 3415 571 3464 sit
593 3417 734 3466 turba
756 3415 918 3475 instet,
945 3433 1034 3465 nec
1059 3424 1112 3464 ut
1139 3416 1304 3464 mulus
1327 3431 1439 3464 eum
1463 3426 1634 3466 exoret

537 3480 732 3529 atiatur.
786 3480 970 3545 Accipe
993 3480 1144 3544 igitur
1165 3479 1296 3528 dicta
1351 3496 1406 3528 ro
1425 3479 1629 3544 vulgari,

503 3496 696 3621 eferum
731 3544 794 3594 ad
835 3545 994 3610 ipsam
1038 3560 1142 3594 rem
1187 3560 1272 3592 acc
1335 3544 1514 3594 endum
1560 3554 1636 3594 est

507 3624 615 3658 sine
639 3625 787 3658 mora.

580 3675 658 3730 43,
683 3675 761 3721 44.
805 3675 946 3723 Vocat
968 3677 1145 3737 ingenti
1167 3676 1360 3723 clamore
1386 3675 1631 3722 Cithaeron.

508 3739 695 3799 Ingenti
724 3739 918 3786 clamore
948 3737 1019 3786 sic
1043 3739 1229 3796 tuebor,
1253 3746 1308 3786 ut
1334 3753 1431 3786 non
1461 3737 1523 3786 ad
1547 3737 1629 3786 ci-

507 3801 774 3850 thaeronem
790 3802 947 3850 solum
963 3801 1184 3858 referam,
1201 3817 1371 3851 verum
1389 3801 1450 3849 ad
1469 3801 1636 3850 omnia

507 3880 614 3928 quoe
624 3874 915 3978 csetqligmtur
931 3882 977 3977 :T
991 3864 1182 3976 ingepti
1213 3865 1635 3977 οἱαεωὲτεᾙζοοειηι

505 3944 585 3976 me
667 3945 686 3977 1
783 3945 888 3986 ron,
978 3944 1006 3976 a
1121 3944 1194 3986 us,
1240 3944 1269 3976 e
1417 3944 1433 3976 1
1497 3945 1629 3978 urus.

505 3995 776 4054 Epidaurus
819 4009 930 4042 cum
984 3943 1099 4040 gae
1132 3992 1366 4056 Argolide
1381 3947 1633 4055 Pequorum

505 4072 622 4105 cura
653 4057 857 4106 nobilis:
895 4057 1006 4106 vide
1042 4057 1207 4120 Intpp.
1243 4057 1367 4105 Hor.
1402 4057 1564 4106 Carm.
1596 4057 1629 4116 i,

505 4118 551 4179 7,
578 4120 624 4178 9,
649 4123 820 4182 Aptum
839 4125 957 4170 dicit
976 4125 1104 4196 equis
1124 4125 1289 4184 Argos.

568 4183 648 4241 47,
680 4185 759 4232 48.
809 4185 1028 4234 Sollenm
1059 4194 1314 4250 poetarum
1353 4186 1498 4249 hujus
1540 4187 1631 4235 aevi

503 4263 639 4296 more
654 4256 704 4296 et
719 4247 941 4307 artifieio,
961 4249 1174 4312 Augusti
1190 4249 1358 4299 laudes
1372 4250 1634 4316 ampliores

501 4311 564 4360 ad
581 4326 735 4360 annos
752 4313 959 4362 seriores
979 4314 1243 4377 majorique
1260 4330 1422 4364 rerum
1438 4325 1488 4363 et
1505 4315 1626 4364 artis

499 4393 593 4425 usu
629 4377 846 4426 firmatos
883 4377 1090 4440 seponit.
1171 4381 1390 4428 Tithonus
1430 4388 1479 4428 ct
1519 4381 1625 4443 ipse

499 4441 560 4488 ad
593 4440 754 4503 gentis
789 4439 936 4488 Juliae
962 4439 1180 4506 origines,
1207 4443 1433 4505 pertinet.
1503 4443 1625 4492 Erat

1703 2133 1837 2184 enim
1871 2133 2015 2183 Trois
2046 2135 2276 2198 abnepos,
2308 2133 2654 2182 Laomedontis
2688 2135 2837 2184 filius.

1704 2199 1935 2263 Tempus,
1960 2198 2087 2261 quod
2123 2199 2184 2246 ab
2219 2198 2311 2246 hoc
2346 2197 2658 2262 progenitore
2690 2201 2837 2260 (nam

1705 2280 1734 2311 a
1836 2267 1922 2310 'ma
1965 2265 2150 2310 Tithoni
2190 2266 2364 2325 origine
2399 2273 2487 2320 est,
2528 2278 2557 2310 a
2592 2262 2838 2324 Tithono)

1704 2343 1731 2375 e
1786 2327 1894 2375 uxit
1914 2326 1976 2375 ad
1998 2327 2256 2384 Caesarem,
2280 2343 2371 2390 pro
2394 2326 2589 2374 infinito
2613 2335 2837 2391 tempore

1738 2391 1916 2440 onitur.

1702 2408 1737 2456 p
1769 2457 1978 2504 49—51.
2016 2453 2093 2503 De
2123 2454 2299 2504 foetura
2333 2463 2662 2504 armentorum
2693 2464 2834 2503 actu-

1702 2535 1801 2577 rus,
1822 2534 2079 2567 vaccarum
2098 2519 2405 2583 optimarum,
2425 2535 2531 2582 quae
2554 2529 2694 2567 tauro
2712 2521 2832 2568 sub·

1702 2583 1830 2632 mitti
1862 2583 2067 2647 possint,
2100 2592 2240 2632 notas
2274 2599 2501 2632 enarrare
2531 2583 2733 2648 incipit:
2772 2583 2835 2632 cf.

1702 2649 1844 2695 Varr.
1881 2647 2025 2695 RR-
2064 2646 2114 2706 ii,
2157 2649 2213 2704 ὃς
2264 2648 2453 2696 Colum.
2490 2647 2554 2704 vi,
2601 2650 2622 2694 1
2663 2657 2715 2695 et
2752 2649 2832 2696 21.

1708 2713 1767 2758 ot
1798 2715 1985 2773 mpiacae
2016 2715 2211 2759 miratus
2237 2716 2433 2774 praemia
2456 2715 2639 2774 palma,
2662 2711 2833 2775 splen-

1702 2775 1753 2823 di
1789 2793 1816 2824 e
1837 2791 1939 2840 pro,
1965 2774 2127 2824 studio
2148 2775 2470 2825 certaminum
2493 2775 2752 2824 curulium.

1768 2841 1844 2888 52.
1888 2843 2038 2902 Turpe
2059 2849 2213 2904 caput,
2241 2840 2399 2888 fronte
2422 2841 2546 2897 lata;
2583 2848 2637 2888 ut
2659 2855 2835 2889 omnes

1700 2904 1962 2968 scriptores
1998 2903 2179 2953 laudati
2205 2914 2434 2960 monent;
2470 2905 2600 2954 unde
2628 2913 2677 2952 et
2708 2907 2831 2960 βοῦς

1700 2967 2022 3030 εὐρυμέτωποι·
2062 2979 2113 3018 et
2150 2967 2540 3029 πλατυμέτυτος.
2625 2971 2729 3018 Nec
2768 2973 2831 3017 ab

1698 3033 1917 3094 adspectu
1968 3035 2148 3082 decoros
2190 3033 2462 3081 Columella
2510 3032 2837 3096 Apenninum

1698 3095 1829 3144 alere
1861 3097 2054 3146 dixerat
2082 3097 2145 3154 vi,
2176 3100 2217 3154 1,
2242 3098 2296 3150 2:
2324 3106 2374 3145 et
2401 3095 2527 3145 Plin.
2553 3097 2654 3156 viii,
2681 3099 2763 3156 45,
2788 3115 2828 3146 s.

1700 3160 1777 3218 70,
1802 3163 1909 3208 Non
1939 3162 2181 3223 degeneres
2203 3164 2498 3209 existimandi
2518 3165 2657 3210 etiam
2682 3166 2835 3211 minus

1700 3227 1887 3272 laudato
1922 3228 2154 3287 adspectu.
2237 3225 2285 3273 N
2289 3239 2345 3273 ec
2384 3235 2548 3274 tamen
2590 3229 2747 3287 turpis
2783 3235 2836 3275 et

1698 3305 1889 3352 magum
1904 3298 2164 3353 propterea
2178 3305 2270 3353 pro
2286 3289 2566 3354 synonymis
2584 3290 2828 3339 habenda.

1702 3355 1789 3400 Cui
1820 3355 2025 3415 plurima
2063 3358 2231 3412 cervix,
2268 3353 2318 3401 h.
2356 3355 2545 3402 cervice
2578 3353 2729 3418 longa
2764 3365 2829 3412 et,

1696 3416 1826 3481 quod
1862 3427 2013 3473 notes,
2052 3416 2195 3466 simul
2233 3417 2373 3466 firma
2404 3427 2454 3466 et
2483 3433 2675 3467 crassa:
2714 3435 2833 3467 nam

1696 3479 1748 3528 in
1772 3480 1960 3529 cervice
1983 3480 2133 3530 robur
2156 3482 2283 3530 tauri
2316 3481 2540 3557 inprimis
2563 3491 2830 3547 spectatur.

1763 3547 1841 3592 54.
1882 3543 2143 3594 Lateribus
2172 3555 2424 3611 porrectis,
2453 3545 2827 3610 βαθυπλεύρους,

1698 3625 1805 3658 esse
1840 3609 1946 3658 vult
1979 3625 2062 3658 eas
2098 3625 2282 3659 vaccas.
2350 3613 2500 3659 Latus
2534 3620 2699 3659 autem
2738 3627 2835 3676 pro

1701 3683 1803 3722 toto
1825 3689 2043 3738 corpore,
2066 3685 2305 3740 perpetuo
2326 3689 2434 3723 usu.

1765 3741 1842 3786 55.
1879 3741 1969 3787 Pes
1991 3741 2129 3786 etiam
2152 3739 2340 3787 scilicet
2360 3753 2565 3802 magnus
2584 3747 2674 3788 est.
2714 3739 2831 3789 Hoc

1698 3803 1933 3851 naturalis
1951 3802 2185 3851 orationis
2207 3803 2325 3852 ordo
2345 3802 2498 3851 offert.
2550 3805 2705 3852 Aures
2726 3806 2829 3852 hir-

1699 3873 1786 3925 tas,
1828 3876 2026 3924 setosas,
2063 3866 2259 3932 pilosas,
2301 3867 2353 3915 in
2391 3866 2535 3916 laude
2570 3883 2694 3926 esse,
2736 3867 2829 3917 du-

1697 3930 1847 3980 bitari
1886 3930 2081 3992 nequit3
2134 3941 2185 3980 et
2218 3947 2301 3979 eas
2336 3931 2466 3981 inter
2499 3940 2638 3980 notas
2682 3933 2832 3981 bonae

1696 4009 1856 4042 vaccae
1900 4011 2069 4044 omnes
2108 3995 2353 4044 referunt:
2412 4004 2464 4044 at
2500 3997 2643 4058 pedes
2680 3999 2833 4046 hirtos

1695 4059 1954 4107 memorari
1986 4075 2085 4107 non
2108 4059 2224 4108 vidi.
2292 4060 2529 4108 Varronis
2550 4069 2719 4109 autem
2752 4061 2827 4109 lo-

1696 4139 1784 4171 cus
1816 4123 1995 4172 frustm
2019 4124 2117 4172 huc
2139 4133 2350 4182 vocatus,
2376 4132 2425 4172 et
2452 4141 2536 4186 pes
2562 4123 2713 4174 nimis
2737 4141 2827 4174 an-

1696 4195 1837 4250 guste
1861 4203 1925 4236 ex
1945 4187 2135 4251 vulgari
2161 4188 2350 4236 ratione
2368 4197 2612 4253 acceptus.
2670 4189 2831 4238 Poeta

1700 4260 1855 4300 totum
1889 4269 2002 4300 crus
2036 4268 2094 4300 eo
2126 4251 2323 4300 nomine
2354 4250 2613 4315 designare
2646 4254 2829 4317 potuit.

1691 4317 1847 4364 Crura
1877 4325 2040 4365 autem
2072 4316 2220 4364 etiam
2243 4316 2402 4365 Varro
2437 4321 2643 4365 breviora
2668 4322 2831 4378 potius

1689 4397 1823 4492 fuam
1860 4383 1994 4444 longa
2029 4395 2135 4428 esse
2173 4381 2340 4438 voluit,
2377 4389 2433 4430 ut
2470 4397 2534 4428 ex
2572 4379 2713 4430 libris
2758 4381 2829 4432 ibi

1710 4444 1977 4506 egendumz
2018 4444 2105 4493 sed
2134 4444 2250 4493 dum
2284 4443 2451 4495 brevia
2480 4453 2613 4504 sunt,
2642 4461 2825 4506 crassa,
