3050 4934
519 187 642 252 176

1357 184 2027 253 GEORGICON

685 337 1056 423 Subjiciunt
1085 336 1471 421 fragmenta,
1501 336 1819 421 thymum,
1848 335 2189 419 casiasque
2220 344 2539 399 recentes.

509 439 640 504 305
683 439 836 504 Hoc
864 440 1138 524 geritur,
1170 437 1500 523 Zephyris
1529 439 1811 524 primum
1838 434 2318 521 impellentibus
2350 436 2584 513 undas,

682 540 864 606 Ante
893 541 1076 607 novis
1103 542 1386 606 rubeant
1413 559 1610 625 quam
1640 549 1829 624 prata
1857 537 2209 613 coloribus,
2240 547 2395 600 ante

685 641 974 707 Garrula
1001 664 1198 727 quam
1219 641 1419 726 tignis
1447 641 1675 705 nidum
1706 638 2067 725 suspendat
2093 637 2399 702 hirundo.

685 743 948 808 Interea
974 743 1216 808 teneris
1247 741 1615 827 tepefactus
1644 741 1713 806 in
1740 741 2001 806 ossibus
2032 739 2267 804 humor

684 843 995 922 AEstuat3
1041 853 1112 908 et
1139 844 1411 908 visenda
1435 844 1647 908 modis
1676 840 1973 907 animalia
1999 842 2201 917 miris,

511 946 641 1011 310
683 945 954 1010 Trunca
980 946 1224 1029 pedum
1254 946 1489 1029 prium,
1519 965 1673 1008 mox
1702 954 1771 1008 et
1802 943 2146 1008 stridentia
2173 943 2405 1027 pennis

685 1046 1079 1122 Miscentur,
1108 1055 1500 1128 tenuemque
1529 1044 1735 1126 magis
1764 1045 1969 1126 magis
1998 1065 2153 1105 aera
2182 1053 2498 1126 carpunt;

686 1148 945 1224 Donec,
978 1155 1056 1211 ut
1081 1145 1320 1209 aestivis
1349 1143 1601 1209 effusus
1632 1144 1917 1208 nubibus
1944 1143 2173 1219 imber,

687 1247 1029 1332 Erupere3
1075 1257 1189 1309 aut
1216 1254 1315 1321 ut,
1343 1265 1548 1309 nervo
1574 1243 1880 1329 pulsante
1912 1245 2193 1329 sagittae,
2216 1309 2242 1320 ,
2261 1305 2274 1314 ,

689 1349 913 1414 Prima
941 1347 1116 1411 leves
1147 1347 1375 1410 ineunt
1405 1331 1757 1429 si-quando
1786 1344 2019 1429 proelia
2048 1343 2301 1409 Parthi.

515 1451 645 1516 315

777 1449 947 1523 Quis
979 1447 1169 1513 Deus
1200 1447 1394 1524 hanc,
1427 1447 1668 1524 Musae,
1699 1447 1845 1531 quis
1876 1446 2065 1512 nobis
2094 1446 2356 1511 extudit
2384 1449 2634 1510 artem?

690 1551 890 1615 Unde
920 1572 1089 1614 nova
1115 1551 1452 1633 ingressus
1481 1547 1814 1612 hominum
1843 1547 2249 1633 experientia
2278 1547 2497 1632 cepit?

691 1647 932 1716 Pastor
962 1648 1289 1714 Aristaeus
1319 1649 1577 1734 fugiens
1612 1649 1857 1714 Peneia
1884 1647 2163 1733 Tempe,

691 1753 995 1831 Amissis,
1025 1764 1100 1817 ut
1127 1753 1319 1830 fama,
1349 1753 1585 1838 apibus
1615 1754 1977 1836 morboque
2010 1751 2330 1836 fameque,

692 1855 935 1920 Tristis
967 1855 1054 1918 ad
1084 1855 1360 1920 extremi
1391 1875 1645 1918 sacrum
1675 1863 1873 1938 caput
1900 1853 2154 1917 adstitit
2182 1855 2409 1930 amnis,

521 1959 652 2023 320
695 1956 915 2021 Multa
944 1977 1252 2041 querenS,
1282 1965 1479 2039 atque
1507 1955 1635 2020 hac
1664 1953 1903 2019 affatus
1935 1977 2093 2019 voce
2124 1966 2493 2039 parentem:

693 2057 918 2122 Mater
948 2057 1228 2142 Cyrene,
1258 2067 1491 2133 mater,
1523 2079 1672 2141 quae
1701 2057 1979 2141 gurgitis
2008 2055 2207 2141 hujus

695 2158 836 2223 Ima
863 2169 1072 2236 tenes,
1103 2158 1263 2242 quid
1289 2179 1392 2222 me
1423 2143 1740 2242 praeclara
1770 2157 1975 2242 stirpe
2006 2158 2300 2235 deorum,

521 2377 732 2428 obducta
746 2377 900 2439 janua
917 2383 975 2424 et
989 2375 1243 2432 fenestris3
1279 2375 1380 2435 sed,
1403 2383 1461 2424 ut
1481 2374 1650 2452 adjici·
1710 2379 1789 2438 pae't
1820 2379 2067 2440 ingmarus,
2100 2375 2272 2425 habuit
2303 2375 2532 2434 exordia;
2564 2377 2698 2426 unde
2728 2395 2850 2444 pro-

521 2453 618 2502 tur,
641 2442 730 2491 xxi
750 2440 831 2490 die
852 2440 958 2490 dies
992 2449 1042 2489 et
1073 2453 1227 2504 purus
1256 2455 1341 2488 aer
1363 2440 1651 2500 admittitur,

521 2515 674 2557 vento
732 2515 898 2554 tamen
955 2504 1180 2562 exclusog
1239 2516 1290 2552 et
1333 2513 1438 2553 tum
1481 2519 1653 2553 rursus

523 2572 688 2620 omnia
705 2571 858 2619 oblita
875 2569 1211 2618 occluduntur.
1267 2569 1380 2624 Quo
1393 2569 1537 2627 tacto,
1556 2584 1649 2618 un-

523 2636 714 2685 decimo
747 2633 864 2682 inde
903 2633 1000 2692 die,
1038 2641 1207 2698 aperta
1241 2633 1386 2681 domo
1423 2633 1653 2682 examina

523 2714 651 2748 nova
673 2697 990 2747 effervescere
1012 2713 1067 2746 re
1103 2697 1340 2746 criuntur.
1401 2697 1565 2746 Facile
1589 2713 1653 2746 ex

522 2763 602 2812 his
620 2771 838 2828 apparet,
867 2777 1014 2825 quom
1078 2777 1109 2810 o
1139 2771 1296 2810 mater
1317 2761 1424 2827 apis
1448 2761 1500 2810 in
1523 2759 1655 2811 οἷκον

520 2835 783 2892 penetrare
799 2826 1029 2891 potuerit.
1087 2827 1263 2874 Remea
1265 2824 1551 2890 fragmenta,
1571 2841 1649 2874 ra·

523 2906 730 2949 morum,
745 2893 794 2940 h.
809 2905 986 2940 ramos.
1019 2893 1196 2949 casias,
1213 2889 1308 2938 vid.
1325 2907 1431 2956 sup.
1451 2891 1514 2939 ad
1527 2892 1649 2939 Geo-

525 2955 579 3014 ii,
604 2957 714 3004 213.

590 3021 701 3078 305,
729 3019 838 3068 306.
889 3018 1014 3066 Hoec
1057 3017 1244 3066 faciunt
1277 3017 1480 3066 ineunte
1519 3033 1651 3067 vere.

523 3085 671 3132 Novis
725 3085 960 3140 coloribus,
1007 3081 1223 3130 floribus.
1302 3085 1531 3140 Rubemt,
1581 3083 1650 3131 ef-

523 3147 797 3204 florescant,
829 3145 1034 3194 niteant.
1093 3147 1213 3194 Geo.
1238 3146 1290 3204 ii,
1313 3149 1423 3205 319,
1447 3163 1551 3195 vere
1572 3163 1653 3196 ru—

589 3276 701 3331 308,
739 3275 850 3323 309.
904 3275 1097 3332 Humor,
1144 3273 1344 3323 vitiatus
1393 3275 1654 3339 putredine

523 3337 1428 3468 wimadingaezfflu'
1414 3341 1656 3453 ‘mg

1031 3437 1044 3462 2

524 3467 893 3530 colliquescunt.
917 3469 1124 3526 AEntnat,
1137 3467 1482 3516 fermentescit.
1521 3469 1571 3516 N
1574 3484 1651 3516 ar-

523 3541 631 3582 rate
653 3540 771 3580 sunt
789 3531 910 3591 hoec,
928 3531 1022 3580 etsi
1039 3548 1104 3580 ex
1126 3531 1231 3581 ovis
1255 3531 1448 3580 excludi
1469 3532 1651 3580 vermi-

523 3598 675 3654 culos,
701 3611 764 3644 ex
798 3597 878 3645 his
913 3595 1106 3646 evolare
1141 3611 1260 3662 apes
1293 3597 1412 3646 satis
1447 3605 1651 3655 constat,

524 3661 758 3719 fabulosa,
798 3661 902 3710 fere
935 3660 998 3709 ad
1033 3677 1148 3710 eum
1183 3661 1396 3719 modum,
1421 3677 1518 3723 quo
1545 3661 1650 3709 ani-

525 3725 710 3774 mantia
729 3724 892 3789 primo
925 3739 1032 3774 esse
1067 3734 1181 3774 nata
1202 3725 1389 3800 opinati
1412 3734 1552 3774 erant
1574 3725 1651 3773 in-

524 3789 654 3838 docti
676 3789 867 3854 physici
887 3788 1020 3837 inter
1041 3789 1315 3854 AEgypuos.

589 3854 864 3902 810—818.
917 3855 1102 3901 Trunca
1139 3855 1308 3915 pedum
1347 3855 1520 3902 Graece
1564 3869 1655 3918 pro

525 3924 691 3967 trunca
707 3920 921 3980 pedibus,
939 3926 988 3965 et
1004 3918 1096 3966 hoc
1143 3933 1214 3975 ro,
1231 3918 1417 3967 truncis
1432 3917 1653 3983 pedibus.

525 3981 711 4030 Locum
757 3981 1014 4048 expressit,
1186 3997 1276 4031 suo
1319 3997 1468 4041 more,
1507 3983 1653 4032 ovid.

527 4045 649 4094 Met.
673 4061 755 4105 xv,
782 4049 878 4094 382
899 4062 1001 4122 sqq.
1057 4049 1184 4095 Aera
1206 4055 1416 4108 carpunt,
1441 4057 1498 4096 ut
1517 4051 1656 4107 vim,

523 4110 571 4157 h.
595 4109 787 4166 volant;
813 4109 942 4173 quod
965 4110 1096 4160 idem
1115 4120 1204 4168 est,
1225 4114 1475 4160 stridentia
1491 4116 1658 4174 permis

523 4175 784 4236 miscentur.
843 4177 1068 4237 Erupere,
1102 4175 1279 4224 melius
1312 4191 1458 4239 quam
1487 4192 1650 4225 erum·

523 4247 676 4300 punt3
701 4245 758 4285 ut
778 4254 802 4285 s
873 4242 968 4288 'ttae
985 4255 1206 4304 erupere,
1231 4257 1366 4289 nmo
1383 4255 1526 4290 arcus
1542 4243 1651 4304 pul-

522 4309 667 4359 sante,
691 4315 846 4365 prope
885 4311 998 4352 ente
1020 4303 1263 4368 sagittam.

590 4365 698 4413 316.
745 4367 874 4413 Unde
896 4360 1015 4414 ηουᾰ
1032 4371 1257 4418 hominum
1274 4371 1559 4432 experientia
1580 4387 1653 4420 ce-

1716 2440 1891 2489 cessit:
1928 2455 2025 2503 qua
2056 2455 2111 2490 re
2146 2439 2368 2490 homines
2403 2441 2601 2490 adducti
2633 2442 2696 2490 ad
2719 2443 2853 2492 hanc

1717 2515 1873 2553 artem
1896 2506 1957 2554 ab
1992 2504 2299 2570 experientia
2332 2506 2693 2571 suppeditatam
2728 2523 2847 2571 pro-

1716 2569 1873 2634 gressi
1894 2578 2024 2618 sunt.
2080 2570 2159 2618 De
2181 2570 2393 2618 Aristaeo
2418 2569 2513 2618 vid.
2540 2571 2686 2619 modo
2711 2571 2774 2619 ad
2798 2588 2848 2620 v.

1718 2635 1829 2682 283.
1876 2633 2023 2689 Quod
2039 2634 2293 2683 inventum
2307 2635 2679 2684 reficiendarum
2696 2651 2854 2700 apum

1717 2697 1779 2746 ad
1814 2713 1927 2746 eum
1966 2698 2189 2758 refertur,
2224 2699 2477 2762 ignoratur
2499 2715 2595 2763 quo
2618 2700 2855 2765 exemplo

1720 2762 1864 2811 Maro
1886 2762 2087 2820 fecerit;
2123 2763 2375 2827 ignoratur
2396 2779 2586 2827 quoque
2610 2779 2706 2826 quo
2728 2780 2849 2813 auc-

1718 2835 1823 2875 tore
1868 2827 2080 2876 Aristaeo
2116 2827 2303 2876 crimen
2337 2837 2537 2877 tentatae
2574 2828 2856 2893 Eurydices

1718 2891 1981 3004 ilrznpactutn
2000 2892 2078 2941 sit.
2129 2893 2213 3004 Eg
2225 2893 2593 3006 perpoedmgsrge
2607 2893 2855 2958 exemplis

1768 2971 2051 3004 omanorum
2214 2971 2324 3005 rum
2563 2973 2617 3006 os
2634 2973 2688 3006 se
2710 2973 2851 3006 com-

1716 3020 2020 3084 ponentium,
2056 3020 2285 3086 inprimis
2308 3021 2505 3085 Virgilii
2542 3030 2593 3070 et
2627 3021 2849 3082 Horatii,

1719 3091 1771 3132 et
1790 3083 1852 3132 ad
1874 3100 2074 3133 sensum
2105 3085 2320 3148 cujusvis
2352 3085 2446 3134 viri
2469 3085 2615 3144 docti,
2639 3085 2723 3150 qui
2745 3086 2851 3136 lec-

1724 3147 1856 3197 tione
1894 3149 2031 3198 varia
2068 3149 2285 3198 animum
2326 3149 2389 3199 ad
2424 3151 2529 3199 haec
2568 3151 2761 3227 paravit
2799 3165 2857 3200 et

1720 3213 1867 3270 acuit,
1890 3213 1950 3260 fit
1968 3214 2235 3277 probabile,
2259 3214 2430 3263 saltem
2456 3215 2694 3280 suspicari
2714 3215 2853 3274 licet,

1718 3276 1797 3324 vel
1831 3293 1895 3325 ex
1927 3293 2119 3327 summo
2156 3294 2321 3327 rerum
2359 3289 2548 3340 ornatu,
2586 3280 2855 3329 Maronem

1718 3340 1799 3388 hic
1828 3341 1994 3415 alium,
2022 3357 2231 3406 eumque
2260 3344 2488 3397 Graecum
2513 3354 2723 3410 poetam,
2758 3361 2850 3394 ex-

1718 3421 1971 3468 pressisse.

1787 3468 2059 3520 317-319,
2100 3470 2340 3522 Aristaeus
2378 3489 2441 3522 ex
2480 3481 2644 3522 mente
2688 3485 2856 3538 poetae

1720 3541 1825 3582 tum
1846 3533 1899 3581 in
1932 3534 2189 3584 Thessalia
2219 3536 2440 3600 degebat,
2463 3537 2671 3586 necdum
2694 3541 2853 3589 Ceam

1720 3597 1919 3646 adierat.
1953 3601 2171 3662 Fugiens,
2182 3601 2342 3666 simpl.
2351 3601 2647 3665 relinquens,
2666 3605 2850 3666 Tempe,

1718 3662 1975 3711 discedens
1991 3663 2109 3713 inde
2131 3666 2193 3713 ad
2211 3675 2351 3728 eaput
2371 3671 2531 3725 amnis,
2550 3667 2719 3727 Penei,
2735 3668 2849 3716 son·

1718 3735 1833 3775 tem.
1890 3727 1974 3776 Sic
2008 3728 2117 3778 fons
2142 3730 2578 3780 Timavi—novem
2609 3745 2695 3779 ora
2728 3731 2850 3782 AEn.

1718 3791 1751 3849 i,
1774 3793 1883 3848 245,
1910 3793 2019 3840 246.

1785 3857 2059 3904 320—322.
2095 3855 2291 3906 Aristaei
2320 3868 2477 3909 mater
2504 3868 2609 3908 erat
2634 3859 2850 3924 Cyrene,

1720 3935 1821 3968 una
1833 3935 1897 3969 ex
1910 3921 2155 3996 Nymphis
2170 3921 2315 3984 hujus
2331 3923 2561 3982 fluminis,
2580 3923 2853 3988 eademque

1723 3985 1879 4033 Penei
1914 3985 2015 4033 filia
2050 4001 2137 4034 seu
2172 3986 2349 4050 neptis.
2408 3989 2518 4037 Has
2538 3988 2763 4052 querelas
2786 4005 2853 4040 ex

1724 4049 1993 4098 Homerica
2048 4051 2438 4115 expostulatione
2482 4051 2691 4101 Achillis
2732 4069 2851 4104 cum

1720 4114 1933 4162 Thetide
1960 4114 2100 4163 Iliad.
2126 4133 2169 4174 a,
2192 4117 2287 4164 849
2310 4133 2413 4181 sqq.
2442 4133 2699 4182 expressas
2722 4133 2849 4178 esse,

1718 4187 1848 4227 nota.
1920 4179 2017 4228 Se'd
2061 4179 2266 4230 mirifice
2308 4181 2563 4231 exornavit
2606 4181 2851 4246 Virgilius

1718 4242 1849 4291 nude
1894 4244 1955 4292 ab
1997 4243 2219 4293 Homero
2261 4244 2475 4310 primum
2518 4243 2709 4294 tradita.
2769 4247 2849 4296 Cf.

1720 4307 1868 4421 {tiam
1904 4307 2045 4423 191}ss
2079 4326 2126 4370 σ,
2164 4309 2228 4360 70
2262 4325 2364 4385 sqq.
2406 4320 2457 4359 et
2488 4310 2755 4360 Calimach.
2796 4311 2851 4360 in

1764 4387 1887 4422 eret.
1978 4407 1991 4421 .
