3050 4934
465 243 594 308 578

1354 241 1877 310 AENEIDOS

509 395 595 458 25
639 393 832 457 Hanc
862 394 1136 478 patriam
1166 415 1484 479 peperere
1515 417 1659 471 suo,
1690 395 1997 460 decorate
2028 394 2347 478 supremis

640 493 1068 572 Muneribus;
1113 505 1541 579 moestamque
1572 495 1869 560 Evandri
1899 496 2145 580 primus
2176 495 2263 558 ad
2292 494 2521 558 urbem

640 594 948 660 Mittatur
980 594 1220 672 Pallas,
1250 619 1446 680 quem
1473 619 1605 662 non
1635 597 1889 660 virtutis
1920 607 2220 680 egentem

645 695 935 760 Abstulit
964 707 1108 761 atra
1135 698 1302 774 dies,
1331 709 1400 762 et
1430 697 1659 762 funere
1688 698 1913 762 mersit
1942 696 2201 762 acerbo.

721 797 828 861 Sic
859 799 950 861 ait
977 797 1384 874 illacrimans,
1417 799 1779 882 recipitque
1806 799 1893 862 ad
1922 796 2137 860 limina
2166 817 2498 880 gressum3

505 899 594 962 30
637 898 896 983 Corpus
929 899 1043 963 ubi
1071 883 1351 963 cianimi
1379 900 1665 984 positum
1695 897 2007 962 Pallantis
2040 896 2311 962 Acoetes

638 999 958 1062 Servabat
990 1000 1226 1076 senior,
1258 1001 1370 1081 qui
1401 997 1755 1063 Parrhasio
1786 999 2100 1063 Evandro

637 1100 945 1185 Armiger
973 1111 1124 1164 ante
1155 1099 1316 1177 fuit3
1367 1103 1484 1165 sed
1514 1124 1645 1165 non
1676 1101 1972 1167 felicibus
2006 1123 2191 1186 oeque

639 1202 816 1266 Tum
845 1224 1060 1266 comes
1091 1202 1396 1284 auspiciis
1427 1223 1581 1266 caro
1612 1203 1803 1266 datus
1833 1203 1971 1266 ibat
1998 1200 2279 1266 alumno.

643 1303 906 1372 Circum
937 1303 1142 1366 omnis
1173 1300 1610 1386 famulumque
1640 1325 1891 1380 manus,
1922 1303 2343 1387 Trojanaque
2372 1303 2589 1378 turba,

515 1405 600 1468 35
646 1404 740 1468 Et
767 1414 1070 1467 moestum
1104 1401 1339 1467 Iliades
1372 1404 1615 1467 crinem
1644 1403 1729 1468 de
1758 1425 1937 1468 more
1970 1403 2219 1468 solutae.

643 1503 740 1568 Ut
769 1526 924 1568 vero
955 1501 1206 1566 AEneas
1237 1503 1486 1567 foribus
1519 1525 1664 1568 sese
1694 1503 1911 1568 intulit
1940 1503 2123 1581 altis3

642 1604 982 1688 Ingentem
1011 1605 1321 1688 gemitum
1350 1607 1557 1668 tunsis
1589 1606 1674 1669 ad
1708 1605 1925 1670 sidera
1952 1604 2185 1671 tollunt

643 1704 1056 1782 Pectoribus,
1087 1715 1450 1788 moestoque
1479 1706 1773 1790 immugit
1801 1706 1983 1790 regia
2012 1705 2215 1769 luctu.

639 1805 818 1891 Ipse,
851 1815 1050 1890 caput
1077 1806 1247 1870 nivei
1277 1804 1509 1870 fultum
1540 1804 1853 1870 Pallantis
1885 1816 1954 1870 et
1983 1827 2097 1870 ora

507 1908 594 1970 40
638 1905 734 1970 Ut
765 1907 944 1984 vidit,
978 1906 1232 1991 levique
1263 1917 1492 1990 patens
1523 1907 1591 1969 in
1620 1915 1888 1990 pectore
1918 1905 2150 1968 vulnus

638 2007 946 2091 Cuspidis
973 2005 1312 2084 Ausonioe,
1341 2006 1617 2070 lacrimis
1647 2007 1735 2070 ita
1766 2005 1940 2069 fatur
1969 2005 2216 2070 obortis
2244 2029 2259 2068 ε

636 2107 848 2183 Tene,
881 2107 1112 2190 inquit,
1143 2108 1508 2172 miserande
1540 2129 1725 2190 puer,
1758 2128 1955 2190 quum
1984 2105 2135 2170 laeta
2164 2108 2434 2184 veniret,

645 2207 884 2271 Invidit
914 2206 1205 2271 Fortuna
1231 2207 1410 2284 mihi,
1443 2229 1524 2271 ne
1556 2229 1759 2290 regna
1788 2206 2045 2271 videres

646 2307 922 2383 Nostra,
952 2330 1163 2392 neque
1193 2309 1280 2371 ad
1313 2308 1504 2372 sedes
1536 2309 1740 2371 victor
1770 2307 2081 2373 veherere
2111 2310 2462 2393 paternas?

513 2410 599 2473 45
645 2408 804 2472 Non
834 2407 979 2472 haec
1011 2408 1323 2473 Evandro
1351 2409 1436 2473 de
1467 2418 1531 2472 te
1562 2409 1881 2491 promissa
1910 2409 2167 2492 panenti

640 2509 1014 2573 Discedens
1044 2509 1393 2583 dederam3
1439 2529 1589 2571 cum
1616 2531 1719 2571 me
1750 2507 2127 2592 complexus
2156 2519 2419 2572 euntem

643 2609 948 2674 Mitteret
975 2610 1042 2672 in
1069 2630 1372 2692 magnum
1401 2608 1763 2692 imperium,
1794 2619 2221 2693 metuensque
2250 2620 2542 2673 moneret

644 2708 856 2774 Actes
887 2730 1033 2772 esse
1064 2709 1260 2782 viroS,
1290 2729 1437 2771 cum
1459 2707 1627 2771 dura
1658 2707 1889 2792 proelia
1918 2721 2135 2792 gente.

647 2810 741 2875 Et
770 2831 942 2874 nunc
972 2808 1076 2872 ille
1108 2809 1368 2893 quidem
1400 2831 1516 2892 spe
1548 2808 1819 2872 multum
1848 2820 2078 2894 captus
2110 2810 2285 2874 inani

509 2913 600 2973 50
643 2911 808 2974 Fors
839 2919 908 2972 et
935 2921 1088 2973 vota
1117 2910 1291 2984 facit,
1323 2908 1737 2991 cumulatque
1765 2908 1993 2972 altaria
2022 2911 2232 2974 doniS.

644 3009 790 3074 Nos
813 3009 1120 3091 juvenem
1151 3009 1537 3086 exanimum,
1570 3020 1637 3072 et
1666 3009 1754 3073 nil
1773 3011 1911 3094 jam
1938 3009 2311 3076 coelestibus
2344 3011 2491 3077 ullis

642 3109 1038 3184 Debentem,
1071 3130 1236 3172 vano
1264 3110 1480 3175 moesti
1509 3111 1885 3175 comitamur
1913 3110 2182 3175 honore.

539 3303 616 3348 25.
653 3303 792 3350 Hanc
805 3303 1024 3362 patriam,
1047 3314 1197 3348 novas
1210 3300 1352 3374 sedes
1369 3301 1420 3348 in
1437 3299 1592 3376 ’Latia

475 3428 782 3490 Τ,
829 3367 1595 3482 mmmm?

705 3495 891 3554 muiger,
1081 3525 1097 3547 ‚
1133 3500 1188 3537 ut
1213 3493 1316 3552 jam
1349 3506 1510 3554 supra,
1546 3500 1597 3538 et

475 3574 632 3668 ⁰⁰⁰3?
655 3553 877 3674 om·
911 3626 1146 3666 matrone
1189 3617 1426 3680 Trojanae.
1487 3619 1601 3667 Mos

473 3693 637 3732 autem
667 3691 932 3746 pei-penius
955 3681 1134 3730 veteris
1165 3682 1273 3738 aevi,
1303 3691 1360 3730 ut
1388 3682 1601 3730 lamenta

477 3762 628 3811 super
643 3757 833 3794 mortuo
849 3745 1066 3793 facerent
1085 3745 1306 3792 feminae:
1343 3745 1474 3792 idem
1493 3760 1600 3793 mos

475 3807 1450 3936 “zffiffiffimwgffl‘mfflhoess
1469 3871 1600 3933 quod

477 3940 652 4050 ‘2235‘
671 3934 1362 4111 ‘Elgff‘ssuihiffioff‘ffffiff‘
1379 3999 1601 4046 nonaum

478 4075 653 4121 setoso,
673 4073 743 4112 ait
795 4079 894 4111 etv.
1046 4076 1096 4108 m
1147 4077 1176 4108 e
1209 4071 1292 4108 oto
1307 4070 1357 4109 et
1375 4077 1406 4109 a
1426 4077 1601 4109 cruore

477 4145 512 4193 p
539 4195 574 4240 4
606 4226 620 4238 .
633 4137 960 4239 tollwtoeia
989 4205 1202 4262 magnum
1220 4191 1484 4262 ‚imperinm
1517 4204 1597 4262 re·-

475 4263 648 4319 spectu
660 4263 780 4318 puto
793 4254 1007 4325 fatomm
1022 4261 1075 4300 et
1090 4262 1428 4326 vaticiniorum
1442 4252 1504 4299 de
1521 4267 1597 4298 m-

475 4318 578 4367 itii·
599 4317 814 4380 potentis
835 4315 1044 4380 imperii,
1067 4315 1198 4377 quod
1222 4331 1274 4363 in
1309 4315 1452 4364 Italia
1481 4331 1598 4363 con-

473 4381 664 4430 diturus
686 4389 815 4427 esset
839 4379 1035 4427 AEneas.
1093 4379 1322 4428 Sollenne
1346 4395 1462 4428 vero
1484 4395 1599 4426 nos-

1664 3309 1738 3348 tro
1758 3309 1929 3362 poem,
1954 3308 2012 3348 ut
2026 3315 2089 3348 ex
2110 3301 2199 3348 hac
2223 3300 2331 3364 ipsa
2348 3300 2669 3366 pradictione
2698 3317 2795 3366 pe-

1662 3373 1733 3411 tat
1752 3379 1811 3412 ea
1832 3379 1940 3438 quae
1956 3363 2019 3412 ad
2038 3364 2428 3428 amplificandam
2442 3381 2605 3414 rerum
2626 3369 2791 3415 tenui-

1662 3436 1810 3475 tatem
1824 3443 1924 3486 ,vim
1944 3428 2125 3474 habere
2141 3427 2356 3491 poesintz
2392 3437 2447 3476 ut
2468 3429 2639 3492 paullo
2660 3441 2793 3488 ante,

1662 3493 1839 3538 Invidit
1882 3493 2088 3538 Fortuna
2126 3495 2254 3549 mihi,
2300 3509 2357 3539 ne
2398 3509 2543 3555 regna
2594 3497 2793 3542 videres.

1672 3553 1829 3616 Igitur
1846 3569 1974 3601 nunc
1990 3569 2081 3617 pro
2100 3553 2301 3616 vulgari.
2323 3555 2515 3604 mittere
2538 3557 2599 3604 ad
2620 3557 2795 3606 debel-

1664 3616 1834 3664 landos
1868 3616 2069 3664 Latinos
2103 3627 2153 3666 et
2184 3634 2336 3668 novas
2368 3619 2508 3668 sedes
2540 3620 2593 3668 in
2645 3621 2795 3670 Latio

1664 3679 1917 3744 parandas.

1732 3747 1811 3802 51,
1836 3747 1913 3792 52.
1948 3746 2038 3792 Nu
2054 3743 2163 3806 jam
2194 3749 2453 3794 eoelestibus
2472 3749 2583 3794 ull-'e
2605 3749 2793 3796 Deben-

1668 3816 1769 3856 tem.
1826 3807 2064 3857 Animose
2086 3808 2300 3858 dictum!
2338 3809 2671 3858 Referendum
2700 3826 2793 3859 au-

1666 3880 1764 3920 tem
1788 3871 1850 3920 ad
1870 3888 1915 3920 v.
1942 3873 2018 3929 50,
2042 3869 2283 3931 musaeu
2304 3876 2589 3936 unuhtque
2614 3877 2799 3924 alem

1666 3938 1809 3992 donis,
1834 3944 1979 3996 atque
2003 3934 2121 3983 hinc
2142 3935 2497 3984 illustrandum.
2556 3937 2655 3992 Qui
2679 3949 2801 3988 von

1665 3998 1793 4054 facit,
1817 4001 1978 4046 debere
2000 3999 2179 4047 dicitur
2200 4001 2305 4056 diis,
2338 3999 2379 4047 si
2408 4011 2513 4048 rata
2536 4009 2677 4056 sunu
2714 4003 2799 4051 sin

1664 4061 1803 4109 irrita
1822 4069 1951 4118 sunt,
1976 4061 2099 4109 nihil
2118 4063 2276 4110 debet.
2323 4063 2464 4110 Adeo
2475 4065 2647 4125 juveni
2658 4067 2801 4126 justa

1664 4125 2001 4188 persolvimus,
2044 4141 2136 4188 pro
2180 4141 2277 4187 quo
2322 4136 2435 4174 vota
2464 4129 2527 4176 ab
2560 4128 2801 4178 Evandro

1664 4197 1803 4251 patre
1834 4189 2015 4236 fnistra
2048 4199 2273 4254 suscepta
2306 4189 2459 4246 fuere,
2483 4199 2535 4238 et
2554 4206 2699 4254 quem
2722 4193 2799 4241 dii

1665 4251 1852 4300 salvum
1876 4261 1927 4300 et
1944 4252 2239 4302 incolumem
2266 4269 2375 4302 esse
2398 4253 2609 4303 noluere.
2668 4257 2801 4305 Vm

1664 4315 1914 4373 hactenus,
1940 4315 2069 4378 quod
2103 4331 2161 4364 eo
2184 4325 2403 4366 mortuus
2437 4317 2491 4366 in
2520 4318 2671 4367 vitam
2694 4335 2799 4368 non

1666 4389 1933 4428 revocatur.
1992 4379 2075 4428 Sic
2096 4380 2160 4436 vi,
2186 4381 2295 4438 886,
2322 4385 2454 4430 inane
2476 4399 2649 4431 micans.
