3050 4934
1186 251 1525 318 LIBER
1572 252 1703 317 VI.

452 403 649 468 Unde
678 415 879 470 ruunt
907 405 1179 469 totidem
1212 425 1426 480 voces,
1459 425 1776 489 responsa
1808 403 2095 489 Sibyllae.

320 504 407 567 45
450 503 739 569 Ventum
766 516 909 570 erat
936 505 1022 568 ad
1048 504 1263 582 limen,
1293 527 1493 588 quum
1523 506 1730 589 virgo,
1764 505 2051 570 Poscere
2081 505 2216 570 fata

451 604 769 692 Tempus,
800 605 925 669 ait:
972 606 1162 681 deus,
1196 627 1347 670 ecce
1380 606 1567 670 deus.
1647 605 1772 670 Cui
1803 604 1958 669 talia
1987 605 2148 670 fanti

450 704 630 770 Ante
660 705 859 782 fores,
892 706 1109 769 subito
1136 728 1268 770 non
1297 705 1540 783 vultus,
1573 727 1702 770 non
1731 704 1912 770 color
1941 729 2134 782 unus,

452 803 608 870 Non
636 816 867 871 comtae
892 827 1187 871 mansere
1220 829 1456 884 comae3
1504 807 1622 870 sed
1654 817 1884 890 pectus
1917 805 2245 883 anhelum,

454 907 547 970 Et
576 908 755 971 rabie
786 905 925 970 fera
955 909 1155 972 corda
1183 919 1471 985 tument;
1518 909 1852 992 majorque
1883 907 2111 983 videri,

325 1007 411 1070 50
452 1008 601 1072 Nec
630 1007 899 1072 mortale
932 1031 1206 1087 sonans3
1252 1008 1471 1073 afflata
1498 1021 1602 1072 est
1631 1010 1890 1072 numine
1923 1008 2187 1092 quando

452 1107 603 1172 Jam
632 1110 936 1193 propiore
966 1111 1095 1174 dei.
1172 1109 1411 1174 Cessas
1440 1111 1507 1174 in
1535 1119 1690 1173 vota
1718 1131 2104 1193 precesque,

456 1209 653 1287 Tros,
686 1211 796 1286 ait,
828 1209 1091 1275 AEnea't'
1137 1213 1401 1275 cessas?
1448 1232 1662 1294 neque
1691 1211 1860 1274 enim
1891 1221 2042 1274 ante
2071 1209 2413 1276 dehiscent

457 1308 774 1374 Attonitae
802 1332 1037 1394 magna
1066 1333 1183 1376 ora
1214 1312 1465 1375 domuS.
1545 1311 1639 1375 Et
1665 1311 1818 1375 talia
1849 1311 1988 1375 fata

457 1411 803 1476 Conticuit.
880 1411 1161 1476 Gelidus
1191 1411 1470 1475 Teucris
1500 1433 1622 1495 per
1649 1411 1818 1474 dura
1846 1411 2132 1475 cucurrit

328 1513 412 1576 55
456 1513 633 1577 Ossa
663 1524 925 1590 tremor,
960 1513 1301 1595 funditque
1334 1533 1564 1595 preces
1596 1533 1715 1576 rex
1743 1521 2011 1595 pectore
2043 1512 2127 1575 ab
2155 1511 2318 1580 imo:

454 1613 735 1691 Phoebe,
765 1636 998 1699 graves
1028 1614 1255 1698 Trojae
1286 1634 1544 1697 semper
1567 1612 1870 1676 miserate
1899 1610 2181 1688 labores,

456 1714 773 1780 Dardana
800 1717 923 1800 qui·
941 1715 1197 1779 Paridis
1230 1713 1471 1778 direxti
1499 1712 1632 1778 tela
1659 1734 2017 1796 manusque

455 1818 715 1902 Corpus
744 1819 811 1882 in
842 1818 1175 1895 lEacidae3
1220 1837 1486 1900 magnas
1518 1814 1828 1880 obeuntia
1858 1825 2066 1878 terras

454 1919 593 1984 Tot
619 1921 820 1984 maria
846 1920 1100 1996 intravi,
1124 1920 1292 1984 duce
1323 1928 1411 1995 te,
1445 1918 1838 2002 penitusque
1869 1915 2168 2000 repostas

326 2021 415 2084 60
456 2020 820 2104 Massylum
849 2032 1102 2104 gentes,
1132 2027 1584 2104 praetentaque
1617 2018 1920 2101 Syrtibus
1951 2039 2141 2094 arva3

454 2121 501 2185 J
502 2143 605 2186 am
632 2122 897 2184 tandem
925 2119 1133 2184 Italiae
1160 2120 1467 2203 fugientis
1499 2119 1878 2204 prendimus
1907 2139 2080 2182 oras.

458 2221 609 2286 Hac
639 2221 931 2305 Trojana
959 2231 1149 2285 tenus
1180 2219 1377 2285 fuerit
1406 2219 1670 2285 fortuna
1701 2229 1946 2284 secuta.

459 2321 601 2386 Vos
632 2344 891 2406 quoque
923 2322 1300 2406 Pergameae
1320 2322 1458 2406 jam
1486 2320 1586 2384 fas
1617 2331 1719 2384 est
1747 2341 2016 2404 parcere
2047 2321 2248 2403 genti,

460 2422 682 2507 Dique
712 2424 985 2506 deoeque
1016 2443 1261 2498 omnes,
1292 2423 1529 2506 quibus
1561 2422 1816 2484 obstitit
1845 2419 2033 2482 Ilium
2063 2430 2132 2484 et
2159 2422 2388 2504 ingens

327 2525 415 2589 65
459 2523 691 2588 Gloria
720 2523 1097 2588 Dardaniae.
1174 2521 1439 2606 Tuque,
1472 2545 1513 2586 o
1545 2521 1946 2586 sanctissima
1975 2531 2182 2596 vates,

458 2625 743 2690 Praescia
772 2624 1047 2702 venturi,
1080 2623 1187 2702 da,
1217 2646 1347 2688 non
1375 2623 1668 2689 indebita
1699 2643 1900 2706 posco

286 2815 834 2930 mmmm.
851 2816 1017 2928 '1232
1036 2815 1410 2928 aasz&

288 2945 402 3003 tius,
455 2947 575 2993 latae
617 2949 815 2992 excisum
860 2947 909 2992 ἔτι
949 2951 1145 2992 onmem.
1221 2946 1407 3000 Aditus,

320 3019 420 3067 uta,
446 3007 749 3058 subterranei
783 3018 985 3066 meatus,
1009 3006 1249 3070 σύριγγες,
1272 3016 1329 3056 ιιι
1356 3006 1409 3056 ἰιι

354 3082 505 3148 gypto
540 3072 919 3138 appellabantur.
984 3072 1129 3126 Quod
1162 3072 1204 3120 si
1242 3071 1407 3134 itaque

288 3137 341 3185 in
362 3137 593 3186 interiore
615 3147 769 3194 antro,
793 3137 951 3201 adyto,
976 3135 1159 3200 Sibylla
1180 3135 1409 3184 vaticinia

288 3201 529 3259 effiiretur,
566 3202 815 3249 remeabat
836 3217 930 3248 vox
960 3215 1049 3264 per
1079 3199 1298 3248 infinitos
1318 3201 1409 3248 hos

287 3265 594 3324 canaliculos,
650 3279 737 3313 seu
782 3264 1079 3328 spiramenta
1121 3274 1171 3312 et
1218 3263 1405 3318 exitum

288 3345 398 3394 quae
438 3345 515 3378 res
504 3329 647 3442 ⁰5:3⁸
653 3328 939 3440 religipisissm·
945 3329 1227 3440 t'horrorem
1268 3327 1407 3376 valde

288 3409 503 3442 acconam
669 3407 775 3440 esse
831 3409 859 3440 e
894 3407 943 3440 m

354 3459 562 3505 45—50.
597 3457 814 3520 Tempus
834 3456 897 3504 ad
918 3456 1165 3504 oraculum
1182 3455 1409 3520 precibus

288 3521 601 3586 poscendum,
636 3529 693 3569 ut
724 3535 787 3569 ex
824 3536 868 3568 v.
910 3521 967 3567 51
1006 3535 1067 3584 ap
1102 3528 1233 3568 aret:
1283 3523 1408 3578 deus,

286 3601 388 3634 ecee
424 3587 564 3640 dem,-
598 3583 749 3633 sentit
775 3585 907 3632 enim
942 3583 1027 3632 illa
1080 3599 1221 3632 urore
1244 3583 1409 3632 divino

288 3665 342 3698 se
364 3648 544 3713 corripi
574 3649 664 3697 sub
688 3649 857 3712 templi
878 3647 1077 3696 aditum.
1132 3651 1234 3696 Nec
1255 3655 1409 3696 comtae

288 3729 492 3762 mansere
514 3729 647 3761 coma
663 3731 679 3759 .·
712 3712 846 3775 atqui
877 3721 1017 3760 erant
1044 3711 1142 3760 illae
1167 3712 1407 3770 resolutae,

288 3787 346 3826 ιιι
380 3777 432 3824 in
466 3777 617 3825 sacris
650 3792 758 3825 mos
796 3785 914 3834 erat,
953 3775 1105 3838 igitur
1142 3791 1271 3824 nunc
1312 3790 1409 3823 nou

288 3855 512 3892 mansere
534 3849 589 3889 ut
618 3849 771 3898 erant,
806 3839 860 3888 in
888 3855 976 3888 suo
999 3840 1162 3904 positu
1184 3839 1407 3898 naturali,

289 3905 376 3954 sed
399 3916 484 3954 aut
504 3906 643 3953 factae
664 3915 780 3953 sunt
798 3905 1075 3960 horrentem
1100 3913 1185 3952 aut
1201 3907 1407 3966 jactatae,

289 3969 419 4032 quod
440 3969 621 4017 malim.
666 3969 905 4031 Majorque
925 3971 1086 4026 videri,
1103 3966 1275 4029 μείζων
1293 3967 1407 4017 εἰσι-

291 4035 402 4091 δεῖν,
449 4044 506 4081 ιιι
561 4032 721 4082 solent
772 4036 953 4095 majora
1000 4032 1107 4082 visu
1154 4047 1259 4080 esse
1304 4047 1411 4094 quae

290 4097 507 4146 animum
540 4112 807 4158 sensusque
839 4097 1095 4147 miratione
1119 4096 1409 4172 percellunt.

290 4163 392 4273 Asge-
408 4165 597 4274 πισὲῗὲε
612 4179 789 4219 sonans,
805 4161 1020 4225 adeoque
1033 4161 1255 4210 clinnum
1271 4160 1408 4222 quid:

290 4242 339 4273 va
376 4262 387 4272 .
414 4241 446 4273 v
583 4262 594 4274 .

355 4262 563 4338 fill-53.
603 4293 762 4338 Cessas
788 4293 836 4337 u'n
864 4297 981 4347 vota,
1007 4289 1067 4337 ad
1088 4296 1213 4346 vota,
1238 4287 1408 4351 exqui-

290 4353 434 4402 sitius
469 4353 667 4413 dictum,
707 4369 853 4416 quam
892 4369 1052 4402 cessas
1090 4351 1249 4400 facere
1286 4361 1409 4400 vota.

294 4419 447 4475 Enim,
472 4427 527 4466 ut
553 4418 687 4476 alias,
724 4433 827 4482 pro,
864 4432 995 4472 vero,
1034 4416 1137 4465 scil.
1176 4415 1267 4464 nisi
1303 4425 1413 4463 vota

1472 2814 1660 2864 seceris.
1717 2816 1942 2862 Alton-'te
1967 2829 2135 2876 magna
2161 2827 2244 2860 ora
2275 2815 2444 2872 donus,
2467 2813 2595 2864 inte—

1473 2879 1618 2928 rioris
1639 2878 1836 2941 majoris
1857 2877 2000 2934 antri,
2021 2887 2250 2939 tanquam
2272 2877 2419 2940 adyti,
2443 2878 2596 2928 fores:

1473 2946 1682 2992 attonita·
1695 2961 1713 2997 ‚-
1747 2951 1805 2990 ut
1823 2941 1897 2990 rei
1923 2940 2202 2990 inanimam
2223 2939 2464 2990 tribuatur
2481 2957 2594 2990 sen-

1474 3023 1559 3056 sus
1581 3007 1710 3054 idem
1732 3005 1816 3069 qui
1837 3014 1911 3054 est
1933 3005 1983 3052 in
2007 3004 2068 3053 iis
2091 3004 2173 3068 qui
2201 3015 2404 3068 repente
2425 3006 2596 3054 revelli

1471 3072 1600 3120 fores
1623 3071 1840 3119 audiunt.
1897 3068 2096 3118 Scilicet
2115 3069 2321 3117 debebat
2342 3085 2450 3118 esse
2471 3077 2594 3118 atto-

1471 3139 1568 3183 nito
1609 3135 1696 3183 tibi
1735 3143 1934 3198 propter
1968 3133 2109 3191 fores,
2148 3133 2231 3182 ubi
2269 3134 2594 3184 revellenturt

1474 3199 1762 3248 transfertur
1785 3198 1974 3246 doctius
1997 3199 2246 3263 epitheton
2269 3198 2330 3245 ad
2339 3196 2484 3260 sores.

1540 3264 1617 3310 56.
1649 3264 1762 3310 Sem
1829 3278 1854 3310 r
1871 3277 1901 3309 a
1918 3263 2240 3325 Trojanorum
2259 3261 2478 3324 partibus
2499 3271 2597 3311 stat

1472 3327 1653 3390 Apollo
1673 3326 1726 3374 in
1805 3341 1985 3375 omero.

1539 3389 1615 3440 67.
1667 3389 1868 3438 Fundus
1911 3389 2050 3437 Iliad.
2089 3406 2144 3450 χ,
2185 3389 2294 3436 359.
2341 3387 2435 3436 Est
2467 3387 2598 3436 inter

1474 3454 1860 3503 memorabilium
1877 3453 2057 3501 factum
2077 3453 2168 3514 hoc
2188 3451 2447 3514 Apollinis,
2467 3452 2598 3512 quod

1474 3518 1578 3567 sive
1609 3535 1698 3568 suo
1730 3517 1834 3566 sive
1858 3517 2050 3564 Paridis
2077 3515 2172 3563 telo
2192 3513 2435 3561 Achillem
2465 3513 2593 3562 occi·

1474 3582 1572 3638 din
1620 3585 1725 3643 ejus
1757 3581 1888 3628 enim
1923 3589 2078 3628 morte
2111 3578 2264 3624 fatum
2297 3577 2458 3638 TroJae
2491 3577 2592 3640 pri-

1474 3662 1607 3695 mum
1644 3645 1968 3699 differebatur,
2003 3651 2107 3690 tum
2133 3649 2296 3688 autem
2329 3639 2412 3687 ille
2442 3641 2598 3688 multo

1472 3710 1669 3773 gravius
1685 3708 1940 3757 saeviturus
1957 3706 2130 3754 fuisset
2149 3704 2203 3751 in
2221 3705 2458 3768 Trojanos
2476 3706 2596 3754 urbe

1473 3783 1780 3886 wlff-‘'⁶¹¹3‘'
1788 3769 2241 3908 31313‘3‘5‘2311.
2255 3841 2430 3907 ..um
2500 3832 2598 3880 p„

1476 3901 1644 3950 Poenis
1665 3903 1894 3964 Massylo-t
1923 3909 2152 3962 tanquam
2175 3911 2376 3954 vicinos,
2400 3905 2450 3944 et
2479 3899 2594 3958 Syr-

1476 3974 1544 4016 tes
1592 3977 1822 4030 tanquam
1876 3963 2058 4012 Africae
2096 3962 2396 4024 adjacentem
2446 3975 2596 4008 oram.

1476 4034 1669 4080 Pem‘tm
1697 4033 1900 4091 reponas
1927 4035 2087 4092 gentes
2101 4045 2118 4079 ,-
2151 4025 2348 4089 positas,
2371 4023 2594 4072 babitan-

1478 4105 1552 4144 tes
1583 4095 1638 4143 in
1668 4094 1900 4143 interiore
1935 4091 2116 4140 Africa.
2173 4091 2330 4136 ltalt'ae
2349 4085 2597 4150 sug-lentis,

1476 4159 1573 4208 vid.
1619 4175 1726 4232 sup.
1767 4174 1812 4214 v,
1851 4157 1961 4205 629.
2033 4153 2234 4217 Trqy'am
2257 4151 2470 4215 fortuna,
2509 4151 2594 4200 ad-

1474 4239 1616 4271 versa
1637 4223 1738 4272 scil.

1542 4288 1619 4334 64.
1659 4289 1834 4338 Quibus
1866 4287 2046 4332 obstitit
2059 4301 2077 4337 ‚-
2110 4297 2218 4344 quae
2241 4279 2458 4329 consiliis
2481 4295 2594 4330 nos-

1476 4350 1567 4398 tris
1589 4350 1844 4406 obsistunt,
1867 4347 2026 4396 invisa
2047 4355 2174 4396 sunt.

1545 4415 1749 4460 64-68.
1787 4415 1878 4469 Da,
1902 4412 1992 4468 fac,
2017 4410 2166 4468 effice,
2193 4418 2246 4458 ut
2267 4408 2464 4474 passim,
2489 4425 2533 4457 v.
2553 4425 2595 4456 c.

1402 4482 1431 4525 3
1458 4493 1487 4525 ιι
