3050 4934
516 225 640 290 104

1329 222 2005 290 GEORGICON

677 375 1029 454 Plurimus,
1062 386 1130 440 et
1161 375 1350 442 strati
1379 375 1599 440 baccis
1634 373 2039 439 silvestribus
2068 373 2233 458 agri.

679 479 776 542 At
809 501 959 562 quae
989 479 1253 562 pinguis
1285 477 1520 541 humus
1551 475 1857 561 dulcique
1884 474 2125 560 uligine
2153 472 2327 550 laeta,

519 581 641 644 185
687 579 953 664 Quique
985 579 1294 663 frequens
1322 578 1549 644 herbis
1579 589 1657 650 et,
1676 575 1907 642 fertilis
1936 577 2141 641 ubere
2172 595 2463 658 campus,

682 681 967 754 Qualem
998 702 1175 764 saepe
1207 702 1366 744 cava
1395 681 1633 744 montis
1664 677 1953 744 convalle
1985 676 2265 742 solemus

679 781 1066 867 Dispicere3
1112 782 1244 846 huc
1275 782 1540 846 summis
1569 781 1907 867 liquuntur
1936 781 2211 865 rupibus
2240 800 2487 854 amnes,

677 883 1092 968 Felicemque
1122 883 1393 948 trahunt
1423 881 1679 962 limum3
1726 883 1969 968 quique
2000 882 2217 946 editus
2249 878 2524 957 Austro,

682 985 776 1050 Et
805 983 1041 1050 filicem
1071 986 1284 1050 curvis
1315 985 1589 1050 invisam
1618 985 1830 1070 pascit
1858 984 2091 1049 aratris
2116 1009 2134 1061 3

511 1089 637 1153 190
681 1087 814 1153 Hic
843 1087 959 1152 tibi
991 1086 1378 1173 proevalidas
1407 1086 1559 1153 olim
1588 1087 1921 1172 multoque
1950 1086 2231 1151 fluentes

683 1190 980 1255 Sufficiet
1004 1188 1274 1254 Baccho
1304 1191 1506 1267 vites3
1553 1189 1661 1254 hic
1692 1187 1923 1253 fertilis
1952 1211 2120 1264 uvae,

680 1291 812 1356 Hic
841 1289 1071 1365 laticis,
1107 1289 1364 1374 qualem
1391 1291 1639 1376 pateris
1668 1289 1941 1355 libamus
1971 1299 2041 1354 et
2068 1310 2253 1365 auro,

685 1391 944 1456 Inflavit
971 1413 1172 1476 quum
1201 1392 1462 1476 pinguis
1491 1393 1659 1456 ebur
1689 1390 2079 1476 Tyrrhenus
2107 1391 2196 1455 ad
2226 1411 2397 1465 aras,

689 1493 1020 1558 Lancibus
1051 1505 1120 1558 et
1147 1493 1384 1578 pandis
1413 1493 1729 1558 fumantia
1756 1492 2091 1558 reddimus
2120 1501 2297 1556 exta.

515 1595 637 1659 195
683 1595 799 1659 Sin
829 1607 1122 1660 amenta
1149 1596 1355 1680 magis
1388 1595 1677 1660 studium
1708 1593 2071 1678 vitulosque
2104 1593 2295 1668 tueri,

679 1695 823 1760 Aut
856 1697 1054 1762 foetus
1089 1699 1325 1775 ovium,
1357 1709 1472 1762 aut
1498 1708 1768 1762 urentes
1798 1694 1973 1760 culta
2002 1692 2322 1780 capellas3

683 1797 931 1876 SaltuS,
963 1811 1031 1864 et
1061 1798 1266 1864 saturi
1297 1801 1506 1884 petito
1536 1798 1890 1882 longinqua
1921 1795 2219 1872 Tarenti,

511 2045 603 2080 nos
621 2045 680 2078 eo
697 2029 894 2079 nomine
915 2030 1232 2095 appellamus.
1281 2032 1515 2079 Plurimus
1532 2049 1547 2078 .-
1580 2039 1639 2079 ut
1703 2045 1872 2079 corum
1888 2037 2219 2079 commentum
2234 2027 2374 2078 valde
2385 2031 2610 2091 jeiunum
2622 2029 2841 2080 videtur.

509 2097 632 2144 Geo.
655 2095 688 2152 i,
715 2094 822 2152 187,
849 2097 962 2143 Can
983 2112 1032 2143 se
1053 2111 1148 2143 m
1171 2097 1376 2156 plurim
1400 2097 1529 2144 silvis
1552 2097 1634 2144 In·
1702 2095 1902 2144 Scilicet
1921 2103 2069 2160 poeta
2086 2111 2249 2142 aaran
2264 2093 2553 2157 simpliciter
2564 2109 2656 2158 pro
2668 2103 2845 2156 patera

508 2162 619 2207 ἀεὶ
663 2163 711 2208 is
744 2161 906 2219 florea·
924 2177 940 2207 .-
987 2159 1072 2207 ubi
1117 2158 1311 2208 oleastri
1357 2159 1639 2223 frequentes
1702 2176 1847 2208 aurea
1872 2159 2034 2208 dicere
2066 2167 2255 2224 potest:

514 2233 795 2272 nascuntur.

579 2288 850 2335 184—191.
875 2285 1046 2335 Solum
1063 2287 1248 2352 pingue
1269 2287 1452 2337 vitibus
1474 2289 1638 2336 colen-

511 2351 590 2400 dis
622 2351 853 2400 idoneum
887 2363 976 2399 est.
1034 2355 1104 2400 At
1134 2355 1294 2402 hamas
1326 2369 1427 2415 qaae
1451 2357 1643 2416 pinguis

514 2424 566 2464 et
583 2415 827 2480 uliginosa
848 2429 937 2474 est,
962 2423 1010 2464 et
1028 2433 1226 2478 campas,
1251 2420 1330 2479 qni
1365 2419 1518 2465 editus
1538 2421 1639 2465 Au-

511 2489 622 2538 stro,
643 2496 814 2530 versus
834 2481 1088 2538 Austrum,
1107 2489 1198 2540 est,
1221 2483 1408 2530 et—-hic
1432 2485 1518 2530 tibi
1540 2479 1643 2542 saf-

497 2547 632 2606 ficiet
654 2549 760 2593 olis·
777 2549 892 2594 vites
903 2547 1198 2607 praevalidos,
1223 2545 1403 2594 vitibus
1425 2545 1645 2594 colendis

512 2609 718 2658 idoneus
771 2619 858 2658 est.
941 2609 1298 2672 Pinguedinem
1342 2621 1392 2657 et
1435 2613 1550 2657 aber
1592 2610 1639 2658 h.

513 2675 786 2722 ubertatem
806 2672 897 2722 soli
917 2673 1136 2721 colendis
1158 2673 1419 2722 convenire
1442 2673 1640 2732 vitibus,

511 2737 654 2786 docet
667 2747 838 2802 poeta:
863 2738 1178 2786 consentiunt
1188 2737 1260 2787 rei
1276 2738 1470 2787 ruaticae
1483 2740 1641 2803 scrip-

515 2813 670 2850 wres:
721 2801 818 2850 vid.
861 2801 1084 2868 inprimis
1129 2802 1317 2852 Colum.
1361 2803 1430 2861 iii,
1471 2804 1547 2862 11,
1596 2805 1639 2852 8.

515 2865 714 2914 Scilicet
745 2866 1055 2915 referendum
1078 2877 1129 2915 et
1150 2867 1240 2916 hoc
1263 2867 1324 2916 ad
1351 2867 1544 2917 diversa
1565 2869 1639 2917 vi-

517 2929 638 2979 tium
661 2946 843 2995 genera
872 2941 922 2979 et
944 2931 1186 2980 diversam
1207 2931 1318 2980 coeli
1339 2931 1526 2995 solique
1552 2949 1638 2982 na-

519 3004 693 3044 turam.

585 3061 690 3117 187,
729 3061 835 3109 188.
883 3063 1122 3122 Dispicere
1165 3075 1256 3124 pro
1288 3061 1492 3123 vulgari,
1528 3077 1643 3126 pro·

514 3123 719 3188 spicere,
755 3123 949 3173 videre:
990 3127 1078 3172 huc
1108 3129 1294 3173 summis
1325 3127 1647 3188 &quantur-,—

514 3192 679 3251 quique
709 3191 862 3238 editus
891 3192 1064 3237 Austro
1079 3207 1095 3235 .·
1129 3188 1180 3237 in
1205 3188 1392 3252 vulgari
1425 3191 1646 3240 oratione

515 3253 703 3311 fuisset,
726 3253 1141 3316 quo—liquuntur
1161 3261 1212 3302 et
1229 3253 1401 3328 limum
1422 3256 1643 3312 trahunt3

515 3317 936 3440 zffitffi‘szrs?
937 3334 992 3430 ¹12¹.
1017 3319 1645 3441 ffiffiufflffidgffl

515 3462 610 3509 que
633 3445 680 3494 ei
699 3445 951 3511 expositus
981 3455 1069 3495 est.
1125 3449 1261 3495 Felix
1285 3450 1432 3504 limus,
1457 3447 1520 3495 ad
1546 3448 1643 3496 fer-

517 3511 746 3560 tilitatem
793 3510 990 3569 faciens,
1043 3511 1341 3561 foecundans.
1433 3512 1648 3576 Magnus

513 3586 783 3633 auctorum,
819 3575 902 3639 qui
935 3576 996 3624 de
1030 3576 1210 3626 vitibus
1241 3576 1458 3625 colendis
1489 3577 1645 3642 scrip-

513 3657 639 3699 sere,
675 3640 726 3689 in
761 3641 854 3690 hoc
891 3641 1152 3701 dissensus,
1187 3658 1299 3691 cum
1333 3641 1416 3690 alii
1453 3642 1651 3691 Austris

515 3705 736 3754 infestari
759 3705 928 3754 vineas
953 3706 1157 3754 tradant.
1227 3705 1425 3755 Scilicet
1452 3716 1649 3782 poetam

515 3769 577 3818 de
601 3768 760 3818 vineis
781 3768 834 3817 in
857 3769 960 3818 solo
981 3770 1170 3826 humili,
1192 3770 1380 3834 pingui,
1405 3771 1648 3834 uliginoso

515 3834 650 3890 satis,
669 3834 791 3882 alios
805 3833 867 3882 de
880 3833 1086 3882 collibus
1102 3833 1249 3896 loqui,
1271 3835 1537 3884 tenendum
1554 3845 1642 3884 est.

587 3899 694 3947 189.
731 3896 858 3947 Plin.
879 3897 996 3956 xvii,
1019 3901 1065 3956 4,
1089 3914 1126 3946 s.
1152 3899 1196 3955 3,
1229 3901 1456 3962 Virgilius
1475 3909 1524 3948 et
1544 3917 1645 3963 quae

507 3965 677 4023 filicem
697 3961 846 4025 ferat,
873 3979 960 4011 nou
989 3966 1214 4024 inprobat
1245 3967 1429 4012 vitibus.
1486 3967 1647 4013 Invisa

516 4033 692 4075 aratris
722 4037 926 4092 propter
956 4027 1194 4092 implexas
1225 4027 1356 4076 inter
1377 4045 1431 4076 se
1463 4039 1516 4076 et
1547 4030 1645 4078 late

517 4101 771 4153 serpentes
789 4093 992 4151 radices,
1007 4093 1202 4142 easdem
1223 4092 1495 4158 exstirpatu
1517 4093 1644 4142 diffl-

515 4154 652 4211 ciles,
674 4155 964 4220 πολύῤῥιζος.

588 4221 858 4269 190—194.
909 4221 1068 4270 Valde
1111 4230 1282 4270 ornate
1325 4221 1466 4270 effert
1509 4221 1644 4281 illud,
1710 4223 1726 4270 l

516 4283 972 4348 praestantissimum
997 4287 1166 4336 vinum
1186 4287 1238 4335 in
1261 4287 1342 4335 tali
1369 4287 1473 4336 solo
1495 4287 1644 4336 nasci.

517 4350 704 4396 Pater-is
720 4357 768 4396 et
783 4365 896 4425 aug-o
914 4358 1086 4426 notum
1106 4361 1182 4400 est
1197 4351 1260 4400 ad
1275 4366 1420 4426 quam
1439 4352 1647 4415 figuram

517 4413 673 4460 soleat
693 4413 880 4461 resem.
953 4414 1082 4462 Mun
1103 4425 1268 4464 tamen
1290 4417 1342 4464 nd
1362 4415 1644 4478 grammati-

2292 2174 2423 2222 εει-με
2453 2158 2547 2206 boc
2580 2173 2681 2206 uno
2712 2175 2839 2208 con-

1706 2233 1871 2272 tentus
1898 2233 1998 2279 esu
2034 2222 2295 2280 interdum,
2320 2233 2377 2271 ut
2402 2223 2450 2270 1ι.
2474 2222 2523 2281 1.,
2548 2223 2639 2270 hoc
2670 2223 2843 2287 ipsum

1707 2287 2000 2352 explicative
2048 2287 2267 2352 apponit,
2312 2303 2426 2335 cum
2542 2286 2842 2336 ner-aliorem

1709 2367 1877 2400 vocem
1909 2351 2123 2416 primum
2248 2351 2415 2400 uisset.
2520 2349 2722 2400 imiliter
2756 2367 2847 2402 res

1707 2431 1815 2465 sese
1844 2417 1992 2466 habet
2024 2415 2075 2464 in
2107 2415 2217 2464 alus
2247 2430 2389 2464 exem
2424 2414 2500 2463 lis.
2558 2415 2847 2466 Tibicinem

1709 2481 1977 2529 Etruscum
1997 2479 2250 2529 sacrificiis
2272 2480 2385 2528 adhi
2419 2479 2543 2528 itum
2564 2479 2731 2538 filinae,
2758 2481 2843 2529 vel

1708 2560 1771 2593 ex
1792 2545 1934 2593 Livio
1955 2553 2126 2593 notum
2150 2555 2237 2593 est.
2278 2546 2476 2608 Pinguis
2497 2544 2549 2592 in
2571 2543 2847 2594 ludibrium

1705 2609 1867 2673 gentis
1880 2609 2065 2657 dictum
2078 2623 2186 2658 esse
2198 2609 2406 2658 videtur.
2452 2607 2628 2658 Catuli.
2646 2609 2843 2667 xxxvii,

1714 2675 1786 2731 11,
1812 2677 1913 2722 Aut
1932 2682 2097 2738 pastus
2122 2677 2291 2722 Umber
2310 2681 2395 2722 aut
2416 2676 2573 2721 obesus
2596 2676 2845 2723 Etruscus.

1710 2739 1841 2787 Nam
1882 2739 1943 2787 ad
1985 2740 2163 2786 buccas
2205 2737 2397 2786 inflatas
2440 2737 2625 2786 referre
2666 2737 2843 2787 nolim.

1711 2802 1950 2851 Habitum
1990 2803 2209 2866 corporis
2252 2817 2315 2850 ex
2352 2802 2561 2850 assiduis
2600 2802 2843 2852 sacrifici-

1706 2883 1847 2915 orum
1879 2865 2051 2932 epulis,
2080 2867 2255 2929 quibus
2286 2867 2643 2915 adhibebantur
2674 2865 2845 2916 tibici-

1707 2931 2059 3044 Zebsarexprimg,
2082 2946 2181 2980 non
2213 2931 2339 3044 msse
2370 2931 2845 3045 sagula-&mebar-

1865 3007 1942 3045 est
1973 3007 2011 3044 u
2046 3011 2094 3044 ta
2126 3011 2189 3044 ex
2222 3012 2251 3044 e
2312 3011 2382 3044 re.
2648 3013 2715 3053 as,
2818 3025 2845 3036 -

1710 3075 1834 3119 mus,
1859 3060 1954 3110 diis
1972 3059 2233 3110 offerimus.
2270 3060 2528 3108 Sacrorum
2548 3061 2849 3109 vocabulum

1712 3139 1818 3174 esse
1854 3126 2001 3174 ctiam
2034 3125 2234 3173 Servius
2264 3133 2415 3172 notat.
2473 3125 2587 3173 AEn.
2614 3125 2698 3183 xii,
2725 3127 2846 3184 215,

1710 3193 1886 3239 moer-a
1906 3194 2019 3239 vivis
2041 3192 2278 3253 Eripiunt,
2302 3192 2617 3253 muniuntque
2640 3195 2851 3238 oneratis

1711 3257 1919 3303 hnc-ibus
1940 3271 2062 3302 arae.

1781 3321 1887 3377 195,
1905 3321 2009 3369 196.
2022 3320 2683 3383 Observeturpraeceptorum
2698 3317 2755 3366 in
2764 3317 2849 3367 his

1710 3382 1879 3432 formis
1902 3383 2107 3432 variatio
2129 3393 2179 3431 et
2200 3382 2435 3432 orationis
2456 3381 2609 3458 copia.
2676 3383 2850 3445 Agros

1712 3447 1952 3496 saltuosos
1974 3457 2025 3496 et
2046 3447 2133 3496 irri
2202 3463 2256 3496 os
2280 3446 2477 3511 pascuis
2506 3447 2708 3494 idoneos
2732 3461 2849 3496 esse

1712 3522 1893 3560 monet.
1944 3512 2137 3577 Exemp
2157 3528 2185 3560 a
2208 3527 2337 3560 nunc
2358 3511 2412 3559 in
2436 3511 2597 3576 ipsum
2618 3525 2847 3576 pracep-

1715 3584 1818 3624 tum
1840 3577 2097 3625 convertit.
2160 3579 2315 3634 Tener-i,
2336 3587 2393 3624 ut
2412 3591 2621 3634 servare,
2646 3590 2705 3622 eo
2725 3591 2847 3625 sen-

1713 3656 1771 3690 su
1806 3656 1903 3704 quo
1936 3650 2010 3690 est
2037 3641 2239 3698 nun-ire,
2264 3641 2410 3698 alere,
2446 3641 2609 3703 itaque
2641 3649 2691 3688 et
2726 3655 2848 3704 pss-

1713 3721 1839 3755 cere.
1906 3709 2099 3755 Urentes
2116 3709 2243 3754 calta
2258 3708 2472 3768 capellas,
2496 3705 2731 3754 ledentes
2753 3720 2851 3754 seu

1712 3781 1901 3820 serrato
1936 3771 2084 3819 dente
2118 3785 2207 3819 seu
2240 3769 2407 3829 saliva,
2444 3779 2498 3818 ut
2538 3777 2847 3818 exarescant.

1714 3837 1793 3950 Ῑζε
1825 3853 1958 3950 ειν-’ἷξε
1990 3835 2175 3884 dictum
2210 3845 2316 3883 erat
2348 3836 2469 3884 Geo.
2494 3833 2529 3894 i,
2554 3833 2631 3892 77,
2666 3843 2719 3882 et
2752 3834 2846 3883 inf.

1781 3965 2048 4016 197—200.
2096 3965 2314 4012 Saturum
2354 3967 2600 4012 Tarentum
2790 3979 2851 4013 er

1708 4029 1954 4092 insignem
1985 4043 2211 4092 agrorum
2244 4029 2519 4077 ubertatem
2552 3977 2673 4092 (vicii
2768 4043 2847 4077 or.

1713 4095 1875 4143 Car-m.
1918 4093 1970 4151 ii,
2016 4093 2063 4151 6,
2110 4094 2169 4140 lo
2209 4092 2367 4156 sqq.);
2419 4108 2450 4141 a
2489 4092 2846 4154 consequentiz

1714 4168 1769 4208 ut
1778 4163 1982 4222 pinguis,
2002 4166 2054 4207 et
2070 4159 2165 4205 224
2183 4160 2308 4206 dives
2327 4160 2499 4218 Capua.
2552 4159 2848 4220 Longinqua,

1713 4239 2045 4337 tzilnglffluffll.
2078 4303 2095 4334 ι
2126 4223 2429 4350 ατςυιηξιιω,
2454 4299 2505 4334 et
2522 4229 2737 4345 “Edi-uix,
2750 4237 2849 4347 Ἐξ

1714 4354 1789 4400 28.
1882 4355 2089 4400 Her-boso
2130 4355 2353 4412 flumine.-
2432 4350 2653 4401 Mincius
2708 4351 2851 4400 enim

1711 4416 1951 4465 arun‘dine
1974 4426 2024 4464 et
2047 4415 2153 4477 alga
2176 4415 2364 4466 obsitus
2386 4425 2475 4465 est.
