3050 4934
1078 273 1528 344 ECLOGA
1575 279 1665 342 X.
2445 280 2489 340 5

2490 281 2531 341 cr

383 429 657 506 Omnes,
687 430 864 493 unde
895 449 1076 492 amor
1100 429 1249 505 iste,
1281 439 1541 513 rogant,
1574 429 1735 493 tibi?
1785 426 1987 492 Venit
2018 426 2295 512 Apollo:

381 528 602 606 Galle,
633 531 794 614 quid
821 530 1108 594 insanis?
1155 511 1398 613 inqu'it:
1447 541 1563 594 tua
1592 551 1751 594 cura
1784 528 2055 614 Lycoris

381 629 645 713 Perque
675 631 856 694 nives
885 629 1082 694 alium
1111 651 1362 714 perque
1392 629 1664 695 horrida
1688 641 1904 696 castra
1936 641 2159 696 secuta
2188 641 2311 695 est.

375 729 584 794 Venit
611 742 679 796 et
708 733 954 816 agresti
979 732 1212 815 capitis
1245 731 1549 796 Silvanus
1578 730 1829 796 honore

251 833 340 897 25
381 831 722 898 Florentes
751 831 993 897 ferulas
1024 842 1094 896 et
1119 833 1396 916 grandia
1423 831 1555 896 lilia
1585 855 1925 916 quassam.

379 933 524 997 Pan
554 935 718 998 deus
751 933 1058 998 Areadiae
1088 934 1286 1010 venit,
1318 955 1512 1017 quem
1542 935 1819 998 vidimus
1850 935 1977 1018 ipsi

379 1035 768 1118 Sanguineis
798 1033 976 1099 ebuli
1002 1035 1222 1098 baccis
1250 1035 1577 1119 minioque
1607 1037 1970 1101 rubentem.

381 1135 633 1220 Ecquis
663 1137 788 1199 erit
811 1136 1091 1199 modus?
1135 1135 1366 1219 inquit.

1459 1133 1669 1200 Amor
1695 1157 1827 1201 non
1856 1136 2011 1201 talia
2039 1149 2259 1202 curat:

377 1235 531 1300 Nec
557 1234 834 1300 lacrimis
866 1234 1150 1300 crudelis
1180 1233 1408 1313 Amor,
1437 1258 1561 1301 nec
1590 1238 1881 1321 gramina
1912 1238 2087 1316 rivis,
2117 1251 2127 1258 ’

249 1338 338 1402 30
383 1337 533 1402 Nec
563 1339 772 1421 cytiso
802 1347 1178 1401 sami-antur
1207 1359 1392 1420 apeS,
1423 1359 1545 1400 nec
1574 1336 1805 1401 fronde
1838 1337 2125 1422 capellae.

377 1437 622 1502 Tristis
653 1449 724 1502 at
750 1438 880 1514 ille,
914 1437 1168 1502 Tamen
1197 1438 1566 1513 cantabitiS‚
1599 1436 1921 1514 Arcades,
1953 1440 2185 1522 inquit,

379 1537 723 1603 Montibus
751 1539 896 1603 haec
926 1539 1196 1616 vestris3
1245 1537 1364 1603 soli
1394 1550 1656 1603 cantare
1687 1540 1881 1623 periti

379 1639 702 1704 Arcades.

793 1639 858 1703 Ο
887 1639 1045 1703 mihi
1074 1651 1212 1703 tum
1240 1661 1436 1723 quam
1465 1637 1743 1703 molliter
1772 1635 1925 1704 ossa
1953 1641 2315 1724 quiescant,

377 1739 624 1806 Vestra
651 1763 831 1806 meos
862 1740 1010 1805 olim
1042 1741 1096 1804 si
1127 1738 1352 1804 fistula
1381 1741 1561 1804 dicat
1589 1744 1885 1804 amores!

246 1843 330 1907 35
374 1840 601 1926 Atque
632 1843 880 1906 utinam
907 1863 994 1906 ex
1023 1843 1206 1906 vobis
1236 1864 1431 1918 unus,
1463 1841 1795 1925 vestrique
1824 1840 2091 1906 ffiissem

375 1941 522 2006 Aut
547 1952 772 2006 custos
799 1943 1041 2027 gregiS,
1073 1953 1188 2008 aut
1214 1952 1486 2006 maturae
1517 1943 1752 2006 vinitor
1780 1945 1959 2006 uvoe!

374 2041 596 2119 Certe,
629 2043 761 2106 sive
791 2042 947 2106 mihi
979 2041 1252 2128 Phyllis,
1281 2045 1416 2108 sive
1446 2054 1626 2108 esset
1656 2040 2000 2128 AmyntaS,

385 2143 522 2208 Seu
549 2143 922 2228 quicunque
953 2143 1158 2222 furor,
1189 2144 1369 2229 (quid
1405 2155 1565 2222 tum,
1598 2146 1651 2208 si
1682 2144 1905 2210 fuscus
1937 2142 2302 2230 Amyntas?

210 2343 240 2376 a
257 2343 364 2376 rore
384 2327 644 2376 matutino.
683 2329 894 2375 Hiberna
907 2330 1077 2391 glande
1093 2348 1108 2374 .·
1142 2328 1194 2376 in
1216 2327 1321 2376 hie-

210 2407 334 2440 mem
349 2408 382 2440 a
395 2391 558 2456 poetis
577 2391 718 2438 Italis
738 2391 910 2440 referri
931 2391 1058 2440 solet
1073 2390 1324 2454 glandium

298 2455 311 2466 ⁸
617 2465 824 2518 tempus.
895 2457 1018 2504 Gco.
1045 2455 1078 2512 i,
1109 2457 1220 2513 306,
1239 2471 1321 2518 ge-

211 2523 344 2568 nialis
357 2524 501 2568 Reate
514 2521 693 2566 s—Sed
708 2527 856 2568 ima
868 2527 915 2567 et
927 2535 1124 2582 quernas
1168 2522 1326 2567 landes

211 2591 300 2631 ta·
325 2587 555 2646 nrt-gere
587 2590 774 2644 tenpus.
833 2583 934 2630 Hic
953 2599 1070 2631 vero
1162 2582 1325 2632 aronis

211 2647 520 2710 sagacitatem
551 2646 812 2694 desideres.
877 2647 1024 2703 Nam,
1049 2647 1092 2695 si
1119 2647 1326 2696 hiberno

211 2721 422 2776 tempore
443 2710 702 2760 Menalcas
723 2727 752 2758 e
772 2709 908 2759 silvis
925 2711 1083 2758 redux
1097 2711 1144 2758 h.
1163 2711 1196 2759 l.
1217 2710 1324 2767 fuit,

209 2775 502 2839 reliquorum
524 2789 636 2837 quae
655 2783 986 2822 memorantur
1004 2773 1133 2822 ratio
1151 2790 1326 2839 parum

207 2849 402 2888 mutat.
463 2839 538 2886 Ut
556 2847 753 2902 poetam
776 2853 840 2886 ex
857 2838 938 2886 his
958 2838 1144 2901 laqueis
1171 2853 1322 2902 expe-

205 2903 319 2961 dina,
337 2916 450 2953 etto
465 2903 612 2966 glans
625 2901 676 2949 in
695 2902 954 2951 hibernum
971 2917 1113 2951 usum
1130 2911 1324 2967 paratu

205 2969 292 3017 eni
307 2968 380 3018 sic
395 2967 582 3016 iterum
601 2967 786 3015 haerere
801 2966 960 3031 possis
975 2967 1028 3014 in
1041 2966 1326 3016 florentibus

207 3031 370 3082 ‘erulis
390 3042 446 3080 et
465 3031 602 3088 liliis,
624 3046 671 3079 v.
695 3033 772 3078 25.

263 3099 340 3146 21.
385 3098 522 3145 Unde
549 3111 678 3142 aanor
705 3098 826 3143 me?
861 3096 910 3144 h.
949 3110 978 3142 a
1007 3109 1104 3158 qua
1127 3094 1328 3160 puella?

265 3228 342 3281 ²4,
359 3160 680 3292 {genta-resti
709 3161 878 3297 αὲιὸέίι
911 3225 1124 3298 Quum
1151 3227 1329 3281 honore,

203 3299 400 3337 maun
421 3296 560 3336 serto
577 3303 606 3336 e
621 3287 792 3336 ferulis
809 3297 861 3336 et
873 3287 1006 3335 liliis.
1045 3289 1124 3336 Ita
1139 3287 1327 3336 scilicet

203 3363 252 3401 et
271 3369 302 3402 a
317 3351 482 3418 poetis
503 3361 558 3400 et
579 3351 630 3399 in
659 3351 834 3415 priscis
863 3352 1196 3400 monumentis
1229 3351 1324 3399 Sil-

205 3431 354 3466 mus
377 3417 658 3473 exhibetur,
669 3424 724 3464 ut
739 3431 970 3464 coronam
989 3431 1052 3463 ex
1074 3415 1328 3464 frondibus

202 3481 420 3530 abaci·
452 3489 542 3528 aut
567 3479 833 3543 grandibus
859 3479 1064 3528 floribus
1094 3489 1145 3528 et
1179 3495 1324 3528 anm-

203 3545 398 3594 dinilnn
417 3553 574 3608 gerat,
609 3559 758 3592 nunu
788 3544 872 3606 (cf.
903 3545 1025 3592 Geo.
1057 3543 1089 3602 i,
1125 3547 1212 3606 20)
1239 3559 1324 3592 cu-

201 3625 426 3674 preuum
439 3618 526 3658 aut
537 3607 686 3657 alium
701 3609 888 3657 arboris
905 3617 1132 3657 “uncum
1151 3617 1328 3656 teneat.

203 3675 376 3722 Forata
397 3683 566 3722 autem
589 3672 766 3730 frutex,
788 3673 922 3721 soliis
943 3672 1184 3730 soeniculo,
1213 3689 1325 3738 spe-

199 3737 274 3787 cie
303 3749 358 3786 et
389 3753 488 3786 usu
519 3737 840 3786 arundinibus
871 3736 1048 3802 quibus
1069 3751 1160 3802 pro
1183 3739 1328 3786 bacu-

203 3801 266 3850 l‘n
283 3801 488 3858 utimur,
511 3800 700 3849 similis.

261 3867 342 3917 Π.
367 3868 624 3914 &benten
635 3883 652 3912 .·
671 3864 734 3912 cf.
749 3879 856 3930 sup.
872 3865 934 3914 ad
947 3864 1012 3923 vi,
1028 3867 1104 3914 22.
1133 3867 1333 3915 Ebulum

199 3932 364 3979 herbe
381 3943 560 3993 genus,
579 3931 750 3978 hams
767 3931 952 3988 mbas,
973 3930 1027 3978 in
1049 3929 1328 3978 similitudi-

201 4009 316 4044 nem
335 3993 576 4052 sambuci,
599 3993 886 4057 producens.

261 4060 342 4106 2⁹.
377 4059 484 4106 Nee
505 4060 712 4106 Ιαι-νίπιίσ
741 4061 942 4106 crudelia
960 4062 1113 4107 Amor.
1175 4059 1332 4106 Amor

201 4123 246 4170 h.
269 4123 304 4170 l.
321 4122 387 4170 de
405 4121 502 4169 deo
514 4121 868 4185 accipiendum,
882 4121 924 4170 si
943 4137 1112 4171 sanam
1131 4129 1327 4170 senten-

201 4187 321 4234 tiam
349 4185 596 4234 conficere
617 4185 858 4234 volumus.
925 4188 1080 4236 Amor
1105 4184 1330 4250 χαιρέκα-

205 4268 288 4300 m
309 4265 414 4298 non
441 4249 588 4296 modo
615 4249 835 4298 dolorem
857 4259 910 4298 et
937 4250 1206 4300 cruciatum
1237 4247 1330 4296 mi·-

201 4329 426 4363 seror-m
465 4313 736 4362 amantium
776 4315 847 4362 nil
891 4324 1044 4372 curat,
1071 4314 1158 4363 sed
1187 4311 1335 4361 etiam

201 4378 344 4434 ridet,
367 4376 518 4438 brom
535 4375 739 4436 πέσσει,
763 4387 820 4427 ut
849 4379 1086 4428 Moschus
1121 4377 1262 4442 nyu.
1295 4376 1328 4434 i,

203 4443 278 4502 n,
315 4441 720 4505 voluptatemque
748 4457 814 4493 ex
845 4457 904 4491 eo
932 4443 1091 4507 eapit3
1135 4457 1224 4491 nec
1257 4441 1328 4489 la-

1389 2328 1556 2377 crimis
1578 2327 1847 2378 amantium
1860 2327 2072 2377 crudelis
2096 2330 2201 2390 ejus
2214 2329 2409 2378 animus
2423 2346 2513 2379 un-

1390 2408 1533 2454 quam
1553 2393 1759 2441 satiatur
1775 2401 1919 2454 atque
1935 2393 2174 2456 expletur,
2191 2401 2275 2440 aut
2289 2393 2351 2440 ad
2369 2395 2516 2442 mise-

1387 2456 1631 2504 rationem
1643 2456 1874 2504 vertitur:
1894 2457 1955 2504 cf.
1965 2472 2011 2503 v.
2024 2457 2101 2512 60,
2114 2457 2171 2503 61
2188 2476 2203 2511 ;
2222 2455 2275 2503 id
2286 2458 2416 2518 quod
2429 2459 2515 2505 de-

1390 2519 1505 2567 inde
1524 2521 1781 2583 pastoritia
1795 2535 1960 2568 rerum
1980 2519 2345 2568 assimulatione
2362 2530 2516 2569 ornat.

1456 2585 1535 2631 31.
1597 2585 1765 2632 Tamen
1808 2587 2071 2640 cantabitis,
2111 2587 2332 2632 Arcades.
2408 2584 2517 2632 Etsi

1389 2649 1547 2696 Amor
1562 2647 1681 2696 talia
1700 2647 1769 2696 nil
1788 2657 1941 2706 curat,
1964 2662 2123 2710 neque
2144 2647 2356 2710 querelis
2378 2647 2515 2710 quic·
2614 2647 2623 2655 ⁴

1389 2711 2517 2825 232².P2’3⁸⁵1233522¹25320³312223'’333⁶‘ss

1391 2838 1655 2886 levandum
1668 2837 1827 2895 faciet.
1844 2839 1887 2886 si
1906 2838 2163 2887 cantabitis
2180 2840 2311 2895 haec3
2348 2855 2386 2888 s.
2408 2857 2518 2904 quae

1391 2910 1675 2965 sequuntur,
1694 2917 1733 2950 s.
1752 2902 1997 2950 fortunam
2016 2905 2167 2961 suam,
2182 2918 2373 2952 amores
2388 2921 2517 2962 suos,

1389 2975 1448 3015 ut
1477 2965 1674 3028 subjicit
1705 2965 1812 3030 ipse
1849 2983 1894 3014 v.
1932 2968 2021 3022 343
2058 2976 2203 3016 erunt
2233 2967 2355 3014 adeo
2390 2967 2520 3018 inter

1391 3040 1681 3094 argumenta
1716 3030 1960 3094 pastor-itii
1998 3029 2229 3078 carminis
2266 3031 2397 3078 Galli
2438 3033 2515 3080 in-

1393 3095 1563 3143 felices
1586 3109 1789 3143 amores.

1463 3161 1525 3206 36
1576 3175 1677 3222 sqq.
1734 3160 1951 3207 Ductum
1993 3173 2021 3206 e
2058 3159 2261 3206 Tbeocr.
2311 3159 2393 3218 vii,
2428 3161 2519 3218 863

1397 3231 1448 3270 et
1483 3222 1553 3271 ibi
1588 3224 1749 3271 locum
1784 3224 1933 3272 habet
1965 3237 2121 3271 suum.
2175 3224 2247 3271 At
2281 3223 2373 3272 hoc
2413 3224 2521 3274 loco

1395 3287 1762 3336 confunduntur
1783 3287 2007 3335 notiones
2028 3287 2143 3334 vitae
2167 3287 2437 3351 pastoritiae
2472 3297 2523 3338 et

1391 3350 1646 3400 militaris:
1683 3351 1869 3409 Gallus,
1892 3367 2037 3413 quem
2059 3351 2217 3400 adhuc
2234 3351 2521 3402 videbamus

1391 3423 1637 3480 pastorem
1668 3413 1722 3463 in
1755 3414 1981 3473 Arcadia,
2005 3417 2263 3467 cubantem
2294 3415 2347 3463 in
2379 3427 2521 3466 antro

1394 3493 1444 3528 et
1478 3495 1669 3528 amores
1698 3479 1973 3537 deflentem,
2010 3489 2213 3543 repente
2241 3479 2295 3526 in
2326 3495 2427 3543 sqq.
2467 3481 2525 3529 fit

1393 3544 1534 3592 miles
1548 3544 1600 3592 in
1615 3544 1776 3606 aliqua
1792 3559 1855 3592 ex
1890 3543 2105 3592 editione
2119 3557 2333 3590 versans.
2376 3545 2407 3591 J
2410 3544 2520 3592 udi·

1395 3608 1474 3655 cio
1493 3615 1629 3656 recto
1651 3623 1707 3655 ac
1730 3607 1857 3670 simp
1877 3607 1941 3655 ici
1957 3606 2043 3654 vix
2063 3607 2167 3653 haec
2189 3621 2241 3652 se
2264 3607 2383 3654 satis
2407 3621 2520 3670 pro-

1397 3673 1512 3719 bare
1526 3679 1761 3735 possunt:
1799 3669 2179 3717 atcondonanda
2192 3683 2250 3716 ea
2272 3681 2388 3716 sunt
2408 3671 2465 3718 M
2469 3685 2521 3718 a·

1397 3734 1520 3792 roni,
1548 3742 1599 3782 et
1628 3733 1939 3792 adolescenti,
1965 3742 2015 3781 et
2044 3732 2093 3781 id
2124 3731 2304 3796 agenti,
2328 3741 2385 3780 ut
2406 3733 2525 3782 viris

1395 3798 1679 3866 potentibus
1698 3797 1924 3863 placeret.

1463 3866 1539 3912 88.
1578 3867 1665 3912 Seu
1688 3867 1941 3926 quicunque
1953 3861 2106 3925 furor.
2172 3862 2527 3924 Quamcunque

1397 3929 1502 3978 sive
1531 3927 1745 3992 puellam
1775 3928 1881 3977 sive
1913 3941 2122 3992 puerum
2158 3939 2388 3982 amarem,
2412 3939 2525 3974 eum

1396 3992 1703 4056 amplexibus
1717 4001 1938 4041 tenerem
1955 3992 2046 4041 sub
2064 3989 2189 4044 vite3
2212 4004 2304 4036 nec
2320 3988 2374 4036 in
2388 4003 2521 4038 aruo-

1397 4072 1503 4106 rem
1537 4057 1738 4120 perfide
1760 4054 2015 4120 Lycoridis
2052 4052 2345 4102 incidissem.
2392 4055 2522 4103 Cha-

1395 4129 1636 4169 racterem
1650 4129 1813 4168 autem
1828 4118 1994 4167 miseri
2007 4117 2215 4166 amantis
2228 4116 2309 4166 hic
2322 4131 2523 4182 expres-

1397 4201 1506 4234 sum
1542 4183 1825 4232 meminisse
1860 4183 2107 4239 debemus,
2132 4181 2229 4244 qui,
2255 4197 2367 4230 cum
2403 4180 2525 4246 ipsis

1399 4249 1611 4312 querelis
1623 4249 1726 4297 suis
1742 4247 1795 4296 in
1812 4246 2075 4309 imaginem
2092 4245 2163 4294 rei
2184 4255 2335 4310 grates
2350 4255 2401 4294 et
2417 4247 2523 4294 ani-

1400 4313 1470 4361 mi
1489 4312 1715 4360 aflectum
1738 4309 1990 4360 illudentis
2002 4309 2267 4367 incidisset,
2282 4310 2335 4357 in
2354 4325 2413 4358 ea
2430 4309 2525 4359 sibi

1394 4377 1569 4441 placet,
1590 4376 1635 4424 ei
1654 4376 1872 4433 inhaeret,
1894 4389 2001 4423 eam
2023 4375 2344 4438 prosequitur.
2401 4373 2527 4422 Mox

1397 4450 1577 4497 tamen,
1598 4455 1645 4486 v.
1670 4441 1747 4497 42,
1769 4439 1945 4488 iterum
1966 4438 2027 4486 ad
2052 4437 2339 4502 Lycoridem
2364 4437 2503 4484 redit.
