3050 4934
505 253 636 318 566
1397 255 1925 322 AENEIDOS

679 405 958 490 Conjicit
985 407 1050 470 in
1083 405 1400 471 latebras:
1447 429 1569 472 nec
1598 405 1868 472 Turnus
1902 407 2163 491 segnior
2191 407 2433 484 instat3

680 506 1190 592 Exsuperatque
1219 529 1454 584 moras,
1485 519 1555 572 et
1584 519 1819 592 pontes
1849 507 2127 572 transilit
2156 507 2345 574 altos.

678 606 812 672 Vix
842 630 1101 693 proram
1131 610 1460 693 attigerat,
1489 610 1735 693 rumpit
1762 609 2071 674 Saturnis
2098 608 2343 686 funem,

503 709 634 772 660
676 706 1122 794 Avulsamque
1152 712 1323 793 rapit
1353 709 1648 774 revoluta
1678 733 1799 794 per
1826 733 2095 796 aequora
2134 733 2383 776 navem.

675 808 864 873 Illum
891 821 1110 876 autem
1141 811 1388 875 AEneas
1417 814 1755 876 absentem
1784 814 1849 876 in
1880 811 2113 896 proelia
2140 814 2391 896 poscit;

675 910 891 976 Obvia
917 911 1120 976 mults
1147 912 1354 975 virfim
1381 912 1667 976 demittit
1694 935 1971 998 corpora
2000 916 2215 979 morti.

675 1010 852 1076 Tum
879 1012 1036 1077 levis
1064 1013 1245 1077 haud
1273 1012 1446 1077 ultra
1473 1014 1761 1078 latebras
1782 1016 1919 1099 jam
1946 1017 2181 1099 quaerit
2209 1017 2445 1100 imsg0,

675 1114 812 1177 Sed
845 1114 1115 1178 sublime
1145 1114 1368 1178 volans
1397 1117 1559 1179 nubi
1590 1138 1659 1180 se
1688 1117 2033 1181 immiscuit
2060 1127 2261 1204 μὲι-ως

501 1214 632 1276 665
677 1215 900 1288 Quum
929 1215 1228 1280 Turnum
1257 1216 1475 1281 medio
1503 1218 1751 1282 interea
1778 1217 1909 1281 fert
1938 1239 2203 1303 aequore
2232 1220 2447 1283 turbo.

675 1315 975 1401 Respicit
1003 1318 1268 1401 ignarus
1299 1339 1543 1394 rerum,
1574 1319 2001 1404 ingratusque
2034 1320 2283 1398 salutis,

675 1417 770 1480 Et
799 1417 1092 1501 duplices
1121 1440 1268 1482 cum
1299 1439 1456 1483 voce
1485 1441 1715 1484 manus
1744 1421 1829 1484 ad
1860 1423 2077 1486 sidera
2104 1423 2343 1486 tendit:

675 1517 1106 1603 Omnipotens
1137 1521 1415 1603 genitor,
1448 1521 1693 1585 tanton’
1720 1543 1823 1586 me
1854 1523 2117 1588 crimine
2144 1523 2409 1607 dignum

676 1619 968 1696 Duxisti,
1000 1631 1068 1684 et
1099 1619 1262 1684 tales
1293 1620 1555 1684 voluisti
1582 1623 1959 1705 expendere
1991 1626 2265 1708 poeuas?

495 1721 628 1784 670
672 1720 827 1793 Quo
853 1720 1075 1785 feror?
1121 1723 1296 1786 unde
1325 1722 1504 1786 abii?
1552 1745 1701 1807 quae
1728 1747 1831 1788 me
1862 1725 2043 1809 fuga,
2074 1746 2345 1808 quemve
2376 1725 2703 1789 reducet?

663 1823 1126 1888 Laurentesne
1155 1825 1388 1888 iterum
1417 1845 1637 1889 muros
1670 1835 1785 1890 aut
1814 1837 2029 1890 castra
2059 1826 2339 1890 videbo?

671 1924 853 1998 Quid
883 1947 1112 1990 manus
1143 1923 1250 1989 illa
1277 1924 1508 2002 virum,
1541 1927 1653 2009 qui
1681 1948 1784 1992 me
1812 1947 2084 2010 meaque
2110 1947 2291 1990 arma
2324 1926 2575 1990 secuti?

671 2025 944 2098 Quosne
977 2026 1210 2109 (nefas)
1240 2049 1461 2090 omnes
1491 2026 1761 2092 infanda
1788 2028 1854 2090 in
1882 2035 2089 2090 morte
2120 2024 2399 2109 reliqui?

673 2127 768 2190 Et
796 2149 968 2190 nunc
995 2128 1290 2210 palantes
1321 2129 1537 2203 video,
1568 2128 2006 2211 gemitumque
2036 2128 2385 2192 cadentum

495 2227 626 2289 675
670 2223 967 2309 Accipio,
1044 2227 1226 2297 Quid
1257 2229 1430 2309 ago?
1477 2237 1593 2290 aut
1622 2249 1769 2310 quae
1790 2228 1929 2310 jam
1960 2229 2117 2292 satis
2146 2228 2275 2292 ima
2303 2227 2602 2292 dehiscat

671 2326 886 2390 Terra
913 2325 1119 2390 mihi?
1168 2324 1310 2390 Vos
1341 2347 1382 2390 o
1413 2328 1633 2410 potius
1662 2328 2085 2404 miserescite,
2114 2329 2311 2404 venti,

670 2427 750 2492 In
779 2450 1003 2513 rupeS,
1032 2429 1100 2491 in
1131 2449 1293 2492 saxa
1321 2425 1569 2510 (volens
1602 2449 1715 2492 vos
1743 2427 2013 2494 Turnus
2043 2429 2275 2510 adoro)

670 2529 868 2595 Ferte
899 2540 1125 2607 ratem,
1157 2530 1474 2612 saevisque
1503 2529 1687 2594 vadis
1718 2530 2038 2594 immittite
2070 2529 2304 2612 Syrtis,

675 2630 828 2703 Quo
857 2654 1068 2716 neque
1097 2652 1200 2693 me
1231 2627 1488 2705 Rutuli,
1519 2651 1641 2694 nec
1668 2632 1928 2694 conscia
1955 2630 2127 2696 fama
2154 2641 2483 2714 sequatur.

497 2733 628 2796 680
671 2731 840 2797 Haec
866 2752 1250 2807 memorans,
1279 2731 1493 2796 animo
1521 2752 1693 2794 nunc
1724 2729 1877 2808 huc,
1908 2753 2082 2798 nunc
2113 2731 2385 2796 fluctuat
2412 2729 2600 2807 illuc;

675 2831 788 2898 An
820 2857 964 2899 sese
993 2853 1302 2898 mucrone
1333 2833 1420 2896 ob
1447 2841 1703 2896 tantum
1730 2831 2021 2898 dedecus
2051 2854 2271 2898 amens

673 2934 935 3012 Induat,
961 2945 1030 2998 et
1059 2934 1332 2998 crudum
1362 2953 1482 3020 per
1511 2943 1739 3014 costas·
1759 2934 1991 3020 exigat„
2010 2956 2232 3014 ensem
2247 2960 2268 3012 3

671 3033 1008 3099 Fluctibus
1039 3058 1124 3098 an
1144 3034 1348 3119 jaciat
1373 3034 1627 3111 mediis,
1657 3046 1726 3100 et
1754 3034 1973 3100 littora
2002 3034 2219 3100 nando

672 3134 888 3200 Curva
915 3145 1122 3219 petat,
1153 3133 1615 3219 Teucrumque
1647 3136 1881 3200 iterum
1912 3159 1983 3200 se
2008 3136 2243 3200 reddat
2266 3138 2332 3199 in
2362 3158 2560 3199 arma.

497 3237 627 3302 685
671 3234 810 3300 Ter
839 3245 1110 3300 conatus
1141 3247 1482 3321 utramque
1513 3237 1713 3301 viam:
1759 3247 1862 3302 ter
1890 3259 2192 3304 maxuma
2218 3237 2265 3300 J
2266 3259 2397 3302 uno

673 3338 1008 3403 Continuit
1031 3363 1046 3415 3
1084 3338 1520 3423 juvenemque
1548 3339 1740 3402 animi
1768 3339 2073 3403 miserata
2101 3339 2436 3423 repressit.

674 3440 955 3508 Labitur
981 3439 1114 3504 alta
1144 3461 1370 3504 secans
1401 3438 1737 3524 fluctuque
1768 3451 2063 3524 aestuque
2096 3440 2423 3516 secundm

675 3542 769 3607 Et
794 3543 998 3627 patris
1029 3543 1358 3625 antiquam
1389 3540 1615 3606 Dauni
1644 3541 1939 3606 defertur
1968 3542 2054 3605 ad
2082 3543 2333 3606 urbem.

497 3749 560 3783 ex
573 3731 902 3798 principibus:
928 3741 1015 3781 sut
1023 3733 1100 3780 sse
1117 3732 1266 3781 fuisse
1284 3732 1484 3779 Lartem
1499 3729 1618 3778 Clu·
1752 3729 2025 3780 675-678.
2064 3730 2126 3778 In
2146 3730 2335 3793 pudore
2354 3729 2575 3778 sollenne
2594 3731 2687 3779 boc
2710 3735 2815 3794 §am

497 3798 714 3848 sincrum
729 3797 822 3845 sub
840 3797 1054 3846 Massico
1069 3797 1194 3845 duce
1211 3796 1362 3844 totius
1379 3792 1589 3858 agminis
1606 3813 1619 3840 ε
1688 3794 1911 3842 Homero
1938 3793 2055 3843 τότε
2073 3812 2155 3855 μοι
2179 3791 2322 3856 χάνοι
2342 3795 2499 3857 εὐρεῖα
2524 3795 2683 3856 χοὺνς
2724 3811 2817 3844 nec

496 3863 556 3912 cf.
581 3879 628 3911 v.
657 3863 762 3909 166.
1686 3859 2007 3922 arg-utandum
2030 3858 2081 3906 in
2104 3873 2165 3906 eo
2178 3859 2311 3922 quod
2332 3874 2463 3906 nunc
2484 3858 2610 3908 mari
2630 3860 2785 3908 fertur
2800 3878 2815 3909 =

563 3927 673 3975 660.
709 3929 916 3988 AEquora
941 3928 1159 3982 revoluta,
1183 3925 1246 3973 de
1275 3923 1511 3971 fluctuum
1540 3937 1619 3970 re·
1686 3922 1746 3970 cf.
1771 3939 1829 3971 su
1863 3957 1876 3970 .
1902 3923 1964 3970 ad
1984 3922 2049 3982 iv,
2074 3925 2151 3980 24,
2176 3923 2286 3974 678.
2346 3922 2607 3971 Immittite
2637 3939 2815 3972 navem

495 4007 650 4049 cessu,
673 3990 878 4047 refluxu,
903 4005 933 4037 a
951 3990 1116 4038 littore
1139 3988 1338 4052 accipio.
1685 3986 1740 4036 in
1764 4003 1793 4034 v
1906 3987 2077 4050 Syrtis,
2100 3987 2153 4034 in
2176 3987 2346 4052 Syrtin
2366 3987 2609 4036 vedomm-

558 4057 671 4104 666.
693 4057 914 4118 Ingratus
927 4057 1094 4102 calum
1106 4053 1168 4102 ad
1177 4055 1406 4102 Graecum
1419 4065 1622 4110 morem,
1752 4051 2023 4098 681-683.
2058 4051 2290 4100 sollenne
2332 4063 2409 4100 est
2442 4050 2629 4116 poetis:
2664 4055 2811 4100 Indu-

496 4118 758 4182 ὰχάρισπς
775 4117 1020 4180 σωτηρίας,
1043 4133 1110 4167 sc.
1133 4115 1296 4166 ἔνεκαε
1320 4115 1450 4179 quod
1465 4115 1526 4163 ad
1542 4129 1621 4163 ss-
1688 4131 1762 4164 ere
1794 4131 1842 4163 se
1876 4117 1963 4164 telo
1994 4125 2047 4164 et
2064 4119 2114 4165 in
2142 4119 2294 4176 telus,
2318 4131 2552 4164 mucrone
2579 4115 2736 4164 infixo
2764 4127 2817 4164 et

495 4183 664 4242 lutem,
684 4184 835 4232 vitam
851 4193 1108 4240 servatam,
1127 4180 1316 4232 attinet.
1359 4179 1440 4228 Sic
1459 4179 1625 4244 paullo
1689 4179 1955 4229 visceribus
1977 4190 2189 4244 recepto,
2216 4190 2271 4229 ut
2294 4195 2497 4245 corpore
2525 4180 2665 4243 qussi
2692 4195 2813 4228 cou-

497 4257 625 4303 ante‚
647 4251 746 4295 κη’
767 4265 899 4296 vana.
1684 4243 1827 4293 datm·
1842 4253 1893 4292 et
1909 4254 2113 4309 tegatur.
2150 4247 2405 4304 Fluctibus,
2418 4245 2473 4292 in
2488 4244 2677 4292 medios
2686 4243 2811 4293 fluc-

561 4311 672 4359 668.
709 4311 800 4359 Vir
821 4311 960 4360 fortis
982 4311 1109 4375 fugae
1138 4310 1378 4375 flagitium
1405 4309 1621 4375 appellat
1686 4317 1766 4358 tus
1783 4309 1912 4357 imin
1926 4309 2156 4367 medium,
2176 4310 2224 4358 h.
2242 4309 2411 4368 altmu,
2428 4324 2565 4358 mere
2580 4309 2815 4370 sei-cist.

496 4378 664 4422 crimen
685 4383 738 4422 et
747 4391 944 4436 panon.
1001 4376 1128 4424 Tota
1149 4375 1306 4424 oratio
1333 4374 1619 4440 gravissim
1746 4373 2021 4424 686-688.
2038 4377 2421 4423 Ani-cincturam
2433 4393 2448 4421 .-
2467 4373 2813 4422 mina-tami-

497 4447 546 4486 et
569 4437 767 4484 affectus
789 4438 948 4499 plens.
1686 4453 1832 4496 mum,
1852 4439 2067 4487 dolorem
2084 4438 2263 4494 animi3
2288 4453 2401 4487 mm
2420 4437 2539 4486 ordo
2552 4447 2657 4486 est:
2680 4437 2815 4497 ἰσικ-
