3050 4934
1184 235 1531 304 LIBER
1576 239 1708 306 VI.
2476 238 2605 304 407

456 383 937 470 AEternumque
961 384 1145 453 locus
1176 387 1471 454 Palinuri
1496 411 1732 454 nomen
1761 389 2054 456 habebit.

455 485 585 550 His
614 487 807 552 dictis
836 509 1013 568 curae
1040 499 1295 568 emotoe,
1324 490 1686 576 pulsusque
1717 513 2070 576 parumper

456 587 676 652 Corde
708 588 895 654 dolor
926 590 1130 654 tristi:
1176 591 1424 674 gaudet
1452 593 1836 677 cognomine
1867 603 2065 658 terra.

544 688 731 774 Ergo
757 690 883 754 iter
912 691 1243 775 inceptum
1274 705 1620 778 peragunt,
1652 693 1981 779 fluvioque
2010 695 2474 780 propinquant.

282 788 415 853 385
456 789 701 857 Navita
728 813 896 876 quos
915 792 1055 876 jam
1082 793 1234 858 inde
1267 805 1343 858 ut
1370 794 1604 880 Stygia
1631 798 1974 881 prospexit
1999 798 2085 862 ab
2115 797 2292 863 unda

458 890 591 956 Per
620 893 887 957 tacitmn
914 915 1141 958 nemus
1172 895 1292 972 ire,
1320 896 1690 981 pedemque
1721 898 2064 964 advertere
2093 899 2292 984 ripae3

458 993 569 1059 Sic
598 995 779 1079 prior
806 996 1193 1079 aggreditur
1222 997 1437 1074 dictis,
1470 1009 1667 1083 atque
1696 999 1993 1084 increpat
2020 998 2228 1065 ultro:

456 1095 775 1180 Quisquis
806 1118 903 1173 es,
932 1107 1219 1162 armatus
1250 1099 1365 1182 qui
1392 1109 1620 1164 nostra
1649 1100 1734 1164 ad
1763 1099 2030 1166 fiumina
2061 1101 2300 1178 tendis,

457 1196 624 1263 Fare
654 1219 802 1282 age,
831 1198 992 1282 quid
1020 1198 1277 1277 venias3
1313 1200 1453 1284 jam
1480 1201 1672 1267 istinc
1699 1212 1768 1266 et
1797 1203 2144 1287 comprime
2172 1224 2493 1287 gressum.

284 1299 415 1362 390
456 1297 853 1364 Umbrarum
880 1297 989 1364 hic
1018 1298 1199 1366 locus
1228 1311 1355 1378 est,
1387 1301 1612 1366 Somni
1641 1297 2010 1388 Noctisque
2041 1327 2335 1389 soporae3

455 1398 753 1484 Corpora
780 1400 925 1466 viva
950 1400 1137 1466 nefas
1168 1401 1399 1487 Stygia
1427 1414 1687 1470 vectare
1717 1407 1958 1470 carina.

456 1500 607 1565 Nec
636 1523 793 1566 vero
819 1499 1101 1568 Alciden
1130 1525 1233 1568 me
1264 1526 1409 1570 sum
1435 1503 1695 1570 laetatus
1723 1517 1987 1572 euntem

458 1600 819 1687 Accepisse
848 1601 1019 1682 lacu,
1048 1626 1171 1670 nec
1201 1604 1471 1670 Thesea
1499 1606 2033 1692 Pirithoumque;

457 1702 585 1768 Dis
616 1726 986 1788 quanquam
1016 1705 1242 1789 geniti,
1274 1718 1471 1790 atque
1502 1707 1724 1772 invicti
1750 1709 1995 1771 viribus
2023 1718 2268 1772 essent.

284 1803 415 1868 395
458 1803 855 1872 Tartareum
878 1804 985 1870 ille
1013 1829 1211 1871 manu
1238 1807 1584 1872 custodem
1611 1809 1678 1871 in
1707 1807 1915 1872 vincla
1944 1808 2196 1892 petivit,

459 1904 676 1991 Ipsius
706 1931 747 1972 a
776 1906 939 1972 solio
966 1907 1141 1992 regis
1172 1909 1501 1992 traxitque
1531 1919 1949 1987 trementem3
1975 1891 2004 1906 ⁶·

459 2006 555 2072 Hi
586 2007 909 2074 dominam
938 2007 1117 2074 Ditis
1150 2008 1433 2074 thalamo
1459 2010 1791 2075 deducere
1819 2010 2056 2075 adorti.

462 2110 635 2184 Quae
662 2122 891 2177 contra
917 2112 1204 2176 breviter
1232 2110 1369 2176 fata
1397 2123 1501 2178 est
1528 2111 1931 2198 Amphrysia
1959 2123 2178 2178 vates:

461 2211 684 2278 Nullae
712 2213 821 2278 hic
846 2213 1099 2278 insidiae
1128 2211 1329 2292 tales3
1374 2215 1620 2280 absiste
1647 2215 1926 2293 moveri3

286 2314 419 2379 400
460 2313 609 2378 Nec
638 2315 765 2378 vim
795 2314 926 2380 tela
954 2314 1207 2380 ferunt:
1254 2314 1405 2380 licet
1432 2316 1664 2400 ingens
1686 2316 1933 2400 janitor
1962 2328 2152 2381 antro

462 2415 810 2482 AEternum
836 2415 1082 2482 latrans
1111 2439 1481 2502 exsangues
1510 2427 1758 2482 terreat
1784 2418 2085 2496 umbras3

459 2517 663 2582 Casta
691 2517 843 2583 licet
868 2518 1088 2603 patrui
1118 2529 1334 2583 servet
1365 2518 1766 2603 Proserpina
1791 2517 2006 2582 limen.

461 2618 707 2684 Troius
738 2619 1009 2696 AEneas,
1038 2620 1285 2703 pietate
1315 2621 1586 2704 insignis
1615 2630 1686 2685 et
1711 2619 1930 2697 armis,

460 2719 575 2786 Ad
604 2722 965 2806 genitorem
992 2721 1151 2786 imas
1184 2720 1391 2787 Erebi
1420 2722 1763 2788 descendit
1786 2721 1873 2785 ad
1902 2721 2187 2786 umbras.

288 2823 421 2888 405
465 2822 537 2887 Si
567 2833 633 2887 te
662 2821 839 2886 nulla
866 2832 1082 2887 movet
1108 2831 1309 2886 tantae
1336 2823 1600 2908 pietatis
1631 2823 1866 2906 imago,

463 2922 562 2989 At
589 2947 837 2990 ramum
864 2924 1041 2990 hunc
1069 2921 1306 3008 (aperit
1332 2945 1582 2988 ramum
1607 2924 1724 3007 qui
1750 2933 1932 2989 veste
1959 2921 2230 3006 latebat)

294 3127 445 3186 milia,
484 3126 683 3176 inferias
721 3126 893 3177 serent.
946 3127 1073 3176 Cum
1116 3144 1146 3177 a
1182 3126 1415 3186 barbaris,
1547 3129 1658 3178 398.
1692 3130 1976 3191 Amphrysia
2001 3135 2142 3176 vam.
2196 3128 2366 3192 Longe
2397 3128 2608 3194 petitum

296 3193 525 3242 Lucanos
557 3192 724 3250 edunt,
759 3192 844 3255 qui
873 3191 1031 3241 serius
1063 3207 1121 3240 ea
1152 3191 1260 3240 loca
1280 3191 1413 3240 inco-
1482 3207 1509 3240 e
1547 3192 1736 3240 itheton
1766 3207 1878 3240 cum
1910 3191 2082 3241 Servio
2111 3201 2252 3241 vom
2277 3193 2606 3244 Burmannus.

292 3258 507 3314 lucrum,
530 3256 719 3306 occisus
740 3265 871 3306 esset
891 3255 1166 3314 Palinurus,
1191 3265 1361 3320 postea
1382 3254 1419 3304 ii
1533 3255 1753 3305 nimvero
1773 3271 1862 3306 cur
1888 3265 1986 3306 tam
2018 3256 2163 3320 longe
2183 3265 2375 3320 petunt,
2399 3259 2460 3307 ab
2481 3261 2606 3308 Am-

292 3319 575 3387 pestilentia
608 3321 899 3379 laborantes,
923 3336 953 3369 a
977 3320 1071 3369 deo
1099 3319 1321 3369 consulto
1339 3336 1417 3368 re-
1482 3321 1678 3395 phryso,
1703 3320 1968 3370 Thessaliae
1993 3320 2156 3380 fluvio,
2179 3321 2242 3370 ad
2264 3337 2410 3385 quem
2429 3323 2610 3387 Apollo

292 3401 529 3460 sponsum
560 3396 867 3450 acceperunt,
890 3383 1151 3450 placandos
1184 3399 1291 3434 esse
1323 3385 1417 3432 Pa·
1484 3393 1622 3448 pavit
1651 3399 1824 3448 greges
1858 3383 1980 3446 (vid.
2005 3384 2195 3434 callim.
2223 3386 2292 3434 Η.
2323 3386 2376 3434 ιιι
2407 3387 2502 3450 Ap.
2528 3389 2610 3446 48,

292 3450 445 3499 hum-i
470 3449 661 3498 Manes.
1486 3459 1537 3497 et
1568 3465 1674 3513 sup.
1699 3449 1822 3497 Geo.
1851 3447 1922 3506 iii,
1946 3450 2036 3510 2ss
2073 3465 2186 3497 cum
2215 3449 2312 3498 alia
2333 3461 2464 3498 esset
2484 3451 2608 3499 Am-

361 3515 457 3562 385
480 3529 583 3576 sqq.
620 3513 816 3562 Charon
836 3514 1049 3572 umbras,
1072 3529 1171 3562 non
1202 3527 1419 3577 corpora,
1518 3513 1708 3577 hrysus,
1756 3513 1834 3562 vel
1877 3513 2164 3576 Ambrysus,
2207 3512 2261 3560 in
2303 3513 2518 3562 Phocide
2557 3514 2612 3562 in

289 3579 473 3628 vehere
517 3577 703 3636 solitus,
744 3593 873 3641 aegre
916 3587 971 3626 ut
1008 3577 1221 3626 AEneam
1260 3586 1418 3626 unns-
1541 3576 1794 3641 elphorum
1825 3575 2019 3633 vicinia,
2051 3586 2107 3624 ut
2138 3575 2260 3624 adeo
2291 3575 2424 3626 idem
2454 3577 2525 3626 sic
2554 3594 2612 3627 ac

295 3643 446 3692 vehat
466 3641 735 3691 adducitur.
1489 3640 1734 3706 Delphica
1755 3650 1904 3697 vates,
1928 3639 2148 3688 Cirrhaea
2167 3649 2317 3690 vates.

362 3707 637 3757 392—397.
684 3705 914 3756 Servius:
964 3707 1154 3754 Lectum
1187 3715 1257 3754 est
1293 3713 1341 3754 et
1374 3709 1425 3754 in
1553 3707 1826 3754 400-402.
1873 3705 1996 3762 Nec,
2031 3719 2094 3753 ne
2126 3705 2370 3754 Cerberus
2401 3705 2612 3756 abduca-

299 3773 494 3834 Orploeo,
528 3773 659 3833 qaod,
693 3773 873 3834 quando
906 3773 1134 3819 Hercules
1163 3773 1229 3819 ad
1256 3767 1425 3833 inferos
1489 3781 1584 3828 tur,
1621 3780 1710 3818 aut
1741 3767 2036 3833 Proserpina
2074 3768 2306 3834 rapiatur,
2347 3769 2618 3820 verendum

292 3837 545 3894 deseendit,
582 3837 763 3884 Charon
793 3839 985 3884 territas
1004 3851 1107 3885 eum
1136 3839 1297 3884 statim
1321 3851 1422 3884 tus-
1490 3834 1580 3884 tibi
1619 3842 1705 3884 est.
1775 3838 1928 3884 Ser-vet
1965 3836 2112 3882 limen.
2187 3835 2364 3884 Servat
2399 3833 2616 3894 domum,

295 3904 435 3963 cepit.
497 3903 566 3948 Ob
600 3917 735 3964 quam
764 3916 858 3948 rem
880 3917 998 3948 auno
1033 3902 1211 3962 integro
1234 3903 1283 3948 in
1304 3916 1422 3948 com-
1488 3899 1656 3958 limem
1699 3899 1976 3957 thalamum
2015 3913 2078 3947 ex
2113 3899 2269 3948 veteri
2303 3899 2500 3948 vivendi
2535 3915 2614 3948 ra-

288 3968 491 4028 pedibu
508 3963 626 4026 suit.
688 3965 796 4013 Ideo
829 3980 937 4027 ergo
970 3979 1069 4012 non
1103 3962 1309 4022 laetams,
1331 3967 1422 4013 eci-
1492 3963 1640 4022 tione,
1665 3963 1840 4012 mulier
1871 3973 2018 4020 casta,
2051 3963 2196 4026 frugi,
2225 3975 2466 4026 quatenus
2497 3979 2616 4012 con·-

294 4033 407 4078 ln'eet
444 4037 635 4092 propter
684 4031 957 4092 supplicium
998 4046 1142 4078 suum.
1212 4032 1425 4088 Euentus,
1492 4039 1714 4094 spectum
1750 4029 1964 4080 virorum
2001 4027 2140 4090 fugit,
2175 4028 2306 4076 intra
2335 4027 2533 4078 domum
2564 4045 2619 4078 se

294 4091 436 4143 urta
464 4109 555 4158 pro
583 4090 801 4150 ἐλθόντα,
824 4091 1086 4142 adeuntem
1117 4092 1225 4141 loca
1256 4092 1425 4142 infera.
1492 4093 1724 4151 eontinet,
1754 4091 1808 4140 in
1834 4092 2084 4158 publicum
2107 4107 2206 4140 non
2227 4091 2418 4157 prodite
2453 4092 2514 4140 cf.
2536 4093 2620 4153 vii,

297 4159 392 4208 Die
408 4161 572 4220 geniti.
618 4157 840 4206 Theseus
856 4173 887 4206 a
907 4158 1156 4222 Neptuno,
1178 4157 1430 4206 Pirithous
1494 4160 1573 4216 52,
1597 4159 1674 4204 53.
1735 4159 1865 4206 Licet
1883 4165 2046 4213 servet,
2073 4165 2188 4204 noto
2210 4173 2344 4206 more
2365 4167 2624 4221 poetarum

296 4238 328 4270 a
362 4223 515 4271 Jove:
568 4221 667 4270 vid.
710 4221 853 4272 Iliad.
894 4225 933 4283 ε,
977 4223 1087 4278 817,
1130 4224 1241 4281 318,
1282 4231 1333 4270 et
1366 4221 1427 4270 al.
1529 4237 1586 4270 ro
1616 4220 1819 4284 vulgari,
1860 4223 1968 4268 licet
2005 4237 2220 4276 semare,-
2257 4237 2350 4284 per
2387 4237 2492 4280 nos,
2529 4239 2620 4287 per

295 4287 503 4335 Fundus
544 4285 719 4335 fabulae
767 4285 907 4335 Iliad.
950 4291 991 4344 θ,
1033 4285 1126 4336 367
1170 4303 1272 4350 sqq.
1343 4286 1423 4334 De
1563 4300 1708 4336 neam
1727 4283 1858 4334 licet.

294 4351 513 4400 Cerbero
548 4349 645 4399 vid.
686 4349 773 4398 inf.
810 4350 873 4399 ad
908 4367 951 4400 v.
990 4351 1100 4401 417.
1168 4353 1423 4410 Dominam,
1553 4351 1664 4398 405.
1699 4351 1900 4398 Pietatis
1921 4353 2102 4412 imago.-
2123 4349 2253 4413 apud
2287 4349 2506 4401 animum
2535 4368 2618 4402 co·

292 4411 561 4474 δέστοιναν,
585 4415 782 4480 proprie
804 4415 865 4464 de
890 4414 1197 4480 Proserpina.
1483 4413 1672 4476 gitatio.
