3050 4934
1129 275 1472 339 LIBER
1522 275 1655 339 XI.

2425 273 2554 336 603

412 421 761 507 Sanguinis
791 423 895 488 ille
927 447 1189 488 vomens
1221 426 1392 489 rivos
1422 426 1621 500 cadit,
1655 435 1850 507 atque
1879 433 2212 488 cruentam

407 521 671 588 Mandit
698 524 985 601 humum,
1018 527 1429 609 moriensque
1461 547 1581 588 suo
1613 547 1684 589 se
1715 527 1779 588 in
1811 522 2074 589 vulnere
2103 535 2340 588 versat.

230 621 361 685 670
402 621 578 686 Τ11111
612 623 837 702 Lirim,
871 625 1324 716 Pagasumque
1357 648 1592 709 supet-3
1638 648 1914 709 quorum
1943 625 2108 690 alter
2135 626 2423 690 habenas

403 722 701 788 Suffosso
730 724 1061 791 revolutus
1093 750 1263 811 equo
1294 729 1449 791 dum
1480 725 1748 810 colligit,
1781 726 1946 790 alter

401 823 581 888 Dum
612 827 810 902 subit,
841 849 917 891 ac
949 828 1247 892 dextram
1275 828 1521 891 labenti
1551 828 1761 891 tendit
1791 829 2121 902 inermem,

406 923 785 1009 Praecipites
818 929 1193 1012 pariterque
1224 937 1443 992 ruunt.

1519 925 1646 990 His
1679 927 1863 990 addit
1894 925 2274 996 Amastrum

402 1025 869 1111 Hippotaden3
918 1029 1339 1112 sequiturque
1370 1029 1750 1092 incumbens
1782 1029 2029 1092 eminus
2059 1028 2247 1091 hasta

229 1125 358 1190 675
402 1126 773 1212 Tereaque,
795 1128 1392 1212 Harpalycumque,
1420 1138 1486 1192 et
1506 1128 2035 1212 Demophoonta,
2057 1128 2543 1214 Chromimque:

406 1228 720 1313 Quotque
750 1231 985 1293 emissa
1014 1253 1207 1294 manu
1235 1231 1552 1294 contorsit
1581 1228 1830 1312 spicula
1859 1230 2065 1312 virgo,

397 1329 535 1393 Tot
564 1329 833 1414 Phrygii
863 1331 1158 1395 cecidere
1190 1332 1329 1395 viri.

1408 1330 1648 1394 Procul
1679 1330 1974 1413 Ornytus
2006 1332 2198 1394 armis

400 1429 649 1514 Ignotis
677 1442 745 1495 et
768 1453 939 1515 equo
970 1443 1239 1496 venator
1268 1430 1513 1514 Iapyge
1544 1431 1788 1494 fertur:

399 1530 523 1594 Cui
552 1529 738 1614 pellis
770 1531 935 1596 latos
964 1533 1268 1597 humeros
1300 1541 1532 1615 erepta
1548 1533 1831 1615 juvenco

225 1631 357 1693 680
400 1631 758 1715 Pugnatori
788 1635 1039 1717 operit3
1086 1644 1283 1717 caput
1314 1635 1542 1716 ingens
1575 1634 1704 1698 oris
1735 1633 1950 1696 hiatus

400 1731 492 1794 Et
520 1731 703 1798 malae
732 1743 956 1798 texere
986 1733 1121 1817 lupi
1150 1756 1297 1797 cum
1325 1735 1630 1798 dentibus
1664 1733 1850 1809 albis,

396 1831 829 1918 Agrestisque
852 1857 1079 1899 manus
1110 1848 1317 1899 armat
1348 1857 1603 1918 sparus·
1683 1835 1834 1920 Ipse
1863 1838 2138 1899 catervis

396 1933 696 1999 Vertitur
725 1936 791 2002 in
820 1936 1073 2012 mediis,
1104 1947 1175 2000 et
1205 1947 1343 2000 toto
1373 1937 1614 2000 vertice
1647 1958 1844 2019 supra
1875 1949 1997 2000 est.

396 2033 595 2098 Hunc
618 2033 725 2098 illa
752 2048 1120 2120 exceptum,
1152 2058 1363 2120 neque
1394 2038 1566 2101 enim
1591 2036 1774 2101 labor
1805 2039 2056 2120 agmine
2089 2061 2300 2114 verso,

223 2135 352 2200 685
396 2135 696 2220 Trajicit,
726 2146 793 2200 et
826 2159 1023 2219 super
1052 2138 1193 2202 haec
1224 2139 1478 2201 inimico
1508 2148 1774 2222 pectore
1806 2137 2014 2202 fatur:

398 2236 585 2300 Silvis
616 2249 705 2312 te,
738 2237 1107 2320 Tyn-hene,
1140 2237 1311 2302 feras
1342 2240 1588 2322 agitare
1619 2227 1908 2321 putasti?

395 2337 687 2402 Advenit
716 2339 827 2421 qui
856 2349 1074 2402 vestra
1102 2339 1243 2402 dies
1272 2338 1694 2402 muliebribus
1727 2341 1918 2402 armis

396 2438 623 2504 Verba
654 2439 1083 2523 redarguerit.
1159 2438 1419 2502 Nomen
1450 2449 1666 2502 tamen
1695 2438 1874 2502 haud
1904 2437 2044 2502 leve
2075 2452 2334 2524 patrum

399 2539 709 2605 Manibus
739 2541 865 2606 hoc
895 2541 1165 2617 referes,
1198 2538 1331 2605 telo
1360 2541 1672 2604 cecidisse
1704 2537 2008 2604 Camillae.

220 2643 351 2706 690
396 2641 719 2706 Protenus
752 2642 1167 2707 Orsilochum
1197 2653 1264 2706 et
1294 2641 1534 2716 Buten,
1567 2641 1700 2704 duo
1731 2662 2032 2704 maxuma
2058 2641 2390 2707 Teucri‘im

394 2743 723 2828 Corpora:
772 2743 889 2807 sed
921 2744 1141 2807 Buten
1172 2763 1469 2806 aversum
1498 2741 1772 2824 cuspide
1801 2740 1948 2805 fixit

397 2844 695 2908 Loricam
724 2843 1099 2928 galeamque
1130 2844 1320 2918 inter,
1353 2865 1481 2926 qua
1512 2841 1676 2906 colla
1707 2842 1994 2906 sedentis

397 2945 676 3021 Lucent,
706 2955 774 3009 et
803 2941 964 3008 laevo
994 2944 1325 3028 dependet
1354 2965 1578 3028 parma
1607 2942 1887 3021 lacerto;

396 3046 833 3122 Orsilochum,
864 3045 1119 3130 fugiens
1150 3067 1582 3130 magnumque
1613 3046 1856 3130 agitata
1885 3068 2004 3131 per
2036 3049 2282 3124 orbem,

218 3152 348 3214 695
394 3147 625 3212 Eludit
652 3169 813 3232 gyro
842 3148 1131 3222 interior,
1166 3149 1588 3230 sequiturque
1623 3158 2034 3230 sequentem;

218 3357 430 3404 πωπω,
458 3345 693 3410 Hippotae
715 3345 857 3394 filius.
914 3347 1101 3394 Mundi!
1123 3349 1335 3392 humum.-

220 3411 349 3475 quod
372 3411 492 3460 alias
512 3414 749 3460 mordere.-
776 3409 871 3459 vid.
896 3424 1001 3473 sup.
1028 3410 1139 3456 418.

284 3477 395 3526 671.
432 3477 651 3524 Hebenus
663 3477 769 3522 dum
782 3477 971 3536 colligit,
987 3476 1213 3520 revolutus
1228 3489 1339 3534 equo

215 3543 417 3602 suffosso,
435 3549 492 3588 ut
512 3553 689 3602 equum
704 3554 765 3587 ex
788 3538 987 3586 vulnere
1005 3551 1239 3585 cernuum
1258 3552 1334 3585 re-

220 3605 393 3654 trahat.

285 3668 395 3719 674.
450 3669 567 3728 Sequ
570 3671 667 3714 itur
705 3670 976 3723 incumbens,
1016 3663 1139 3776 1516!-
1139 3683 1181 3712 ει
1220 3663 1336 3726 ἐρεί-

220 3735 369 3782 δουσαι
383 3731 461 3780 vel
480 3729 861 3806 ἐφερειδομένηρ
862 3730 1002 3778 uella.
1106 3745 1163 3776 oc
1186 3728 1336 3776 refer-

218 3807 300 3846 tur
318 3796 383 3846 ad
412 3795 573 3844 nisum
604 3745 873 3842 emittenti:
902 3793 1105 3849 hastam,
1135 3807 1231 3854 qua
1257 3791 1341 3840 illa

214 3860 487 3923 insequitur
524 3858 731 3916 eminus,
772 3859 819 3906 11.
862 3858 1000 3921 petit,
1046 3857 1257 3905 Tereum
1292 3865 1343 3904 et

216 3925 353 3974 alios.

282 3989 392 4047 677,
418 3989 529 4038 678.
569 3989 772 4049 Ornytus
802 4001 863 4034 ex
898 3985 1134 4034 Etruscis.
1184 3987 1341 4034 Amic

216 4057 420 4166 ignotsn'sf
456 4052 595 4101 novis
618 4052 665 4098 h.
690 4050 721 4099 l.
748 4049 1059 4108 inconsuetis,
1084 4049 1335 4099 insolenti-

216 4133 357 4167 ores
451 4116 523 4165 ie:
582 4131 694 4164 nam
727 4115 935 4164 habebat
967 4114 1168 4164 exuvias
1210 4113 1337 4163 tauri

218 4199 309 4258 pro
331 4191 351 4230 t
386 4196 499 4230 orac
498 4197 527 4229 e
547 4189 598 4228 et
618 4180 795 4228 rictum
827 4179 932 4242 lupi
960 4194 1050 4242 pro
1078 4178 1247 4240 galea.
1284 4187 1339 4226 ut

216 4245 299 4304 vii,
324 4245 435 4303 666,
457 4245 567 4302 66⁷,
588 4245 878 4300 Aventinus,
900 4253 1105 4306 tegumen
1130 4250 1339 4304 torquem

216 4315 407 4360 immane
431 4313 585 4366 honis,
614 4311 834 4357 Terribili
853 4312 1077 4370 impetum
1098 4314 1211 4354 aesta
1235 4323 1337 4354 cam

214 4379 427 4424 dentibus
454 4377 577 4422 albis
609 4375 803 4422 ludulae
836 4376 993 4434 capiti.
1040 4373 1160 4432 Iapy
1192 4387 1215 4417 e
1248 4386 1337 4434 pro

220 4437 437 4502 Iapygio,
464 4437 651 4501 Apulo·
690 4437 783 4486 vid.
810 4453 914 4500 sup.
941 4437 1069 4486 adv.
1097 4438 1205 4482 24.

1467 3344 1742 3392 682—684.
1789 3347 1992 3404 Sporus:
2027 3345 2263 3394 rusticum
2300 3347 2448 3396 telum
2475 3351 2524 3396 in

1401 3407 1600 3456 modum
1630 3406 1746 3471 pedi
1780 3423 2050 3456 recurvum.
2114 3411 2336 3468 Vertitur,
2361 3427 2524 3461 versa—

1403 3480 1495 3520 tur.
1547 3474 1814 3532 Exceptum,
1837 3481 2060 3520 assecuta
2092 3473 2372 3535 fugientem.
2423 3479 2522 3524 E:-

1403 3535 2188 3674 ωρξὸεΟ-α-ἒῗὲαῇὲἰξεῗυὲῗὲἒὲω
2217 3601 2340 3649 forte
2371 3604 2434 3651 ab
2467 3619 2526 3651 eo

1405 3663 1489 3726 qui
1526 3663 1610 3712 lib.
1649 3663 1716 3720 ix,
1755 3662 1850 3713 647
1887 3678 1987 3725 sqq.
2029 3675 2338 3724 memoratur,
2379 3675 2432 3714 et
2463 3669 2526 3716 ab

1406 3727 1560 3774 altero
1583 3726 1748 3789 utique
1769 3743 1814 3784 v,
1837 3726 1946 3776 372.
1984 3728 2053 3775 At
2079 3731 2337 3778 Orsilochus
2353 3745 2380 3777 e
2399 3730 2521 3779 Tro-

1398 3791 1532 3852 janis
1569 3807 1676 3866 sup.
1720 3762 1830 3848 636,
1867 3792 1976 3838 692.
2047 3794 2255 3840 Sedent&
2292 3793 2343 3841 in
2383 3809 2521 3870 equo.

1410 3857 1523 3904 Non
1548 3855 1680 3904 enim
1711 3855 1841 3904 inter
1863 3855 1966 3904 haec
1988 3855 2152 3904 omnia
2173 3857 2336 3904 animo
2357 3857 2521 3907 dimit-

1408 3919 1624 3977 tendum,
1659 3935 1749 3968 nos
1788 3919 1838 3966 in
1879 3935 2044 3982 pugna
2078 3921 2290 3982 equestri
2325 3923 2522 3972 versari.

1406 3987 1598 4042 Lucent,
1631 3983 1676 4032 el
1803 3993 1879 4032 ter
1911 3999 2014 4046 pru,
2036 3993 2277 4048 apparent
2307 3985 2505 4044 nudam

1405 4049 1602 4112 quidem
1634 4047 1686 4096 111
1739 4064 1830 4096 evo
1857 4049 2074 4096 humero.
2133 4048 2441 4098 Orsilochum
2471 4067 2524 4126 se

1403 4113 1739 4176 insequentem
1773 4112 1880 4176 ipsa
1911 4111 2050 4175 fugit,
2083 4111 2154 4160 ita
2180 4123 2356 4171 tamen,
2382 4124 2437 4164 ut
2471 4115 2522 4164 in

1403 4179 1569 4226 orbem
1593 4193 1770 4240 equum
1803 4175 2163 4234 circumflectat,
2199 4177 2306 4240 ipsa
2327 4178 2522 4255 quidem

1398 4259 1516 4304 gyro
1541 4246 1742 4300 interior,
1768 4241 1984 4302 adeoque
2017 4242 2079 4289 ab
2106 4240 2228 4289 laeva
2250 4242 2518 4300 omlochi,

1403 4321 1499 4368 quo
1537 4305 1664 4354 facto
1701 4319 1846 4353 cursu
1961 4313 2076 4354 uato
2113 4305 2202 4353 illa
2239 4309 2344 4368 ejus
2381 4281 2520 4358 lateri

1395 4371 1580 4432 juncta,
1626 4369 1798 4416 dextra
1847 4370 1938 4416 sub
1985 4379 2034 4418 ta
2086 4369 2328 4420 Orsilochi
2372 4375 2520 4438 capiti

1404 4434 1550 4482 ictum
1576 4431 1775 4496 bipenni
1800 4430 1988 4496 infligit.
