3050 4934
1209 257 1553 326 LIBER
1599 261 1732 326 VI.

2489 263 2621 328 405

291 400 428 466 325
471 401 638 468 Haec
669 405 900 482 omnis,
927 427 1126 490 quam
1151 409 1390 486 cernis,
1421 410 1613 494 inops
1642 408 2108 497 inhumataque
2139 413 2336 478 turba
2364 423 2503 491 est3

478 502 772 570 Portitor
801 505 932 584 ille,
965 507 1267 587 Chai-0113
1312 509 1384 574 hi
1405 532 1572 594 quos
1603 510 1783 576 vehit
1810 513 2010 591 unda,
2042 513 2303 599 sepulti.

473 605 624 671 Nec
653 608 832 692 ripas
859 609 1059 674 datur
1085 609 1450 676 horrendas
1479 623 1551 677 et
1578 633 1779 678 rauca
1802 612 2051 680 fluenta
2256 601 2261 608 ¹

470 706 958 793 Transportare
988 712 1194 796 prius,
1225 735 1421 797 quam
1451 714 1719 778 sedibus
1751 737 1903 780 ossa
1932 716 2263 798 quierunt.

470 807 751 875 Centum
777 823 1000 877 errant
1027 835 1256 891 annoS,
1288 813 1689 899 volitantque
1718 815 1864 880 haec
1892 815 2113 882 littora
2139 819 2415 884 circum:

293 908 429 972 330
471 909 648 974 Tum
677 913 937 978 demum
965 915 1231 980 admissi
1261 926 1494 999 stagna
1519 928 1835 1001 exoptata
1862 919 2175 986 revisunt.

475 1011 784 1078 Constitit
811 1011 1107 1080 Anchisa
1139 1028 1346 1094 satus,
1375 1028 1445 1081 et
1475 1019 1750 1102 vestigia
1778 1021 2057 1103 pressit3

473 1112 692 1180 Multa
720 1127 982 1200 putans,
1017 1127 1387 1202 sortemque
1419 1120 1631 1184 animo
1660 1121 2005 1184 miseratus
2034 1122 2341 1205 iniquam.

473 1214 702 1280 Cernit
729 1217 822 1281 ibi
851 1229 1122 1284 moestos
1153 1229 1222 1284 et
1251 1221 1474 1284 mortis
1503 1220 1755 1285 honore
1784 1233 2105 1299 carentes,

475 1313 892 1404 Leucaspim,
919 1330 990 1386 et
1019 1319 1242 1404 Lyciae
1271 1321 1611 1386 ductorem
1638 1321 1864 1386 classis
1898 1321 2235 1401 Orontem

296 1415 432 1481 335
477 1417 688 1497 Quos,
723 1420 910 1486 simul
937 1445 978 1486 a
1007 1421 1214 1506 Troja
1241 1432 1514 1486 ventosa
1541 1445 1662 1506 per
1690 1445 1957 1507 aequora
1984 1435 2231 1502 vectos,

475 1518 721 1586 Obruit
747 1533 992 1600 auster,
1023 1545 1196 1607 aqua
1223 1522 1555 1588 involvens
1588 1546 1943 1608 navemque
1975 1525 2299 1609 virosque.

561 1621 740 1687 Ecce
763 1625 1172 1707 'gubernator
1203 1647 1348 1690 sese
1382 1623 1729 1689 Palinurus
1762 1626 2038 1708 agebat3

473 1722 610 1795 Qui
641 1723 892 1809 Libyco
921 1747 1132 1811 nuper
1161 1748 1383 1802 cursu,
1413 1725 1573 1790 dum
1602 1726 1817 1790 sidera
1848 1737 2087 1803 servat,

475 1822 836 1891 Exciderat
865 1828 1075 1912 puppi
1101 1827 1332 1894 mediis
1363 1826 1615 1892 effusus
1644 1828 1711 1892 in
1740 1827 1956 1892 undis·

295 1923 432 1988 340
474 1925 674 1992 Hunc
702 1929 818 1992 ubi
844 1929 954 1992 vix
982 1928 1186 1993 multa
1215 1939 1518 1994 moestum
1549 1929 1853 2012 cognovit
1881 1930 1947 1992 in
1977 1930 2243 2007 umbra3

474 2027 583 2092 Sic
611 2029 792 2112 prior
821 2028 1206 2114 alloquitur:
1255 2029 1426 2102 Quis
1459 2041 1547 2108 te,
1579 2029 1909 2106 Palinure,
1941 2030 2237 2108 deorum,

475 2128 740 2215 Eripuit
767 2132 980 2208 nobis,
1012 2132 1357 2215 medioque
1391 2132 1514 2196 sub
1544 2152 1809 2214 aequore
1838 2132 2107 2196 mersit?

475 2229 604 2296 Dic
633 2255 777 2316 age.
855 2232 1158 2317 Namque
1187 2233 1366 2310 mihi,
1393 2231 1595 2298 fallax
1622 2231 1803 2296 haud
1833 2243 1986 2298 ante
2016 2244 2345 2318 repertus,

474 2332 626 2398 Hoc
653 2356 786 2398 uno
810 2356 1126 2419 responso
1155 2336 1434 2400 animum
1463 2332 1708 2397 delusit
1736 2331 2017 2416 Apoll03

295 2434 430 2498 345
475 2434 610 2508 Qui
639 2434 780 2499 fore
809 2446 876 2501 te
905 2446 1110 2521 ponto
1137 2433 1547 2511 incolumem,
1578 2433 1875 2516 finesque
1904 2435 2180 2499 canebat

473 2535 844 2600 Venturum
873 2535 1226 2605 Ausonios,
1305 2537 1415 2601 En
1445 2535 1589 2600 haec
1620 2535 1939 2619 promissa
1967 2535 2135 2600 fides
2166 2541 2313 2601 est?

473 2635 590 2701 Ille
621 2649 872 2704 autem:
919 2638 1159 2723 Neque
1188 2648 1255 2703 te
1287 2636 1528 2704 Phoebi
1558 2638 1809 2702 cortina
1838 2635 2089 2715 fefellit,

473 2738 638 2804 Dux
663 2738 1091 2818 Anchisiada,
1121 2764 1242 2806 nec
1269 2764 1372 2805 me
1403 2741 1569 2806 deus
1600 2763 1863 2824 aequore
1892 2741 2138 2806 mersit.

471 2840 776 2926 Namque
807 2841 1274 2927 gubernaclum
1299 2841 1504 2906 multa
1529 2843 1593 2906 vi
1622 2841 1791 2906 forte
1820 2841 2173 2920 revulsum,

295 2943 431 3007 350
473 2941 598 3006 cui
627 2943 822 3008 datus
852 2944 1185 3009 haerebam
1210 2953 1458 3020 custos,
1491 2965 1855 3027 cursusque
1884 2945 2215 3028 regebam,

473 3043 900 3130 Praecipitans
931 3047 1102 3110 traxi
1130 3068 1402 3112 mecum.
1477 3044 1697 3110 Maria
1724 3066 1961 3129 aspera
1980 3047 2160 3130 jur0,

472 3145 630 3210 Non
660 3145 862 3212 ullum
887 3169 1010 3232 pro
1037 3169 1140 3212 me
1167 3157 1419 3212 tantum
1447 3148 1703 3231 cepisse
1732 3147 2049 3226 timorem,

363 3399 636 3446 325-330.
671 3400 824 3460 Inops,
847 3397 928 3448 cui
951 3414 1095 3448 nemo
1121 3413 1266 3462 opem
1295 3395 1422 3454 tulit,

287 3465 428 3525 Justa
449 3461 697 3526 persolvit.
749 3465 898 3524 Ripae
917 3471 966 3511 et
977 3465 1157 3524 fluenta
1185 3471 1422 3524 transpor-

297 3536 417 3584 tare,
453 3535 509 3575 ut
551 3525 766 3590 vulgare,
803 3527 1038 3589 trajicere.
1111 3528 1192 3576 Dc
1235 3542 1291 3576 re
1325 3525 1420 3575 vid.

299 3591 442 3640 Iliad.
477 3595 526 3654 ψ,
563 3591 769 3642 71—74.
841 3594 1032 3642 Centum
1063 3599 1223 3640 errant
1268 3608 1420 3640 annos.

292 3655 497 3713 Nescio,
515 3671 579 3704 an
597 3655 660 3704 de
681 3672 772 3705 suo
795 3656 1016 3720 posuerit
1035 3655 1285 3718 Virgilius,
1311 3655 1415 3704 ani-

291 3719 940 3848 ?afflff‘ssffifflff
958 3735 1419 3848 ²2?5,?„2‘5253„¹23¹{

289 3865 408 3900 eum
453 3859 568 3898 ante
611 3850 798 3911 rejecti,
831 3849 1044 3900 submoti
1089 3849 1418 3906 recessissent,

291 3929 426 3963 nunc
443 3913 642 3964 admissi
659 3925 712 3964 et
724 3915 912 3979 recepti
931 3915 1098 3964 visunt
1113 3925 1300 3977 stagna,
1319 3924 1417 3962 tra-

293 3977 541 4027 ‘iciuntun
802 4004 811 4012 ·

283 3995 308 4042 J
359 4045 470 4091 8³2.
505 4045 662 4092 Multa
679 4051 866 4104 putam,
900 4041 1026 4092 miro
1057 4043 1281 4092 acumine
1305 4041 1418 4090 Ser-

289 4106 430 4158 vius:
467 4109 593 4158 Bene
615 4111 766 4156 animo
785 4111 918 4169 quasi
953 4112 1024 4157 rei
1051 4125 1260 4172 prasago
1275 4127 1290 4155 .-
1325 4111 1422 4168 ipse

289 4176 416 4222 enin
433 4174 608 4222 AEneaae
631 4175 886 4234 imminu
895 4173 1078 4235 jacebit
1093 4192 1109 4220 .·
1145 4181 1198 4220 ut
1220 4177 1278 4229 iv,
1305 4171 1416 4229 620,

287 4239 530 4300 mediaque
551 4241 815 4285 inhumatus
835 4254 992 4286 arena.

356 4301 634 4350 asa—³36.
671 4301 750 4350 De
772 4301 850 4350 hin
871 4301 968 4350 vid.
991 4318 1098 4366 sup.
1123 4301 1154 4359 i,
1181 4295 1271 4349 113
1295 4315 1397 4362 sqq.

357 4367 634 4416 8³7-339.
673 4365 932 4416 Palinurus
954 4367 1210 4416 manifeste
1225 4381 1289 4414 ex
1311 4365 1419 4414 Ho-

289 4430 478 4482 merico
515 4430 764 4496 Elpenore
797 4431 1127 4490 adumbratus,
1155 4431 1330 4494 Odysa.
1369 4439 1420 4488 λ,

1491 3397 1550 3442 51
1572 3411 1673 3460 sqq.
1710 3398 1885 3459 Libyco
1906 3415 2056 3456 cursu,
2080 3400 2391 3464 navigatione
2412 3403 2474 3450 de
2492 3405 2611 3452 Car-

1489 3461 1703 3524 thagine,
1729 3471 1840 3524 post
1861 3461 2129 3512 discessum
2147 3474 2309 3513 tamen
2332 3482 2394 3514 ex
2418 3467 2611 3524 Siciliam

1487 3525 1787 3636 haudblqinge
1810 3542 1839 3574 a
1862 3526 2133 3576 Sirenussis
2155 3527 2355 3578 insulis:
2384 3529 2478 3579 vid.
2504 3547 2610 3596 sup.

1489 3606 1535 3638 v.
1560 3605 1619 3636 su
1710 3605 1758 3638 n.

1551 3653 1825 3701 343—346.
1851 3651 2105 3702 Ἀπόλλων
2127 3653 2331 3716 ἀψευδὴς
2346 3657 2404 3707 τὸ
2422 3659 2530 3722 πρὶν
2547 3677 2609 3708 ex

1487 3717 1719 3782 AEschylo
1732 3717 1945 3765 laudant.
1996 3719 2229 3768 Promissa
2240 3723 2373 3782 fides,
2392 3734 2609 3774 eventus.

1485 3785 1629 3832 Fides
1649 3781 1781 3847 apud
1802 3792 1971 3846 poetas
1994 3782 2055 3830 de
2077 3793 2211 3832 certo
2238 3798 2417 3836 eventu
2440 3804 2607 3838 oracu-

1485 3845 1658 3906 lorum,
1675 3847 1850 3910 quibus
1870 3846 1989 3896 deus
2008 3847 2153 3896 fidem
2168 3866 2305 3898 suam
2325 3853 2607 3910 obstrinxit;

1485 3927 1594 4024 quuae
1611 3912 1829 4026 pia-etstita
1845 3911 1896 3961 in
1912 3912 2169 3962 veritatem
2186 3925 2235 3964 et
2254 3929 2484 3966 eventum
2501 3935 2606 3967 cer-

1544 3993 1593 4024 m
1615 3993 1642 4025 a
1676 3993 1693 4024 ι

1554 4043 1827 4090 348—351.
1864 4041 2002 4090 Deus
2025 4059 2111 4090 seu
2142 4043 2272 4091 idem
2298 4045 2491 4108 Apollo,
2520 4063 2608 4096 seu

1487 4106 1687 4156 omnino
1710 4122 1907 4165 numen,
1930 4105 2051 4156 deus
2072 4105 2261 4170 aliquis,
2284 4127 2353 4157 me
2370 4126 2468 4159 non
2492 4130 2608 4160 mer..

1484 4175 1562 4227 sit,
1587 4169 1875 4229 submersit;
1911 4171 2028 4233 quin
2063 4171 2123 4219 ad
2149 4171 2305 4220 Italiae
2332 4174 2468 4226 littus
2492 4193 2606 4228 ena·-

1485 4245 1657 4284 tarem.
1710 4235 2049 4297 Cogitandum,
2070 4235 2353 4286 Palinurum
2367 4242 2607 4302 guberna.

1485 4298 1597 4347 culo
1630 4315 1795 4348 secum
1837 4300 2031 4348 revulso
2070 4299 2121 4348 in
2160 4303 2283 4350 mari
2316 4303 2609 4360 insidentem

1487 4373 1694 4412 natasse.
1748 4363 1922 4413 Suavis
1940 4373 2101 4414 autem
2131 4366 2243 4415 fidei
2265 4378 2315 4416 et
2336 4371 2513 4422 amoris
2535 4375 2607 4422 af-

1487 4427 1643 4478 fectus
1664 4427 1719 4478 in
1738 4444 1841 4492 sqq.
1898 4431 2059 4478 Maria
2079 4448 2244 4494 aspera
2252 4433 2367 4496 juro
2386 4444 2477 4486 etc.
