3050 4934
468 265 599 326 464

1368 263 1890 328 AENEIDOS

639 411 903 496 Quique
935 412 1132 476 altum
1164 413 1501 476 Praeneste
1535 415 1674 489 viri,
1706 415 1948 497 quique
1981 433 2135 476 arva
2167 411 2448 476 Gabinae

638 513 939 590 Junonis,
971 512 1385 597 gelidumque
1418 511 1760 591 Anienem,
1791 526 1859 577 et
1889 515 2146 594 roscida
2175 514 2326 578 rivis

2154 589 2174 596 ο
2192 575 2400 598 ..μασιν-ο

638 613 928 677 Hernica
959 637 1116 678 saxa
1146 614 1401 691 colunt;
1447 638 1638 705 qu08,
1672 611 1860 679 dives‘
1884 612 2208 698 Anagnia,
2242 616 2480 698 pascis,

470 715 599 777 685
646 716 856 790 Qum,
892 715 1217 779 Amasene
1249 727 1457 799 pater.
1537 716 1694 778 Non
1723 715 1844 778 illis
1877 717 2172 779 omnibus
2203 737 2404 791 arma,

644 817 791 880 Nec
822 815 1011 900 clipei
1042 838 1353 880 currusve
1387 827 1654 880 sonant:
1704 839 1858 900 pars
1888 839 2189 881 maxuma
2219 815 2488 899 glandes

646 917 937 981 Liventis
968 916 1217 1002 plumbi
1248 919 1532 1000 spargit3
1579 939 1732 1000 pars
1766 917 2014 1000 spicula
2043 927 2260 1001 gestat

645 1018 813 1084 Bina
843 1042 1074 1094 manu3
1124 1017 1465 1102 fulvosque
1496 1017 1634 1102 lupi
1664 1019 1748 1083 de
1778 1017 1946 1102 pelle
1977 1016 2234 1101 galeros

643 1119 941 1204 Tegmen
971 1119 1217 1183 habent
1246 1118 1444 1202 capiti
1469 1143 1483 1180 :
1535 1120 1806 1202 vestigia
1836 1119 2012 1182 nuda
2043 1119 2286 1180 sinistri

468 1221 599 1284 690
644 1220 994 1302 Instituere
1023 1221 1211 1304 pedis
1236 1246 1251 1296 3
1298 1220 1544 1284 crudus
1575 1221 1738 1302 tegit
1768 1218 1972 1284 altera
2001 1241 2184 1302 pere.

729 1320 824 1386 At
856 1321 1233 1404 MessapuS,
1265 1319 1504 1404 equfim
1535 1320 1836 1396 domitor,
1869 1321 2210 1403 Neptunia
2242 1318 2479 1403 proles„

644 1422 862 1495 Quem
892 1445 1103 1506 neque
1131 1421 1229 1485 fas
1261 1423 1396 1505 igni
1424 1423 1724 1505 cuiquam
1755 1443 1874 1486 nec
1904 1432 2195 1485 sternere
2225 1420 2424 1497 ferre,

643 1523 794 1587 Jam
823 1524 1077 1608 pridem
1102 1524 1351 1586 resides
1383 1521 1684 1606 popuIOS,
1717 1524 2120 1606 desuetaque
2150 1522 2323 1586 bello

646 1623 950 1709 Agmina,
982 1625 1047 1688 in
1078 1645 1257 1687 arma
1285 1635 1473 1687 vocat
1504 1625 1743 1699 subite,
1777 1623 2146 1708 feri-umque
2181 1634 2510 1688 retractat.

468 1727 600 1790 695
646 1725 739 1790 Hi
770 1725 1205 1789 Fescenninas
1238 1725 1409 1788 acies
1440 1724 1831 1808 AEquosque
1867 1723 2178 1800 FaliscOS‚

644 1827 739 1892 Hi
768 1827 1056 1890 Soractis
1086 1825 1332 1888 habent
1358 1847 1542 1889 arces
1573 1825 1988 1909 Flaviniaque
2017 1849 2193 1902 arva,

646 1929 740 1993 Et
769 1929 1001 1992 Cimini
1031 1950 1178 1992 cum
1206 1937 1424 1990 monte
1454 1925 1666 1991 lacum
1694 1926 2006 2012 lucosque
2038 1929 2360 2013 Capenos

646 2030 839 2093 Ibant
868 2030 1108 2112 aequati
1136 2031 1427 2104 numero,
1459 2050 1808 2112 regemque
1838 2030 2190 2094 canebant:

643 2131 785 2195 Ceu
814 2130 1141 2214 quondam
1170 2129 1339 2192 nivei
1366 2127 1613 2212 liquida
1640 2130 1810 2193 inter
1838 2130 2058 2194 nubila
2087 2135 2292 2215 cycni,

470 2431 577 2480 foco
612 2438 822 2495 reperto,
860 2439 909 2478 et
940 2444 1031 2494 pro
1054 2428 1263 2478 Vulcani
1287 2428 1388 2476 filio
1410 2429 1590 2476 habito.

472 2499 689 2544 Genuum
708 2499 828 2542 inter
844 2511 1011 2556 pecora
1037 2497 1245 2556 jungere
1268 2493 1341 2541 fas
1364 2502 1450 2550 est,
1478 2507 1590 2550 non,

468 2577 621 2623 regem
642 2564 765 2608 inter
776 2575 956 2621 pecora.

536 2625 807 2672 682—686.
843 2627 1005 2671 Altum
1044 2639 1073 2670 a
1106 2622 1219 2670 situ.
1272 2623 1463 2670 Gabina
1502 2624 1590 2668 Ju-

466 2694 610 2738 nom's.
666 2688 979 2751 Pelasgorum
1003 2685 1175 2748 relig-io
1196 2686 1249 2733 in
1274 2685 1468 2733 Latium
1480 2684 1586 2732 illa-

470 2764 533 2812 ta‚
576 2753 705 2801 unde
742 2756 863 2800 Juno
902 2753 1155 2808 Lammina,
1198 2760 1249 2798 et
1286 2750 1364 2797 hic
1392 2751 1588 2797 Gabina.

468 2817 568 2873 Qui
614 2821 821 2866 Hernica
851 2833 967 2863 saxa
998 2819 1162 2863 colant.
1217 2814 1271 2861 Si
1308 2829 1477 2862 verum
1516 2823 1594 2862 est

464 2881 597 2944 quod
618 2897 647 2928 a
674 2882 818 2930 Festo
848 2889 897 2928 ct
934 2879 1105 2927 Servio
1141 2879 1360 2935 traditur,
1399 2882 1589 2926 Sabino-

468 2963 571 2993 rum
610 2961 699 2994 seu
746 2947 1023 2993 Marsorum
1058 2945 1237 3005 lingua,
1278 2948 1433 2997 her-na,
1478 2959 1594 2990 saxa

466 3019 639 3058 vocata
673 3009 848 3064 fuisse3
885 3009 1026 3055 docte
1066 3019 1209 3071 poeta
1242 3010 1449 3054 Hernica
1480 3025 1595 3054 sara

468 3074 623 3127 dixin
649 3082 754 3120 erat
775 3081 937 3120 autem
965 3073 1294 3119 Hernicorum
1317 3087 1431 3133 ager
1450 3087 1590 3119 saxo-

468 3153 553 3186 sus
592 3137 721 3184 circa
758 3139 1033 3196 Anagniam,
1076 3151 1221 3196 quam
1260 3135 1463 3182 divitem
1506 3152 1594 3184 cur

464 3201 661 3258 dixerit,
717 3215 779 3247 ex
820 3199 943 3260 Silii,
972 3199 1242 3247 imitatione
1286 3199 1590 3262 intelligitur,

468 3267 553 3322 xii,
610 3267 718 3322 532,
770 3266 879 3322 533,
928 3267 1089 3325 Surgit
1140 3281 1357 3324 suspensa
1401 3269 1592 3312 tumenti

470 3334 615 3378 Dorso
634 3327 885 3390 frugiferis
925 3331 1127 3376 Cereali-t
1160 3333 1401 3391 Anagnia.
1410 3333 1590 3391 glebis:

466 3411 585 3460 ergo
618 3393 791 3442 fertilis
826 3403 913 3440 est.
967 3394 1081 3440 Jam
1116 3398 1295 3441 roscida
1328 3398 1441 3441 rivis
1463 3395 1592 3456 quod

466 3460 551 3518 ait,
592 3459 682 3506 rivi
719 3474 825 3506 esse
860 3467 1065 3522 possunt
1104 3457 1227 3505 nulli
1267 3467 1589 3521 praeterquam

468 3525 652 3572 Trerus
675 3531 725 3570 et
747 3525 886 3571 Cosa.
944 3527 1199 3570 Amasenus
1230 3538 1377 3586 supra
1406 3522 1590 3570 Setiam

468 3589 520 3636 in
536 3587 729 3655 Yolscis
745 3597 893 3645 ortus,
912 3587 1201 3635 Privernum
1218 3598 1590 3650 praetergressus

466 3670 555 3718 per
591 3653 823 3700 Volscum
860 3667 1030 3714 agrum
1068 3651 1121 3699 in
1162 3667 1295 3699 mare
1326 3653 1455 3716 apud
1478 3652 1588 3699 Cir-

366 3721 375 3730 '
464 3718 598 3766 ceios
621 3716 737 3765 exit.

528 3783 638 3829 686.
676 3784 849 3828 Sonant
871 3781 1117 3843 eleganter
1134 3797 1239 3845 pro,
1262 3787 1383 3828 sunt.

528 3845 801 3894 688-690.
847 3847 945 3892 Seu
990 3854 1045 3892 ut
1078 3845 1183 3908 lupi
1220 3844 1408 3892 exuviae
1442 3853 1592 3920 caput

464 3918 645 3974 tegant,
667 3909 726 3957 cf.
764 3927 809 3957 v.
836 3910 958 3962 6663
994 3924 1081 3957 seu
1120 3920 1173 3956 ut
1201 3909 1340 3970 galea
1370 3925 1397 3956 e
1420 3909 1471 3956 lu
1505 3925 1592 3956 ma

462 3976 590 4042 pelle
634 3976 761 4023 facta
799 3974 876 4021 sit.
938 3975 1137 4021 Laevum
1172 3973 1346 4036 pedem
1388 3989 1455 4020 nu
1492 3989 1589 4031 um,

460 4041 689 4089 dextrum
724 4053 922 4102 perone,
964 4039 1011 4084 h.
1048 4037 1181 4085 corio
1216 4037 1379 4094 crudo,
1407 4042 1584 4098 καρβα-

460 4103 580 4167 τίνῃ,
602 4113 798 4152 tectum.
859 4101 991 4150 Alibi
1014 4102 1191 4148 loevum
1230 4111 1393 4149 autem
1416 4102 1591 4164 pedem

460 4185 549 4216 seu
584 4178 831 4216 ocreatum
866 4183 952 4214 seu
994 4166 1091 4214 alio
1136 4167 1276 4214 modo
1318 4175 1500 4214 tectum
1543 4176 1592 4214 et

463 4233 705 4280 munitum
739 4231 958 4293 legimus,
980 4231 1106 4293 quod
1148 4230 1253 4294 ipsc
1287 4241 1441 4278 status
1462 4245 1587 4294 pug-

462 4297 627 4345 nantis
661 4296 907 4358 postulare
952 4295 1155 4352 videtur,
1198 4295 1590 4358 quandoquidem

464 4360 575 4423 pedi
612 4359 737 4407 laevo
772 4359 967 4416 insistit,
1006 4375 1212 4422 eumque
1254 4361 1497 4408 anteriore
1535 4360 1586 4408 in

462 4423 669 4482 vestigio
692 4423 845 4485 ponit,
874 4423 917 4470 is
940 4423 1023 4484 qui
1055 4435 1139 4471 aut
1162 4424 1311 4472 funda
1342 4425 1582 4484 glandem,

370 2285 379 2292 .
414 2253 421 2258 ·
470 2233 601 2297 700
645 2231 869 2305 Quum
901 2251 1043 2294 sese
1075 2252 1112 2293 e
1140 2240 1334 2313 pastu
1364 2229 1679 2307 referunt,
1709 2243 1777 2296 et
1807 2231 2001 2316 longa
2029 2254 2302 2298 canoros

1658 2437 1743 2476 aut
1759 2429 1842 2491 qui
1858 2429 2074 2490 jaculum
2089 2429 2284 2487 emittit,
2300 2441 2386 2479 aut
2405 2447 2521 2480 arcu
2537 2434 2786 2497 sag-ittam.

1661 2493 1916 2540 Probabile
1939 2494 2060 2542 adeo
2083 2494 2140 2541 fit
2161 2510 2244 2542 eos
2265 2505 2403 2543 scuto
2427 2512 2553 2554 usos,
2577 2515 2672 2560 quo
2697 2501 2784 2548 lae-

1660 2572 1774 2604 vum
1797 2572 1909 2605 crus
1948 2566 2130 2605 tectum
2153 2569 2292 2606 esset.
2361 2561 2566 2624 Vestigia
2587 2568 2782 2613 institu-

1659 2638 1749 2679 ere,
1769 2629 1998 2679 statuere,
2019 2638 2202 2686 ponere
2221 2623 2410 2686 pedem,
2431 2625 2493 2674 de
2511 2627 2664 2689 gradu
2686 2629 2782 2677 mi-

1655 2685 1796 2734 litum
1819 2686 2156 2748 pugnantium.

1722 2751 1832 2808 691,
1859 2752 1967 2798 692.
2003 2753 2209 2813 Messapi
2243 2753 2446 2800 obscura
2481 2764 2556 2802 est
2589 2755 2784 2814 fabulam

1657 2813 1835 2862 suflicit
1867 2831 1978 2862 cum
2011 2815 2162 2863 fuisse
2185 2815 2466 2866 bellatorem
2497 2819 2784 2870 invulnera-

1659 2879 1820 2926 bilem.
1877 2883 2056 2942 Equdm
2091 2883 2298 2938 domitor,
2333 2891 2390 2928 ut
2427 2898 2473 2930 v.
2517 2885 2606 2931 651
2651 2889 2782 2934 Lan-

1657 2961 1748 2990 sus.
1807 2946 1914 3000 Fase,
1941 2943 2159 2992 δυνατόνε
2195 2945 2407 2994 invictus
2429 2946 2532 3008 igni
2565 2958 2613 2996 et
2635 2949 2784 2998 ferro.

1739 3009 2012 3058 695—697.
2065 3009 2188 3063 Quae
2229 3019 2499 3072 sequuntur
2529 3014 2686 3071 urbes,
2725 3015 2788 3063 in

1660 3072 1873 3120 Etruriae
1905 3083 2044 3136 parte
2065 3073 2128 3120 ad
2151 3073 2370 3121 Tiberim
2391 3087 2624 3138 vergente
2645 3093 2784 3140 quae—

1658 3136 1823 3183 rendae
1866 3147 1993 3185 sunt.
2075 3141 2264 3194 Falisci,
2311 3153 2398 3186 seu
2450 3143 2640 3198 Falerii,
2689 3158 2786 3192 nec

1656 3200 1799 3263 longe
1833 3203 1894 3248 ab
1932 3202 2010 3249 his
2043 3205 2293 3250 Pescennio
2323 3217 2434 3250 cum
2475 3207 2696 3264 Flavinia,
2741 3223 2786 3256 8-

1657 3267 1866 3322 Flave'na,
1905 3265 2088 3314 dudum
2121 3283 2150 3313 e
2185 3266 2346 3314 medio
2378 3268 2580 3317 sublata.
2647 3274 2788 3321 Mons

1658 3332 1842 3377 Soracte
1877 3330 1959 3390 (cf.
1995 3331 2079 3378 inf.
2115 3331 2181 3388 xi,
2219 3331 2312 3380 785
2339 3332 2497 3394 sqq.);
2533 3337 2660 3382 lacus
2697 3339 2782 3384 02·-

1657 3399 1824 3442 mt‘m’us
1867 3409 1978 3442 cum
2025 3405 2189 3442 monte
2231 3405 2282 3442 et
2324 3397 2451 3444 saltu
2493 3398 2707 3448 Ciminio
2751 3417 2784 3448 e

1658 3459 1762 3505 Liv.
1807 3459 1872 3515 ix,
1917 3459 2010 3509 367
2051 3469 2194 3515 noto;
2247 3460 2538 3524 tandemque
2580 3467 2782 3524 Capu-na,

1659 3522 1862 3570 Faliscis
1899 3523 2214 3581 contermina,
2257 3539 2366 3572 cum
2407 3525 2518 3574 luco
2559 3528 2786 3578 Feroniae

1655 3586 1706 3633 in
1743 3603 1860 3648 agro
1901 3589 2150 3652 Capenate
2194 3589 2314 3636 sito:
2361 3589 2458 3637 vid.
2501 3591 2607 3640 Liv.
2645 3593 2781 3652 xxvi,

1661 3653 1747 3707 113
1789 3652 1821 3707 i,
1861 3653 1949 3707 3ος
1995 3651 2196 3716 Dionys.
2233 3653 2303 3710 iii,
2343 3656 2432 3709 323
2469 3655 2642 3704 Silium
2675 3657 2782 3717 xiii,

1655 3717 1718 3762 84
1741 3731 1842 3778 sqq.
1899 3716 2044 3771 Quod
2075 3727 2238 3764 autem
2261 3721 2436 3780 AEqaos
2457 3722 2662 3770 Faliscos
2691 3737 2778 3786 ap-

1654 3780 1817 3843 pellat,
1861 3781 1922 3827 ad
1961 3781 2214 3843 antiquum
2257 3783 2557 3832 Faliscorum
2601 3801 2780 3835 nomen

1653 3854 1855 3908 spectat,
1911 3849 2112 3906 AEqtmm
2163 3849 2427 3900 Faliscum5
2487 3849 2548 3897 ab
2605 3851 2782 3914 AEquia

1653 3909 1786 3958 enim
1827 3909 1902 3956 vel
1944 3910 2217 3971 AEquiculis
2253 3920 2305 3959 et
2340 3912 2580 3974 AEquauis
2615 3925 2778 3964 traxe-

1655 3985 1767 4021 rant
1787 3973 1860 4021 illi
1881 3974 2048 4022 nescio
2068 3975 2198 4036 quid.

1721 4039 1831 4086 698.
1889 4041 2086 4099 AEquah'
2129 4057 2326 4097 numero,
2373 4041 2640 4104 aequalibus
2683 4059 2776 4093 nu-

1657 4103 1804 4149 meris
1837 4103 1883 4149 h.
1922 4103 2188 4151 ordinibus.
2255 4105 2484 4153 Notabile
2517 4107 2639 4156 adeo
2673 4109 2779 4168 fuit,

1657 4167 1746 4215 hos
1787 4167 1933 4215 certis
1977 4168 2228 4216 ordinibus
2270 4169 2515 4229 incedere,
2559 4181 2610 4220 et
2653 4173 2783 4223 inter

1655 4231 1898 4279 incessum
1921 4241 2092 4280 cantus
2114 4234 2306 4282 habere.

1721 4297 1991 4346 699—702.
2029 4297 2452 4361 Comparationem
2485 4315 2547 4347 ex
2574 4301 2778 4351 Homer.

1659 4361 1795 4410 Iliad.
1835 4365 1884 4417 β,
1923 4363 2019 4408 459
2055 4377 2156 4423 sqq.
2197 4373 2248 4409 et
2283 4363 2510 4427 Apollon.
2547 4365 2612 4422 iv,
2655 4368 2782 4414 13⁰0

1651 4441 1752 4487 sqq.
1787 4426 2120 4474 adumbratam
2149 4443 2255 4474 case
2283 4427 2334 4474 in
2361 4429 2526 4476 oculos
2557 4428 2776 4478 incurrit.
