3050 4934
450 257 581 322 274
1313 254 1841 319 AENEIDOS

626 404 953 481 Substitit,
987 404 1308 469 erravitne
1339 406 1462 482 via,
1495 428 1615 469 seu
1647 404 1819 468 lassa
1848 402 2115 478 resedit,

401 544 412 549 —
455 508 583 571 740
626 506 987 585 Incertum3
1033 528 1152 572 nec
1183 518 1334 591 post
1363 506 1567 571 oculis
1598 516 1701 571 est
1728 506 1987 570 reddita
2014 502 2277 567 nostris.

623 608 770 674 Nec
801 609 982 692 prius
1014 608 1312 673 amissam
1341 610 1629 693 respexi,
1660 609 2019 671 animumve
2050 602 2303 679 reflexi,

627 710 842 783 Quam
875 708 1188 773 tumulum
1215 711 1500 794 antiquae
1532 710 1791 774 Cereris
1824 708 2173 791 sedemque
2204 713 2519 769 sacratam

625 811 977 875 Venimus:
1025 810 1132 875 hic
1163 810 1424 875 demum
1453 810 1739 875 collectis
1772 810 2068 873 omnibus
2098 829 2230 871 una

629 910 896 988 Defuit3
941 921 1009 975 et
1037 912 1330 988 comiteS,
1363 922 1739 996 natumque,
1772 912 2105 993 virumque
2134 906 2382 972 fefellit.

457 1014 583 1078 745
629 1013 846 1086 Quem
875 1034 1004 1075 non
1034 1013 1320 1076 incusavi
1350 1035 1571 1077 amens
1604 1012 2061 1096 hominumque
2090 1008 2533 1091 deorumque?

629 1114 770 1177 Aut
799 1114 955 1197 quid
988 1114 1054 1177 in
1082 1135 1310 1178 eversa
1339 1115 1470 1178 vidi
1498 1114 1827 1179 crudelius
1856 1114 2065 1176 urbe?
2536 1102 2543 1109 ’

629 1214 1006 1292 Ascanium,
1039 1214 1503 1300 Anchisenque
1535 1226 1811 1301 patrem,
1842 1214 2271 1296 Teucrosque
2302 1210 2585 1274 Penates

631 1316 1030 1379 Commendo
1060 1317 1274 1393 sociiS,
1304 1328 1372 1380 et
1401 1338 1601 1401 curva
1629 1315 1792 1380 valle
1822 1314 2143 1391 recondo;

631 1416 782 1501 Ipse
815 1418 1044 1481 urbem
1075 1428 1327 1501 repeto,
1359 1428 1426 1482 et
1455 1419 1683 1502 cingor
1712 1416 2110 1501 fulgentibus
2140 1415 2353 1506 amnis,

463 1520 590 1583 750
635 1519 782 1583 Stat
810 1540 1000 1583 casus
1029 1540 1342 1583 renovare
1373 1540 1619 1596 omnes,
1650 1516 2297 1600 omnemque'reverti

635 1620 766 1683 Per
795 1618 1090 1703 Trojam,
1121 1630 1190 1683 et
1215 1642 1445 1683 rursus
1475 1630 1679 1704 caput
1705 1619 2035 1703 objectare
2063 1615 2343 1702 periclis.

635 1720 963 1804 Principio
992 1742 1212 1784 muros
1245 1722 1653 1804 obscuraque
1683 1720 1899 1783 limina
1927 1728 2159 1803 portoe,

635 1822 790 1894 Qua
816 1844 1112 1905 gressum
1140 1821 1525 1900 extuleram,
1555 1832 1819 1907 repet03
1864 1829 1933 1885 et
1960 1821 2233 1904 vestigia
2260 1830 2439 1884 retro

636 1924 1008 1987 Observata
1039 1946 1277 2006 sequor
1303 1945 1422 2007 per
1450 1934 1729 2000 noctem,
1760 1932 1829 1987 et
1857 1922 2094 1986 lumine
2124 1920 2353 1985 lustro.

467 2026 592 2089 755
639 2024 896 2088 Horror
925 2024 1165 2108 ubique
1195 2025 1462 2100 animOS,
1495 2023 1683 2088 simul
1712 2025 1857 2108 ipsa
1884 2023 2138 2087 silentia
2166 2032 2436 2087 terrent.

637 2124 799 2187 Inde
832 2125 1114 2201 domum,
1150 2126 1203 2186 si
1233 2124 1400 2187 forte
1429 2126 1689 2208 pedem,
1721 2126 1775 2187 si
1804 2124 1971 2189 forte
2000 2124 2280 2201 tulisset,

641 2224 758 2289 Me
787 2224 1020 2288 refero.
1100 2223 1434 2289 Irruerant
1463 2225 1704 2302 Danai,
1735 2236 1803 2290 et
1830 2237 2074 2291 tectum
2104 2248 2291 2290 omne
2320 2227 2651 2291 tenebant.

639 2324 826 2389 Ilicet
855 2326 1020 2417 ignis
1051 2326 1222 2389 edax
1254 2348 1500 2390 summa
1531 2328 1615 2390 ad
1648 2326 1907 2410 fastigia
1937 2338 2130 2392 vento
2322 2328 2327 2333 ’

648 2426 976 2492 Volvitur:
1036 2439 1436 2511 exsuperant
1464 2428 1774 2506 flammae3
1820 2429 1979 2493 furit
2006 2438 2204 2493 aestus
2236 2430 2321 2495 ad
2354 2452 2564 2493 auraS.

467 2530 595 2594 760
641 2528 963 2604 Procede,
995 2539 1064 2592 et
1093 2528 1334 2593 Priami
1365 2530 1557 2593 sedes
1587 2552 1928 2614 arcemque
1960 2532 2191 2595 revisa

641 2630 734 2693 Et
755 2631 890 2714 jam
919 2630 1277 2713 porticibus
1309 2633 1528 2695 vacuis
1560 2632 1605 2695 J
1608 2634 1840 2696 unonis
1872 2632 2053 2717 asylo

640 2731 968 2794 Custodes
998 2730 1148 2794 lecti
1181 2730 1464 2797 Phoenix
1494 2744 1563 2796 et
1594 2732 1775 2797 dirus
1806 2732 2037 2797 Ulixes

602 2898 612 2907 ,
641 2831 942 2895 Praedam
972 2834 1414 2897 asservabant.
1493 2833 1649 2899 Huc
1680 2835 1969 2919 undique
2000 2834 2203 2899 Troia
2230 2856 2393 2919 gaza

641 2932 930 2995 Incensis
963 2942 1190 3015 erepta
1220 2933 1455 3016 adytiS,
1487 2957 1857 3021 mensaeque
1889 2936 2182 3014 deorum,

471 3035 598 3098 765
642 3026 1076 3113 crateresque
1106 3054 1269 3095 auro
1297 3032 1511 3111 solidi,
1546 3038 1927 3121 captivaque
1956 3039 2153 3101 vestis

643 3130 1056 3213 Congeritur.
1135 3132 1334 3197 Pueri
1364 3146 1432 3198 et
1462 3136 1717 3218 pavidoe
1744 3138 1938 3222 longo
1969 3140 2195 3205 ordine
2226 3151 2467 3206 matres

477 3408 580 3447 tum
601 3412 692 3461 pro
713 3399 789 3444 m‘a
812 3394 928 3459 poni
962 3404 1166 3469 ppssunt
1187 3398 1298 3454 loca,
1317 3406 1489 3457 portet,
1509 3416 1584 3448 re·
1718 3398 1988 3451 750-752.
2024 3403 2143 3459 Stat,
2162 3401 2412 3451 decretum
2434 3413 2511 3453 est
2527 3406 2659 3470 apud
2682 3424 2779 3466 me.

469 3466 640 3526 giones,
677 3476 767 3525 per
805 3474 924 3523 quas
959 3474 1050 3507 πω
1081 3468 1279 3523 patent3
1315 3460 1428 3509 hinc
1462 3480 1512 3510 re
1552 3468 1563 3479 ⁰
1652 3472 1707 3512 ut
1728 3478 1871 3528 sepe.
1932 3468 2137 3514 Obscura
2154 3468 2315 3515 limina
2334 3476 2496 3529 porta,
2520 3482 2662 3534 porta
2689 3488 2781 3537 per

473 3531 652 3575 viarum
671 3524 832 3589 poetis
852 3524 1010 3573 ducta.
1067 3522 1220 3586 Jungi
1251 3534 1470 3587 possunt,
1512 3536 1589 3574 ato
1653 3537 1844 3576 noctem
1878 3530 2131 3579 obscuram
2164 3531 2329 3579 oculos
2360 3531 2560 3583 fallenm
2598 3552 2707 3602 sup.
2731 3554 2781 3587 v.

473 3600 632 3653 erepta
669 3593 857 3647 Creusa,
905 3591 1170 3637 substitutae
1199 3606 1260 3635 an
1290 3592 1464 3637 erravit
1497 3594 1588 3648 via,
1656 3590 1764 3649 725,
1784 3610 1871 3654 per
1892 3611 2033 3656 opaca
2055 3597 2261 3643 Iocorum.

474 3672 554 3705 seu
587 3658 771 3703 resedit.
845 3656 948 3701 Non
989 3655 1108 3700 enim
1147 3655 1334 3701 dubitat
1352 3652 1462 3715 sato
1494 3671 1590 3703 esse
1723 3654 1830 3704 ⁷54.
1867 3660 2059 3707 Lumine
2102 3662 2259 3719 lustro,
2297 3660 2457 3726 simpl.
2494 3662 2787 3730 circumspi-

473 3722 698 3767 sublatam
715 3738 730 3765 .-
751 3718 812 3766 cf.
849 3716 935 3765 inf.
962 3716 1070 3766 777.
1115 3717 1194 3764 Ita
1215 3717 1427 3765 Servius.
1478 3719 1590 3766 Me·
1660 3718 1749 3766 cio.
2602 3724 2609 3729 '

473 3783 568 3831 lius
582 3792 766 3831 tamen:
793 3781 958 3845 conjua-
969 3784 1081 3828 mihi
1089 3789 1246 3841 erepta
1258 3783 1431 3829 Creusa
1429 3780 1595 3843 fatone
1726 3782 1755 3833 7
1760 3784 1995 3836 61-766,
2019 3788 2218 3837 Adomo
2234 3805 2336 3849 sua,
2358 3806 2503 3855 quam
2522 3793 2793 3857 expilatam

469 3850 694 3903 substitit,
717 3862 779 3893 an
800 3848 972 3893 erravit
992 3847 1050 3892 de
1070 3848 1161 3902 via,
1185 3861 1246 3893 an
1269 3848 1390 3893 lasea
1409 3850 1594 3895 resedit.
1662 3854 1713 3895 et
1732 3846 1979 3897 incensam
2001 3852 2171 3900 ardere
2196 3852 2341 3913 videt,
2365 3855 2428 3904 ad
2450 3872 2611 3905 arcem
2636 3867 2687 3906 et
2708 3876 2787 3908 re-

539 3910 647 3962 742.
697 3911 935 3957 ramulum
977 3912 1178 3970 antiq-ue
1220 3910 1398 3957 Cereris
1431 3914 1595 3969 eedem,
1661 3910 1791 3975 giam
1815 3913 1996 3962 tendit:
2021 3916 2102 3964 hic
2120 3932 2237 3965 vero
2260 3918 2449 3969 hostem
2470 3921 2609 3970 videt
2628 3938 2789 3973 ωορτ-

473 3975 646 4025 collem
675 3974 728 4022 in
758 3989 854 4036 quo
882 3971 984 4020 anti
1017 3987 1082 4020 ua
1103 3972 1298 4021 Cereris
1328 3983 1432 4022 erat
1451 3975 1595 4034 aedes,
1664 3990 1779 4023 vare
1809 3978 2021 4051 praedam
2051 3990 2101 4028 et
2127 3982 2371 4047 captivom
2408 3985 2595 4034 Creusa
2626 3987 2793 4051 itaque

474 4054 580 4103 sup.
627 4040 736 4090 713.
819 4036 953 4086 Male
1031 4052 1058 4083 e
1110 4036 1367 4101 sepulchro
1412 4040 1594 4088 Potter.
1662 4054 1753 4087 nec
1780 4041 1860 4088 luc
1890 4053 2096 4106 reperta,
2130 4045 2351 4095 discedit.
2412 4050 2678 4099 Portica-u
2706 4070 2789 4101 m-

475 4105 561 4151 Gr.
585 4105 702 4151 Ant.
728 4104 784 4151 T.
811 4102 842 4159 i,
865 4118 912 4165 p.
943 4100 1049 4150 1⁷4.
1662 4108 1792 4152 cuis.-
1826 4105 1885 4153 cf.
1920 4122 2027 4171 sup.
2062 4108 2171 4156 528.
2229 4114 2420 4161 Junons's
2450 4117 2595 4177 asylo,
2626 4116 2790 4181 simpl.

541 4168 635 4217 749
669 4182 769 4229 sqq.
819 4168 921 4229 [με
955 4168 1111 4213 urbem
1146 4169 1600 4230 repeto—Principio
1663 4184 1753 4233 pro
1777 4170 1972 4233 templo,
1998 4172 2125 4233 quod
2148 4172 2199 4221 in
2224 4190 2333 4223 arce
2356 4176 2473 4225 suit:
2510 4178 2570 4228 cf.
2594 4194 2702 4244 sup.
2727 4182 2793 4230 ad

475 4246 624 4279 muros
654 4238 819 4291 repeto.
888 4230 1032 4285 Quod
1070 4230 1124 4277 in
1157 4230 1318 4279 verbis
1354 4230 1599 4294 ing-ratum
1664 4234 1773 4284 567.
1802 4234 1973 4299 Eurip.
1996 4236 2169 4285 Troad.
2197 4240 2273 4286 32.
2294 4240 2453 4305 simpl.
2478 4241 2569 4289 ὑπὸ
2592 4242 2795 4307 στέγαις

475 4302 563 4351 est,
598 4302 870 4341 mutaturus
899 4304 1006 4341 erat
1035 4294 1192 4342 Maro.
1251 4294 1482 4345 Declarat
1509 4313 1595 4345 au·
1662 4296 1830 4347 rai'cb'.
1898 4302 2043 4347 Pueri
2085 4309 2133 4349 et
2174 4312 2352 4352 matres·
2382 4320 2443 4353 ca
2476 4306 2590 4354 tivae
2634 4306 2787 4357 abdu-

476 4367 575 4432 tem
596 4356 733 4421 prius
747 4356 870 4430 illud
889 4356 1146 4406 consilium
1163 4360 1454 4421 generatim3
1479 4377 1595 4410 con·
1662 4362 1841 4411 cendae.
1900 4364 2139 4413 Notatum
2165 4376 2329 4416 tamen
2354 4368 2406 4416 in
2468 4404 2481 4417 .
2504 4370 2537 4418 l.
2562 4371 2792 4435 Trojanis

473 4430 700 4469 sututum
720 4435 765 4467 ei
789 4430 892 4468 erat
913 4423 1083 4469 urbem
1105 4432 1341 4486 repetere.
1655 4428 1757 4487 jam
1780 4428 2081 4493 temporibus
2110 4430 2323 4495 predam
2344 4448 2444 4483 non
2466 4444 2653 4485 temere
2682 4437 2786 4486 cui-
