3050 4934
472 263 600 326 548

1360 261 1886 328 AENEIDOS

643 413 842 478 Hunc
869 414 1048 480 vehit
1075 415 1364 479 immanis
1395 413 1635 478 Triton
1664 423 1733 476 et
1760 409 1999 476 caerula
2029 409 2281 474 concha

471 513 600 576 210
645 513 1008 579 Exterrens
1037 514 1242 592 steta3
1285 515 1392 578 cui
1419 511 1698 576 laterum
1728 523 1919 576 tenus
1948 511 2213 595 hispida
2240 511 2423 573 nanti

643 613 854 679 Frons
881 615 1204 680 hominem
1233 613 1523 698 praefert,
1558 616 1623 676 in
1652 613 1883 697 pristin
1914 612 2153 676 desinit
2180 609 2399 686 alvus3

647 715 934 800 Spumea
963 715 1260 780 semifero
1289 716 1414 779 sub
1441 725 1709 798 pectore
1738 721 2097 777 murmurat
2122 712 2323 775 unda.

650 814 787 879 Tot
816 815 966 881 lecti
997 838 1302 901 proceres
1331 827 1432 879 ter
1464 815 1650 878 denis
1681 815 1951 878 navibus
1982 814 2165 876 ibant

651 917 961 981 Subsidio
990 917 1238 1002 Trojae,
1270 927 1338 981 et
1367 937 1634 998 campos
1664 915 1815 979 salis
1846 938 1976 979 aere
2008 916 2338 979 secabant.

479 1019 608 1082 215

736 1019 1016 1103 Jamque
1048 1019 1186 1082 dies
1218 1016 1386 1081 coelo
1413 1027 1869 1093 concesserat;
1914 1015 2209 1099 almaque
2242 1035 2437 1079 curru

653 1118 1023 1204 Noctivago
1053 1117 1308 1182 Phoebe
1339 1118 1621 1182 medium
1652 1117 1957 1200 pulsabat
1987 1116 2373 1200 Olympum:

654 1219 901 1284 AEneas
933 1219 1172 1303 (neque
1201 1219 1370 1282 enim
1397 1205 1701 1282 membris
1732 1219 1849 1281 dat
1876 1239 2035 1282 cura
2063 1208 2369 1302 quietem)

653 1319 810 1404 Ipse
841 1321 1078 1385 sedens
1108 1318 1486 1402 clavumque
1517 1319 1687 1401 regit
1717 1317 2005 1402 velisque
2034 1319 2371 1382 ministrat.

653 1421 880 1506 Atque
907 1417 998 1484 illi
1026 1421 1242 1484 medio
1271 1421 1338 1483 in
1367 1421 1581 1503 spatio
1610 1418 1875 1496 chorus,
1908 1441 2085 1496 ecce,
2116 1440 2378 1482 suarum

481 1521 612 1586 220
655 1521 966 1587 Occurrit
992 1522 1330 1586 comitum:
1378 1519 1731 1604 Nymphae,
1763 1542 1925 1604 quas
1956 1519 2122 1584 alma
2152 1517 2395 1603 Cybele

655 1623 922 1688 Numen
949 1623 1194 1687 habere
1221 1621 1436 1696 marie„
1469 1619 1947 1705 Nymphasque
1978 1643 2015 1686 e
2044 1621 2317 1685 navibus
2344 1639 2490 1682 esse

657 1723 704 1788 J
705 1734 984 1801 usserat,
1013 1723 1327 1786 innabant
1356 1723 1626 1806 pariter,
1656 1721 2025 1805 fluctusque
2056 1721 2387 1796 secabant,

659 1823 844 1897 Quot
873 1825 1054 1910 prius
1083 1835 1302 1888 aeratae
1335 1832 1652 1886 steterant
1683 1823 1769 1886 ad
1796 1821 2015 1886 littora
2042 1842 2281 1906 prorae.

655 1923 1047 2010 Agnoscunt
1071 1923 1266 2008 longe
1295 1945 1539 2007 regem,
1570 1922 1978 2005 lustrantque
2008 1921 2291 1986 choreis.

485 2027 616 2090 225
660 2025 979 2102 Quarum,
1012 2047 1161 2110 quae
1189 2025 1370 2089 fandi
1399 2024 1797 2099 doctissima,
1832 2021 2246 2106 Cymodocea

658 2125 842 2190 Pone
875 2147 1155 2210 sequens
1189 2126 1424 2189 dextra
1450 2125 1724 2209 puppim
1752 2133 1955 2200 tenet,
1985 2124 2258 2208 ipsaque
2289 2123 2489 2187 dorso

660 2226 947 2300 Eminet,
977 2247 1054 2288 ac
1081 2223 1244 2288 laeva
1271 2225 1483 2288 tacitis
1515 2226 1915 2310 subremigat
1942 2225 2158 2288 undis.

655 2325 832 2390 Tum
861 2329 952 2390 sic
980 2327 1276 2410 ignarum
1305 2325 1688 2408 alloquitur:
1736 2325 2097 2410 Vigilasne,
2130 2323 2324 2389 (leiim
2349 2345 2537 2408 genS,

661 2426 914 2491 AEnea?
961 2425 1173 2512 vigila,
1204 2437 1272 2490 et
1301 2425 1458 2490 velis
1489 2427 1757 2491 immitte
1789 2421 2122 2491 r‘udenteS.

491 2528 622 2592 230
663 2527 810 2592 Nos
841 2550 1060 2592 sumus
1091 2526 1290 2592 Idaeae
1322 2549 1508 2591 sacro
1538 2528 1621 2590 de
1654 2529 1893 2591 vertice
1923 2529 2139 2611 pinuS,
2220 2607 2225 2614 Ι

663 2628 862 2694 Nunc
893 2628 1107 2713 pelagi
1137 2626 1489 2712 Nymphae,
1524 2626 1749 2690 classis
1781 2639 1915 2692 tua.
1994 2628 2299 2693 Perfidus
2328 2637 2403 2691 ut
2432 2648 2551 2691 nos

665 2729 1046 2812 Praecipites
1077 2727 1256 2792 ferro
1286 2725 1577 2791 Rutulus
1609 2727 1993 2812 flammaque
2024 2730 2383 2813 premebat,

669 2829 993 2915 Rupimus
1021 2831 1237 2894 invitae
1267 2839 1379 2892 tua
1409 2828 1687 2906 vincula,
1718 2840 1912 2913 teque
1942 2852 2063 2914 per
2093 2851 2317 2914 aequor

497 3069 708 3114 Aulestes
729 3081 972 3139 assurgens
1002 3071 1211 3115 verberat
1229 3071 1403 3128 fluctus
1431 3075 1619 3116 centena

493 3133 669 3186 arbore,
693 3137 912 3177 centenis
943 3130 1105 3178 remis.
1159 3133 1426 3195 Assur-gere,
1463 3136 1616 3180 imur-

487 3209 613 3257 gere,
650 3199 932 3257 conchrgere,
970 3193 1216 3252 vocabula,
1250 3196 1312 3243 de
1347 3195 1458 3244 nisu
1493 3199 1617 3258 ejus,

494 3257 579 3320 qui
600 3266 684 3304 aut
705 3273 756 3306 m
853 3273 882 3306 a
897 3258 946 3306 vi
967 3257 1118 3306 ictum
1140 3258 1301 3318 infert,
1320 3269 1406 3308 aut
1425 3260 1615 3308 incum-

492 3321 579 3379 bit,
598 3329 768 3385 prot-‘ru
806 3321 855 3379 ⁸1,
881 3322 947 3370 im
983 3322 1100 3370 ellit.
1137 3323 1292 3372 Navis
1308 3324 1454 3386 huius
1470 3340 1613 3388 para·—

494 3401 662 3434 semon
695 3385 750 3434 in
779 3401 920 3450 prora
1017 3386 1118 3434 'ton
1145 3396 1219 3436 est
1251 3387 1506 3436 buccinam
1536 3389 1615 3436 in·

493 3449 630 3498 flans.
691 3451 838 3499 Frons
868 3454 1061 3498 laterum
1092 3459 1233 3508 tenus,
1257 3452 1499 3514 exquisite
1527 3467 1619 3514 pro
1684 3451 1695 3462 ‘

491 3513 600 3578 ipse
623 3530 652 3563 a
673 3513 832 3564 fionte
854 3529 1006 3578 usque
1025 3513 1086 3562 ad
1106 3514 1272 3572 latera,
1297 3530 1384 3563 seu
1403 3515 1619 3564 medium

495 3593 736 3690 cogitas——
748 3644 857 3690 214.
916 3642 1226 3694 Suavissimae
1271 3643 1616 3692 modulationis

496 3721 668 3754 versus
688 3721 752 3754 ex
767 3706 1029 3770 Apollonio
1050 3708 1224 3756 ductus
1247 3716 1322 3755 est
1343 3707 1424 3756 lib.
1449 3708 1482 3764 i,
1503 3709 1613 3764 542,

497 3771 609 3828 548,
643 3769 801 3831 Ἀφρὸ
832 3770 873 3818 δ’
904 3769 1015 3819 ἔνθα
1035 3771 1114 3819 καὶ
1147 3771 1258 3819 ἔνθα
1282 3771 1480 3828 κελαινὴ
1503 3769 1612 3828 ἐκή-

499 3851 602 3882 mer
637 3831 784 3893 ἅλμη,
818 3835 987 3882 Aaron*
1015 3831 1314 3897 μορμύρουσα
1345 3833 1617 3897 ἐρισθενέων

495 3896 626 3958 μένει
647 3897 836 3960 ἀνδροῖν.
898 3899 1047 3960 Trojae
1069 3913 1220 3946 novae.
1291 3899 1481 3960 Campos
1498 3901 1615 3946 salis

497 3979 588 4010 are
607 3965 838 4019 secabant,
859 3969 918 4010 ut
931 3964 1034 4022 Jam
1055 3961 1137 4010 lib.
1162 3961 1194 4019 i,
1219 3963 1296 4010 ³5.

563 4027 674 4085 216,
699 4025 809 4074 216.
846 4025 1166 4082 Salebrosum,
1191 4025 1234 4072 si
1266 4025 1375 4087 quis
1396 4023 1535 4082 alius,
1558 4025 1613 4073 in

498 4089 707 4139 Marone
747 4090 912 4139 locum
947 4089 1117 4147 evecti,
1156 4089 1309 4137 libero
1341 4091 1446 4150 jam
1483 4103 1617 4137 nunc

498 4153 769 4203 incedimus
798 4169 984 4217 campo.
1040 4155 1180 4207 Diem·
1215 4159 1319 4199 erat
1349 4151 1393 4200 is
1427 4152 1614 4210 tertius,

499 4231 564 4264 ex
584 4232 680 4279 quo
711 4227 870 4266 caum
900 4217 1162 4279 reliquerat
1187 4215 1398 4264 AEneas:
1433 4214 1478 4264 ie
1509 4216 1617 4281 ipse

497 4279 617 4338 diet,
636 4296 733 4343 quo
751 4279 922 4330 Rutuli
939 4289 1098 4329 caetra
1111 4289 1480 4344 oppugnarunt:
1506 4295 1613 4345 sup.

501 4343 615 4390 inde
638 4359 667 4391 a
698 4343 767 4400 ix,
791 4343 900 4401 459.
958 4346 1179 4406 Almaque
1201 4361 1340 4394 σωννιι
1365 4347 1619 4406 Noctivago

503 4408 686 4463 Praese,
711 4405 880 4466 ἅρματι
901 4404 1179 4465 matheo.

1747 3068 1857 3115 218.
1906 3067 2180 3130 Utrumque
2216 3067 2359 3115 docte
2392 3075 2449 3115 ut
2483 3075 2679 3130 poetam
2713 3066 2799 3114 de-

1682 3141 1787 3179 cet=
1832 3135 2005 3180 clavum
2040 3136 2163 3195 rugit
2177 3151 2195 3178 .-
2232 3131 2429 3196 proprie
2462 3146 2639 3180 navem
2670 3130 2799 3194 regi·

1684 3211 1793 3244 mus
1822 3195 1984 3244 clavo:
2022 3203 2125 3244 tum
2156 3199 2267 3244 velis
2294 3199 2543 3251 misnae,
2570 3209 2677 3269 pro,
2707 3193 2801 3241 mi-

1684 3259 1871 3317 nistrat,
1892 3259 2217 3308 ministerium
2238 3267 2438 3324 prestat
2457 3267 2721 3316 nauticum,
2740 3257 2805 3305 nd

1680 3323 1815 3372 vela:
1850 3324 1910 3373 cf.
1934 3339 2041 3388 sup.
2066 3324 2130 3372 ad
2150 3323 2214 3380 vi,
2241 3325 2349 3371 302.

1747 3389 2017 3436 219—224.
2052 3391 2209 3436 Medio
2238 3391 2287 3434 ει
2308 3390 2471 3449 waso.

1685 3523 1789 3568 tur,-
1821 3516 1905 3578 qui
1938 3525 2070 3564 totus
2100 3516 2235 3564 locus
2256 3516 2353 3563 huc
2374 3514 2539 3562 animo
2566 3527 2799 3562 revocan-

1682 3577 1787 3626 dus.
1846 3582 2042 3627 Samon
2071 3583 2305 3632 conatum,-
2338 3577 2453 3652 quia
2484 3593 2597 3626 cum
2626 3593 2687 3625 eo
2715 3592 2799 3625 ve-

1682 3650 1856 3690 nerant
1888 3657 2067 3691 navee:
2116 3644 2175 3691 cf.
2215 3659 2319 3706 nup.
2360 3657 2429 3701 lx,
2469 3643 2546 3690 80.
2618 3643 2800 3690 Nm·

1681 3709 1846 3754 habere
1867 3711 2008 3754 maris
2038 3707 2277 3769 exquisite
2308 3721 2413 3770 pro,
2436 3705 2642 3754 numina
2662 3720 2797 3754 esne:

1682 3785 1787 3833 sup-
1811 3769 1877 3828 ix,
1908 3771 2013 3828 101,
2042 3773 2149 3828 102,
2172 3774 2413 3834 magnique
2425 3770 2601 3831 jubebo
2622 3771 2801 3831 Βηπο-

1678 3837 1746 3881 rn’s
1785 3850 1880 3882 une
1922 3837 2044 3882 deas.
2116 3837 2345 3882 Lustrant
2381 3837 2569 3890 chor-eie,
2611 3842 2797 3890 ornate,

1678 3911 1769 3960 pro
1788 3897 2104 3956 circumdent,
2127 3899 2311 3946 circum
2334 3905 2517 3945 natant.

1744 3962 1851 4009 226.
1886 3964 2098 4024 Puppim.
2150 3961 2334 4010 AEneas
2355 3961 2545 4008 clavum
2569 3961 2783 4022 reg-ebat.

1742 4027 1851 4074 229.
1916 4027 2038 4074 Velie
2079 4029 2271 4074 imm
2313 4027 2541 4081 rudentes,
2596 4033 2653 4072 ut
2694 4024 2806 4072 vela

1680 4088 1907 4138 laxentur
1942 4091 2005 4138 ad
2049 4099 2248 4137 ventum
2286 4087 2645 4164 excipiendum.
2714 4087 2799 4136 Sic

1680 4155 1922 4268 ἰιωῶιίῆαῖ
1942 4157 2154 4211 habenas,
2169 4150 2327 4213 frena,
2351 4152 2469 4200 ahbi
2482 4169 2497 4199 ι
2531 4151 2592 4199 cf.
2616 4167 2723 4216 sup.
2748 4167 2797 4209 v,

1778 4251 1790 4274 ,
1820 4219 1881 4265 14
1913 4252 1925 4264 .

1754 4281 1863 4328 231.
1916 4283 2139 4342 Perfidus,

1675 4346 1779 4406 jam
1811 4344 1941 4392 inter
1963 4345 2165 4398 Latinos

1682 4408 1785 4456 lum
1807 4417 2035 4456 moverat.

2212 4279 2573 4343 nandoquidem
2616 4279 2802 4328 suadere

2230 4345 2519 4406 rojanonque
2544 4343 2673 4392 flecto
2693 4342 2799 4391 bel-

2994 4810 3050 4912 ‚m
