3050 4934
514 257 645 320 440

1409 251 1933 318 AENEIDOS

691 406 1064 470 Consumtis
1091 403 1196 467 hic
1227 402 1394 467 forte
1425 401 1589 478 aliis,
1622 413 1699 466 ut
1724 411 1979 464 vertere
2010 420 2263 464 morsus

692 507 1024 590 Exiguam
1053 507 1119 568 in
1150 504 1457 568 Cererem
1483 503 1761 586 penuria
1792 501 2015 585 adegit
2044 500 2307 574 edendi,

691 607 786 672 Et
813 607 1052 671 violare
1083 627 1276 669 manu
1305 589 1619 687 malisque
1648 603 2009 666 audacibus
2041 601 2267 665 orbem

521 709 644 773 115
685 707 930 774 Fatalis
961 707 1185 782 crusti,
1217 703 1457 790 patulis
1489 725 1609 767 nec
1638 724 1911 786 parcere
1940 700 2247 786 quadris;

691 809 920 873 Heus!
967 808 1161 871 etiam
1189 825 1444 869 mensas
1475 803 1955 867 consumimus?
1999 801 2210 885 inquit
2240 797 2441 864 Iulus.

689 909 837 973 Nec
867 907 1056 993 plura
1084 905 1402 969 alludens,
1479 903 1587 966 Ea
1613 925 1741 966 vox
1769 903 1995 966 audita
2022 901 2317 965 laborum

691 1009 912 1074 Prima
939 1006 1087 1071 tulit
1113 1005 1333 1081 finem,
1366 1005 1765 1089 primamque
1794 1001 2119 1087 loquentis
2148 1003 2235 1065 ab
2262 1021 2377 1064 ore

691 1109 957 1193 Eripuit
985 1117 1196 1192 pater,
1226 1126 1304 1169 ac
1333 1102 1741 1188 stupefactus
1772 1105 2031 1168 numine
2060 1102 2324 1187 pressit.

523 1210 648 1274 120
693 1209 1042 1284 Continuo,
1074 1205 1264 1269 Salve
1294 1203 1442 1268 fatis
1473 1204 1629 1267 mihi
1660 1203 1884 1267 debita
1912 1201 2167 1280 Tellus,

695 1309 991 1393 Vosque,
1023 1308 1136 1384 ait,
1169 1329 1208 1370 o
1237 1306 1357 1369 fidi
1386 1305 1613 1390 Trojae
1645 1302 1887 1368 salvete
1921 1305 2227 1368 Penates.

691 1411 826 1475 Hic
857 1410 1110 1486 domus,
1141 1407 1284 1471 haec
1314 1407 1525 1489 patria
1556 1415 1679 1470 est.
1756 1405 2039 1469 Genitor
2064 1406 2221 1469 mihi
2250 1405 2425 1483 talia,
2454 1427 2727 1491 namque

691 1507 892 1574 Nunc
921 1519 1173 1593 repet0,
1207 1506 1535 1571 Anchises
1564 1505 1845 1569 fatorum
1876 1529 2113 1570 arcana
2138 1507 2432 1591 reliquit:

692 1609 918 1682 Quum
946 1620 1034 1686 te,
1065 1617 1238 1684 nate,
1271 1607 1472 1670 fames
1505 1607 1729 1690 ignota
1755 1607 1841 1670 ad
1871 1605 2093 1671 littora
2120 1618 2377 1672 vectum

525 1711 648 1776 125
691 1707 947 1775 Accisis
979 1719 1170 1792 coget
1199 1708 1480 1791 dapibus
1511 1727 1893 1788 consumere
1922 1729 2220 1786 mensas3

690 1810 866 1875 Tum
895 1830 1161 1895 sperare
1192 1809 1420 1872 domos
1451 1805 1775 1884 defessus,
1807 1808 2027 1892 ibique
2056 1819 2377 1873 memento

694 1911 912 1975 Prima
938 1909 1155 1974 locare
1183 1931 1377 1972 manu
1406 1907 1743 1991 molirique
1775 1930 2015 1992 aggere
2046 1920 2240 1975 tecta.

690 2011 858 2076 Haec
890 2021 1032 2075 erat
1058 2007 1168 2073 illa
1194 2009 1432 2073 fames:
1478 2008 1623 2072 haec
1649 2029 1771 2072 nos
1804 2031 2107 2093 suprema
2132 2012 2458 2089 manebat,

692 2110 931 2174 Exitiis
959 2112 1254 2193 positura
1281 2109 1564 2173 modum.

524 2213 648 2276 130
692 2211 916 2284 Quare
948 2211 1143 2294 agite,
1176 2219 1244 2273 et
1273 2209 1482 2294 primo
1508 2207 1643 2273 laeti
1670 2231 1817 2274 cum
1845 2209 2083 2277 lumine
2115 2211 2291 2290 solis,

693 2313 864 2385 Quae
890 2310 1056 2387 loca,
1086 2310 1278 2394 quive
1309 2309 1597 2374 habeant
1623 2310 1941 2389 homines,
1972 2315 2087 2378 ubi
2112 2316 2351 2379 moenia
2380 2316 2615 2399 gentis,

513 2549 621 2614 prie
666 2549 726 2597 de
771 2547 912 2606 farre,
959 2563 1066 2610 quae
1107 2561 1197 2611 pro
1247 2545 1456 2611 panibus
1499 2555 1639 2595 erant

513 2612 688 2678 priscis
707 2611 1001 2670 hominibus,
1025 2619 1284 2686 antequam
1315 2611 1555 2658 fermento
1588 2619 1639 2658 et

513 2677 715 2725 meliore
753 2676 896 2740 panis
935 2675 1174 2738 coquendi
1218 2683 1322 2723 arte
1365 2682 1634 2722 uterentur.

515 2741 641 2789 Haec
681 2739 782 2788 liba
819 2755 950 2788 nunc
987 2753 1266 2788 mensarum
1311 2737 1468 2786 vicem
1507 2753 1633 2801 prae-

513 2814 658 2861 stant,
679 2803 854 2866 quibus
870 2807 1042 2865 epulas,
1059 2803 1208 2859 cibos,
1229 2806 1474 2864 imponunt,
1493 2817 1640 2864 poma

511 2867 750 2932 agrestia:
785 2871 853 2916 sic
873 2870 1060 2928 Jupiter
1081 2869 1160 2914 ille
1182 2869 1387 2916 monebat
1401 2884 1419 2920 ,·
1443 2865 1634 2923 animis,

511 2941 570 2980 ut
600 2931 670 2979 ita
699 2931 929 2988 hcet-ent,
961 2928 1260 2992 subjiciebat.
1319 2929 1506 2976 Eadem
1539 2929 1639 2978 liba

512 3011 628 3044 mox
653 2997 838 3043 Cereale
865 2997 1022 3052 solum,
1047 3003 1286 3055 quatenus
1313 2993 1633 3041 substernun-

511 3067 594 3106 tur
615 3057 800 3121 pomis:
834 3058 926 3104 hoc
949 3055 1120 3119 augetit
1140 3055 1341 3116 Troiani
1358 3060 1516 3116 pomis,
1542 3055 1632 3104 im-

511 3121 672 3186 posita
693 3134 948 3184 pomorum
966 3129 1123 3168 strue:
1150 3119 1318 3167 eadem
1341 3119 1504 3184 paullo
1525 3129 1639 3184 post

509 3187 679 3247 exigua
704 3186 853 3242 Ceres,
875 3187 998 3231 orbis
1015 3181 1188 3244 fatalis
1208 3187 1367 3240 crusti,
1391 3191 1439 3231 et
1458 3187 1636 3244 patula

511 3251 714 3312 quadra.
775 3248 900 3296 Mox
919 3251 1117 3308 penuria
1137 3247 1314 3304 edendi,
1335 3256 1410 3294 est
1429 3248 1639 3310 penuria

511 3315 618 3374 ejus
639 3311 768 3374 quod
789 3311 1034 3359 edendum
1057 3319 1198 3368 esset,
1231 3311 1418 3358 comedi
1451 3321 1633 3375 posset.

519 3379 717 3433 nolas-e,
742 3391 799 3424 eo
817 3375 969 3423 refert
981 3375 1153 3432 Cel-da,
1179 3374 1308 3436 quod
1320 3391 1489 3423 mensa
1505 3376 1636 3424 inter

508 3455 589 3488 res
624 3453 786 3488 sacras
816 3440 1097 3487 habebatur.
1155 3439 1216 3486 In
1251 3439 1442 3502 poetica
1470 3447 1636 3488 tamen

509 3503 728 3579 oratione
774 3504 974 3553 omnino
1017 3518 1124 3552 esse
1166 3511 1343 3566 potest,
1395 3503 1634 3566 frangere,

509 3583 852 3616 comminuere.

579 3633 847 3680 llo—119.
884 3631 1020 3680 Bene
1043 3639 1176 3680 certo
1193 3630 1396 3690 homini,
1411 3640 1462 3678 et
1475 3631 1631 3680 maxi-

511 3708 592 3744 me
631 3696 755 3754 Iulo,
780 3705 944 3760 partes
979 3695 1188 3746 dicentis
1221 3695 1330 3750 dat3
1377 3695 1470 3743 etsi
1505 3695 1636 3744 inter

509 3769 687 3808 eoetera
705 3759 798 3808 hoc
821 3773 1010 3822 quoque
1043 3760 1275 3808 traditum
1299 3759 1401 3807 acci
1437 3775 1520 3807 ere
1542 3775 1631 3824 po-

511 3823 619 3871 tuit.
685 3827 923 3881 Auudens,
947 3837 1038 3887 pro
1073 3823 1308 3881 arridens,
1347 3839 1406 3871 su
1439 3823 1635 3880 ridens3

509 3896 596 3936 aut
617 3887 775 3952 simpl.
799 3887 988 3944 ludens,
1007 3889 1191 3948 jocans,
1212 3886 1272 3934 ad
1289 3886 1461 3935 socios.
1508 3889 1639 3936 Tum

497 3955 653 4012 finem,
688 3951 984 4014 significavit
1004 3950 1243 4012 Troianis,
1269 3951 1418 3999 finem
1447 3951 1633 4000 adesse.

513 4015 613 4064 Sed
649 4015 879 4064 vaticinia
917 4015 1147 4063 dicuntur
1190 4014 1380 4062 efficere
1421 4031 1480 4062 ea
1529 4031 1637 4077 quae

510 4091 714 4128 monent
752 4077 916 4128 sunu-a
957 4093 1080 4137 esse,
1122 4077 1276 4126 multo
1315 4077 1472 4142 magis
1515 4088 1635 4138 tum,

509 4157 622 4192 cum
655 4144 842 4192 exitum
873 4143 1070 4192 hebent.
1127 4145 1318 4204 Eripuit
1349 4142 1638 4206 simpliciter

509 4207 642 4264 dicti,
685 4207 814 4269 quod
858 4207 1043 4256 AEneas
1086 4206 1296 4269 subjicit,
1337 4207 1635 4256 celeritatem

510 4269 748 4325 declarat3
795 4287 852 4318 ac
881 4275 1066 4332 pressit,
1107 4287 1276 4319 vocem
1319 4272 1518 4320 Ascanii
1553 4287 1631 4320 re-

509 4334 704 4396 pressit,
739 4349 946 4396 eumque
977 4335 1256 4398 loquentem
1287 4336 1631 4402 interpellavit.

511 4396 803 4458 stupefactus
826 4402 1018 4456 numine,
1045 4399 1090 4446 h.
1115 4400 1324 4448 oraculo.

1772 2549 1878 2605 121,
1908 2549 2012 2596 122.
2053 2549 2093 2596 Ο
2112 2551 2206 2610 fidi
2238 2549 2387 2612 Trqy'ae
2411 2551 2582 2598 salvete
2617 2551 2815 2600 Penates.

1704 2611 1829 2659 Haec
1850 2621 2089 2676 perpetua
2112 2613 2285 2662 AEneoe
2308 2613 2493 2676 religio,
2528 2622 2583 2662 ut
2616 2615 2817 2663 Penates

1700 2689 1863 2786 ΞῖἘῖ·
1896 2675 2817 2805 ’Ἐηῖιέἴὲἓῖῗωῗὲωζῗῗῖἴωῗῖἓ

1865 2774 1879 2797 2
2410 2776 2423 2799 2

1702 2801 1914 2851 AEneam
1953 2803 2147 2852 ltaliam
2187 2820 2293 2853 esse
2326 2804 2589 2864 adimi-um,
2628 2805 2711 2855 lib.
2750 2807 2816 2865 iii,

1706 2865 1812 2925 147,
1859 2867 1965 2925 162,
2012 2867 2116 2918 167.
2181 2871 2277 2916 Hic
2320 2871 2487 2928 dmum,
2528 2873 2626 2918 lsaec
2661 2875 2820 2932 patria

1700 2938 1783 2987 eet,
1814 2939 1999 3006 ‘vestrm
2038 2931 2169 2980 unde
2204 2931 2319 2980 olim
2354 2933 2553 2996 Trojnm
2586 2933 2703 2983 estis
2734 2933 2816 2983 sd-

1702 3003 1843 3042 vecti.

1770 3059 2039 3105 122—125.
2086 3061 2276 3106 Genitor
2306 3063 2424 3107 mihi·
2452 3061 2583 3108 talia.
2652 3060 2819 3109 'tribui

1700 3121 1747 3168 h.
1771 3121 1804 3169 1.
1829 3121 2060 3170 Anchisae
2082 3121 2365 3170 vaticinium
2388 3139 2538 3188 supra
2559 3139 2589 3172 a
2610 3125 2817 3183 Celaeno,

1702 3185 2035 3250 Harpyiarum
2057 3201 2169 3243 una,
2193 3202 2277 3235 acc
2342 3195 2445 3235 tum
2467 3186 2560 3248 (iii,
2580 3189 2675 3236 255
2694 3188 2821 3252 sqq.)

1702 3265 1817 3297 mox
1860 3251 1921 3297 ab
1966 3249 2163 3298 Heleno
2206 3265 2299 3298 con
2362 3259 2548 3300 matum
2600 3251 2707 3314 (lib.
2750 3253 2818 3312 iii,

1700 3313 1836 3374 394),
1882 3327 2051 3362 omnes
2095 3313 2251 3378 intpp.
2296 3325 2511 3363 monent.
2582 3317 2691 3364 Etsi
2732 3332 2819 3382 po·

1700 3385 1829 3424 etam
1867 3376 2033 3424 malim
2072 3377 2168 3425 sibi
2206 3386 2441 3436 constare,
2484 3387 2649 3428 tamen
2690 3381 2823 3430 nris

1700 3439 1762 3488 ad
1788 3441 2209 3504 interpretandum
2230 3451 2283 3490 et
2310 3443 2643 3492 excusandum
2664 3444 2825 3494 afferri

1699 3513 1931 3568 possunt:
1970 3505 2201 3554 Anchise
2226 3506 2427 3554 omnino
2456 3517 2623 3571 partes
2650 3508 2821 3557 vatici-

1700 3582 1873 3616 norum
1906 3568 2383 3632 interpretandorum
2415 3570 2595 3620 dantm
2622 3587 2655 3620 a
2682 3581 2827 3637 poet·

1699 3639 1749 3680 et
1770 3632 1905 3688 aliia
1939 3633 2091 3695 igitur
2110 3633 2154 3682 is
2177 3634 2403 3682 Cela-nus
2422 3636 2575 3684 verba
2594 3635 2827 3686 disertius

1699 3696 1939 3808 33¹²ssss
1958 3698 2253 3810 52:332?
2274 3699 2825 3814 ἘῖῑῖἘῖἱξίῗἘὲἓὲ

1702 3825 1874 3872 volunt
1906 3841 2015 3887 quae
2035 3825 2279 3875 Anchises
2300 3835 2469 3886 natum
2502 3826 2556 3875 in
2592 3827 2715 3878 locis
2742 3829 2823 3877 in-

1700 3888 1818 3937 feris
1860 3888 2015 3947 docet,
2072 3889 2136 3948 vi,
2189 3891 2485 3939 891-893.
2568 3893 2827 3942 Probnbile

1700 3961 1865 4001 tamen
1896 3962 1985 4010 est,
2020 3962 2214 4017 poetam
2248 3954 2309 4002 de
2328 3954 2583 4020 *Harpyiis
2612 3956 2825 4006 fibulam

1700 4015 1927 4065 secundis
1953 4017 2084 4065 curis
2114 4017 2401 4077 intextum,
2424 4029 2477 4067 et
2506 4029 2664 4068 morte
2696 4037 2825 4086 prn-

1700 4089 1901 4129 ventum
1933 4081 2121 4144 reliqua
2151 4097 2250 4130 nou
2282 4083 2501 4148 potuisse
2526 4095 2716 4134 mutare
2746 4087 2828 4134 vel

1701 4144 2077 4220 accommodare.
2132 4149 2317 4195 Aet-bis
2344 4151 2555 4210 dapibus,
2582 4149 2829 4212 exquisite

1700 4224 1790 4320 pul³
1798 4219 2241 4324 {yffiffilnlffoh'ri
2270 4291 2440 4340 aggere
2469 4285 2605 4335 tecta,
2638 4289 2827 4335 ornate,

1700 4339 1869 4386 urbem
1910 4339 2165 4398 nidificare,
2214 4341 2343 4403 quod
2386 4339 2445 4388 fit
2492 4341 2619 4389 vallo
2662 4341 2827 4391 ducto.

1700 4405 1889 4460 Etitiis,
1914 4403 2158 4452 erumnis.
