<?xml version="1.0" encoding="UTF-8"?>
<!DOCTYPE html PUBLIC "-//W3C//DTD XHTML 1.0 Transitional//EN"
    "http://www.w3.org/TR/xhtml1/DTD/xhtml1-transitional.dtd">
<html xmlns="http://www.w3.org/1999/xhtml" xml:lang="en" lang="en">
 <head>
  <title>
</title>
<meta http-equiv="Content-Type" content="text/html;charset=utf-8" />
  <meta name='ocr-system' content='tesseract 3.04.00' />
  <meta name='ocr-capabilities' content='ocr_page ocr_carea ocr_par ocr_line ocrx_word'/>
</head>
<body>
  <div class='ocr_page' id='page_1' title='image "./publiivirgiliim00unkngoog_0114.png"; bbox 0 0 3050 4934; ppageno 0'>
   <div class='ocr_carea' id='block_1_1' title="bbox 1140 272 1630 339">
    <p class='ocr_par' dir='ltr' id='par_1_1' title="bbox 1140 272 1630 339">
     <span class='ocr_line' id='line_1_1' title="bbox 1140 272 1630 339; baseline -0.004 0"><span class='ocrx_word' id='word_1_1' title='bbox 1140 272 1483 339; x_wconf 89' lang='lat' dir='ltr'>LIBER</span> <span class='ocrx_word' id='word_1_2' title='bbox 1528 272 1630 338; x_wconf 90' lang='grc' dir='ltr'><strong>ΙΙ.</strong></span> 
     </span>
    </p>
   </div>
   <div class='ocr_carea' id='block_1_2' title="bbox 2419 272 2541 337">
    <p class='ocr_par' dir='ltr' id='par_1_2' title="bbox 2419 272 2541 337">
     <span class='ocr_line' id='line_1_2' title="bbox 2419 272 2541 337; baseline -0.016 0"><span class='ocrx_word' id='word_1_3' title='bbox 2419 272 2541 337; x_wconf 84' lang='grc'><strong>103</strong></span> 
     </span>
    </p>
   </div>
   <div class='ocr_carea' id='block_1_3' title="bbox 222 421 2316 1727">
    <p class='ocr_par' dir='ltr' id='par_1_3' title="bbox 222 421 2316 1727">
     <span class='ocr_line' id='line_1_3' title="bbox 232 421 2054 508; baseline 0.001 -23"><span class='ocrx_word' id='word_1_4' title='bbox 232 422 355 485; x_wconf 84' lang='grc'><strong>170</strong></span> <span class='ocrx_word' id='word_1_5' title='bbox 396 423 739 508; x_wconf 80' lang='lat' dir='ltr'><strong>Scipiadas</strong></span> <span class='ocrx_word' id='word_1_6' title='bbox 769 423 973 487; x_wconf 87' lang='lat' dir='ltr'><strong>duros</strong></span> <span class='ocrx_word' id='word_1_7' title='bbox 1004 421 1213 501; x_wconf 87' lang='lat' dir='ltr'><strong>bello;</strong></span> <span class='ocrx_word' id='word_1_8' title='bbox 1260 432 1327 487; x_wconf 90' lang='lat' dir='ltr'><strong>et</strong></span> <span class='ocrx_word' id='word_1_9' title='bbox 1358 434 1447 500; x_wconf 88' lang='lat' dir='ltr'><strong>te,</strong></span> <span class='ocrx_word' id='word_1_10' title='bbox 1478 444 1776 487; x_wconf 82' lang='lat' dir='ltr'><strong>maxume</strong></span> <span class='ocrx_word' id='word_1_11' title='bbox 1806 422 2054 501; x_wconf 83' lang='lat' dir='ltr'><strong>Caesar,</strong></span> 
     </span>
     <span class='ocr_line' id='line_1_4' title="bbox 277 522 1940 607; baseline -0.001 -19"><span class='ocrx_word' id='word_1_12' title='bbox 277 538 285 566; x_wconf 81' lang='lat'>¹</span> <span class='ocrx_word' id='word_1_13' title='bbox 395 524 535 597; x_wconf 85' lang='lat' dir='ltr'><strong>Qui</strong></span> <span class='ocrx_word' id='word_1_14' title='bbox 564 546 735 590; x_wconf 88' lang='lat' dir='ltr'><strong>nunc</strong></span> <span class='ocrx_word' id='word_1_15' title='bbox 765 524 1076 589; x_wconf 82' lang='lat' dir='ltr'>extremis</span> <span class='ocrx_word' id='word_1_16' title='bbox 1108 522 1293 587; x_wconf 79' lang='lat' dir='ltr'><strong>Asiae</strong></span> <span class='ocrx_word' id='word_1_17' title='bbox 1314 523 1450 607; x_wconf 87' lang='lat' dir='ltr'><strong>jam</strong></span> <span class='ocrx_word' id='word_1_18' title='bbox 1479 523 1686 588; x_wconf 78' lang='lat' dir='ltr'><strong>victor</strong></span> <span class='ocrx_word' id='word_1_19' title='bbox 1713 524 1779 587; x_wconf 91' lang='lat' dir='ltr'><strong>in</strong></span> <span class='ocrx_word' id='word_1_20' title='bbox 1809 524 1940 587; x_wconf 90' lang='lat' dir='ltr'><strong>oris</strong></span> 
     </span>
     <span class='ocr_line' id='line_1_5' title="bbox 394 624 1934 690; baseline 0 -1"><span class='ocrx_word' id='word_1_21' title='bbox 394 624 730 690; x_wconf 89' lang='lat' dir='ltr'><strong>Imbellem</strong></span> <span class='ocrx_word' id='word_1_22' title='bbox 760 625 998 689; x_wconf 84' lang='lat' dir='ltr'><strong>avertis</strong></span> <span class='ocrx_word' id='word_1_23' title='bbox 1031 624 1348 689; x_wconf 84' lang='lat' dir='ltr'><strong>Romanis</strong></span> <span class='ocrx_word' id='word_1_24' title='bbox 1380 624 1640 689; x_wconf 79' lang='lat' dir='ltr'><strong>arcibus</strong></span> <span class='ocrx_word' id='word_1_25' title='bbox 1673 624 1934 689; x_wconf 86' lang='lat' dir='ltr'><strong>Indum.</strong></span> 
     </span>
     <span class='ocr_line' id='line_1_6' title="bbox 267 724 2050 811; baseline 0.001 -21"><span class='ocrx_word' id='word_1_26' title='bbox 267 754 281 798; x_wconf 64' lang='grc' dir='ltr'><em>ι</em></span> <span class='ocrx_word' id='word_1_27' title='bbox 396 725 612 804; x_wconf 82' lang='lat' dir='ltr'><strong>Salve,</strong></span> <span class='ocrx_word' id='word_1_28' title='bbox 642 748 879 811; x_wconf 83' lang='lat' dir='ltr'><strong>magna</strong></span> <span class='ocrx_word' id='word_1_29' title='bbox 906 748 1147 811; x_wconf 87' lang='lat' dir='ltr'><strong>parens</strong></span> <span class='ocrx_word' id='word_1_30' title='bbox 1178 724 1463 810; x_wconf 86' lang='lat' dir='ltr'><strong>frugum,</strong></span> <span class='ocrx_word' id='word_1_31' title='bbox 1496 726 1806 790; x_wconf 83' lang='lat' dir='ltr'><strong>Saturnia</strong></span> <span class='ocrx_word' id='word_1_32' title='bbox 1831 724 2050 805; x_wconf 73' lang='lat' dir='ltr'><strong>tenue,</strong></span> 
     </span>
     <span class='ocr_line' id='line_1_7' title="bbox 394 825 2067 913; baseline -0.001 -21"><span class='ocrx_word' id='word_1_33' title='bbox 394 828 648 913; x_wconf 81' lang='lat' dir='ltr'><strong>Magna</strong></span> <span class='ocrx_word' id='word_1_34' title='bbox 676 828 918 892; x_wconf 77' lang='lat' dir='ltr'><strong>viriim:</strong></span> <span class='ocrx_word' id='word_1_35' title='bbox 966 828 1085 891; x_wconf 87' lang='lat' dir='ltr'><strong>tibi</strong></span> <span class='ocrx_word' id='word_1_36' title='bbox 1112 848 1221 892; x_wconf 88' lang='lat' dir='ltr'><strong>res</strong></span> <span class='ocrx_word' id='word_1_37' title='bbox 1252 828 1539 912; x_wconf 84' lang='lat' dir='ltr'><strong>antiquae</strong></span> <span class='ocrx_word' id='word_1_38' title='bbox 1569 825 1780 891; x_wconf 85' lang='lat' dir='ltr'><strong>laudis</strong></span> <span class='ocrx_word' id='word_1_39' title='bbox 1813 838 1880 891; x_wconf 82' lang='lat' dir='ltr'><strong>et</strong></span> <span class='ocrx_word' id='word_1_40' title='bbox 1909 830 2067 891; x_wconf 83' lang='lat' dir='ltr'><strong>artis</strong></span> 
     </span>
     <span class='ocr_line' id='line_1_8' title="bbox 226 927 1924 1014; baseline 0.001 -23"><span class='ocrx_word' id='word_1_41' title='bbox 226 930 349 991; x_wconf 78' lang='lat'><strong>175</strong></span> <span class='ocrx_word' id='word_1_42' title='bbox 394 929 759 1014; x_wconf 83' lang='lat' dir='ltr'><strong>Ingredior,</strong></span> <span class='ocrx_word' id='word_1_43' title='bbox 792 940 1053 993; x_wconf 83' lang='lat' dir='ltr'><strong>sanctos</strong></span> <span class='ocrx_word' id='word_1_44' title='bbox 1080 950 1281 993; x_wconf 85' lang='lat' dir='ltr'><strong>ausus</strong></span> <span class='ocrx_word' id='word_1_45' title='bbox 1312 927 1654 993; x_wconf 83' lang='lat' dir='ltr'>recludere</span> <span class='ocrx_word' id='word_1_46' title='bbox 1685 928 1924 1007; x_wconf 80' lang='lat' dir='ltr'><strong>fontes,</strong></span> 
     </span>
     <span class='ocr_line' id='line_1_9' title="bbox 398 1028 2132 1116; baseline 0.001 -23"><span class='ocrx_word' id='word_1_47' title='bbox 398 1028 872 1116; x_wconf 85' lang='lat' dir='ltr'><strong>Ascraeumque</strong></span> <span class='ocrx_word' id='word_1_48' title='bbox 902 1052 1067 1095; x_wconf 86' lang='lat' dir='ltr'><strong>cano</strong></span> <span class='ocrx_word' id='word_1_49' title='bbox 1096 1028 1397 1095; x_wconf 86' lang='lat' dir='ltr'><strong>Romana</strong></span> <span class='ocrx_word' id='word_1_50' title='bbox 1426 1051 1546 1114; x_wconf 88' lang='lat' dir='ltr'><strong>per</strong></span> <span class='ocrx_word' id='word_1_51' title='bbox 1577 1030 1822 1115; x_wconf 90' lang='lat' dir='ltr'><strong>oppida</strong></span> <span class='ocrx_word' id='word_1_52' title='bbox 1851 1052 2132 1096; x_wconf 86' lang='lat' dir='ltr'><strong>carmen.</strong></span> 
     </span>
     <span class='ocr_line' id='line_1_10' title="bbox 482 1131 2316 1217; baseline 0.001 -21"><span class='ocrx_word' id='word_1_53' title='bbox 482 1131 683 1197; x_wconf 87' lang='lat' dir='ltr'><strong>Nunc</strong></span> <span class='ocrx_word' id='word_1_54' title='bbox 712 1131 893 1197; x_wconf 89' lang='lat' dir='ltr'><strong>locus</strong></span> <span class='ocrx_word' id='word_1_55' title='bbox 922 1154 1223 1196; x_wconf 81' lang='lat' dir='ltr'><strong>arvorum</strong></span> <span class='ocrx_word' id='word_1_56' title='bbox 1250 1131 1526 1216; x_wconf 88' lang='lat' dir='ltr'><strong>ingeniis</strong></span> <span class='ocrx_word' id='word_1_57' title='bbox 1549 1156 1566 1209; x_wconf 89' lang='lat'><strong>;</strong></span> <span class='ocrx_word' id='word_1_58' title='bbox 1611 1154 1762 1215; x_wconf 84' lang='lat' dir='ltr'><strong>quae</strong></span> <span class='ocrx_word' id='word_1_59' title='bbox 1787 1133 2028 1197; x_wconf 85' lang='lat' dir='ltr'><strong>robora</strong></span> <span class='ocrx_word' id='word_1_60' title='bbox 2055 1133 2316 1217; x_wconf 89' lang='lat' dir='ltr'><strong>cuique,</strong></span> 
     </span>
     <span class='ocr_line' id='line_1_11' title="bbox 397 1232 2032 1318; baseline 0.001 -21"><span class='ocrx_word' id='word_1_61' title='bbox 397 1233 569 1306; x_wconf 83' lang='lat' dir='ltr'><strong>Quis</strong></span> <span class='ocrx_word' id='word_1_62' title='bbox 599 1232 801 1311; x_wconf 87' lang='lat' dir='ltr'><strong>color,</strong></span> <span class='ocrx_word' id='word_1_63' title='bbox 832 1242 901 1298; x_wconf 90' lang='lat' dir='ltr'><strong>et</strong></span> <span class='ocrx_word' id='word_1_64' title='bbox 929 1256 1079 1318; x_wconf 82' lang='lat' dir='ltr'><strong>quae</strong></span> <span class='ocrx_word' id='word_1_65' title='bbox 1110 1234 1195 1297; x_wconf 82' lang='lat' dir='ltr'><strong>sit</strong></span> <span class='ocrx_word' id='word_1_66' title='bbox 1221 1235 1423 1297; x_wconf 89' lang='lat' dir='ltr'><strong>rebus</strong></span> <span class='ocrx_word' id='word_1_67' title='bbox 1454 1243 1692 1297; x_wconf 87' lang='lat' dir='ltr'><strong>natura</strong></span> <span class='ocrx_word' id='word_1_68' title='bbox 1721 1232 2032 1299; x_wconf 83' lang='lat' dir='ltr'><strong>ferendis.</strong></span> 
     </span>
     <span class='ocr_line' id='line_1_12' title="bbox 395 1332 1934 1420; baseline 0.001 -22"><span class='ocrx_word' id='word_1_69' title='bbox 395 1332 714 1399; x_wconf 88' lang='lat' dir='ltr'><strong>Difficiles</strong></span> <span class='ocrx_word' id='word_1_70' title='bbox 745 1335 1023 1419; x_wconf 88' lang='lat' dir='ltr'><strong>primum</strong></span> <span class='ocrx_word' id='word_1_71' title='bbox 1052 1347 1269 1412; x_wconf 82' lang='lat' dir='ltr'><strong>terrae,</strong></span> <span class='ocrx_word' id='word_1_72' title='bbox 1292 1334 1622 1419; x_wconf 84' lang='lat' dir='ltr'><strong>collesque</strong></span> <span class='ocrx_word' id='word_1_73' title='bbox 1650 1333 1934 1420; x_wconf 86' lang='lat' dir='ltr'><strong>maligni,</strong></span> 
     </span>
     <span class='ocr_line' id='line_1_13' title="bbox 222 1434 2002 1521; baseline 0.002 -24"><span class='ocrx_word' id='word_1_74' title='bbox 222 1434 353 1498; x_wconf 89' lang='grc'><strong>180</strong></span> <span class='ocrx_word' id='word_1_75' title='bbox 392 1434 647 1500; x_wconf 80' lang='lat' dir='ltr'><strong>Tenuis</strong></span> <span class='ocrx_word' id='word_1_76' title='bbox 676 1437 791 1500; x_wconf 90' lang='lat' dir='ltr'><strong>ubi</strong></span> <span class='ocrx_word' id='word_1_77' title='bbox 819 1435 1047 1521; x_wconf 82' lang='lat' dir='ltr'><strong>argilla</strong></span> <span class='ocrx_word' id='word_1_78' title='bbox 1072 1447 1142 1501; x_wconf 86' lang='lat' dir='ltr'><strong>et</strong></span> <span class='ocrx_word' id='word_1_79' title='bbox 1170 1436 1458 1501; x_wconf 87' lang='lat' dir='ltr'><strong>dumosis</strong></span> <span class='ocrx_word' id='word_1_80' title='bbox 1490 1436 1774 1501; x_wconf 86' lang='lat' dir='ltr'><strong>calculus</strong></span> <span class='ocrx_word' id='word_1_81' title='bbox 1805 1436 1976 1501; x_wconf 86' lang='lat' dir='ltr'><strong>arvis</strong></span> <span class='ocrx_word' id='word_1_82' title='bbox 1982 1483 2002 1514; x_wconf 89' lang='lat'><strong>,</strong></span> 
     </span>
     <span class='ocr_line' id='line_1_14' title="bbox 394 1536 1740 1623; baseline 0.001 -23"><span class='ocrx_word' id='word_1_83' title='bbox 394 1536 691 1602; x_wconf 83' lang='lat' dir='ltr'><strong>Palladia</strong></span> <span class='ocrx_word' id='word_1_84' title='bbox 718 1539 1011 1623; x_wconf 82' lang='lat' dir='ltr'><strong>gaudent</strong></span> <span class='ocrx_word' id='word_1_85' title='bbox 1039 1537 1199 1603; x_wconf 83' lang='lat' dir='ltr'><strong>silva</strong></span> <span class='ocrx_word' id='word_1_86' title='bbox 1228 1538 1463 1603; x_wconf 82' lang='lat' dir='ltr'><strong>vivacis</strong></span> <span class='ocrx_word' id='word_1_87' title='bbox 1496 1536 1700 1602; x_wconf 81' lang='lat' dir='ltr'><strong>olivae.</strong></span> <span class='ocrx_word' id='word_1_88' title='bbox 1729 1576 1740 1586; x_wconf 94' lang='lat'><strong>·</strong></span> 
     </span>
     <span class='ocr_line' id='line_1_15' title="bbox 394 1637 1926 1727; baseline 0.001 -26"><span class='ocrx_word' id='word_1_89' title='bbox 394 1637 647 1704; x_wconf 88' lang='lat' dir='ltr'><strong>Indicio</strong></span> <span class='ocrx_word' id='word_1_90' title='bbox 674 1651 799 1713; x_wconf 88' lang='lat' dir='ltr'><strong>est,</strong></span> <span class='ocrx_word' id='word_1_91' title='bbox 830 1650 1047 1705; x_wconf 82' lang='lat' dir='ltr'><strong>tractu</strong></span> <span class='ocrx_word' id='word_1_92' title='bbox 1077 1661 1353 1724; x_wconf 76' lang='lat' dir='ltr'><strong>surgens</strong></span> <span class='ocrx_word' id='word_1_93' title='bbox 1384 1638 1666 1727; x_wconf 25' lang='lat' dir='ltr'><strong>olea-ster</strong></span> <span class='ocrx_word' id='word_1_94' title='bbox 1697 1639 1926 1703; x_wconf 90' lang='lat' dir='ltr'><strong>eodem</strong></span> 
     </span>
    </p>
   </div>
   <div class='ocr_carea' id='block_1_4' title="bbox 208 1806 1351 4512">
    <p class='ocr_par' dir='ltr' id='par_1_4' title="bbox 218 1806 1342 1873">
     <span class='ocr_line' id='line_1_16' title="bbox 218 1806 1342 1873; baseline 0 -18"><span class='ocrx_word' id='word_1_95' title='bbox 218 1816 312 1863; x_wconf 87' lang='lat' dir='ltr'><strong>tur,</strong></span> <span class='ocrx_word' id='word_1_96' title='bbox 336 1822 449 1855; x_wconf 75' lang='lat' dir='ltr'><strong>esse</strong></span> <span class='ocrx_word' id='word_1_97' title='bbox 466 1806 663 1873; x_wconf 78' lang='lat' dir='ltr'><strong>proprie</strong></span> <span class='ocrx_word' id='word_1_98' title='bbox 682 1816 907 1855; x_wconf 83' lang='lat' dir='ltr'><strong>verutum</strong></span> <span class='ocrx_word' id='word_1_99' title='bbox 929 1808 1081 1855; x_wconf 90' lang='lat' dir='ltr'><strong>telum</strong></span> <span class='ocrx_word' id='word_1_100' title='bbox 1102 1807 1183 1856; x_wconf 80' lang='lat' dir='ltr'><strong>vel</strong></span> <span class='ocrx_word' id='word_1_101' title='bbox 1204 1810 1342 1870; x_wconf 84' lang='lat' dir='ltr'><strong>jacu-</strong></span> 
     </span>
    </p>

    <p class='ocr_par' dir='ltr' id='par_1_5' title="bbox 216 1870 1346 1927">
     <span class='ocr_line' id='line_1_17' title="bbox 216 1870 1346 1927; baseline 0.001 -9"><span class='ocrx_word' id='word_1_102' title='bbox 216 1870 335 1927; x_wconf 83' lang='lat' dir='ltr'><strong>lum,</strong></span> <span class='ocrx_word' id='word_1_103' title='bbox 358 1888 482 1920; x_wconf 83' lang='lat' dir='ltr'><strong>veru</strong></span> <span class='ocrx_word' id='word_1_104' title='bbox 512 1871 805 1921; x_wconf 83' lang='lat' dir='ltr'><strong>instructum</strong></span> <span class='ocrx_word' id='word_1_105' title='bbox 825 1888 882 1920; x_wconf 82' lang='lat' dir='ltr'><strong>ac</strong></span> <span class='ocrx_word' id='word_1_106' title='bbox 904 1872 1162 1920; x_wconf 86' lang='lat' dir='ltr'><strong>munitum.</strong></span> <span class='ocrx_word' id='word_1_107' title='bbox 1222 1872 1346 1920; x_wconf 81' lang='lat' dir='ltr'><strong>Mox</strong></span> 
     </span>
    </p>

    <p class='ocr_par' dir='ltr' id='par_1_6' title="bbox 220 1936 1345 2049">
     <span class='ocr_line' id='line_1_18' title="bbox 220 1936 1345 2048; baseline 0.002 -65"><span class='ocrx_word' id='word_1_108' title='bbox 220 1938 465 2048; x_wconf 42' lang='lat' dir='ltr'><strong>&amp;fidas</strong></span> <span class='ocrx_word' id='word_1_109' title='bbox 514 1940 655 1985; x_wconf 76' lang='lat' dir='ltr'><strong>dar-oe</strong></span> <span class='ocrx_word' id='word_1_110' title='bbox 706 1938 833 1994; x_wconf 79' lang='lat' dir='ltr'><strong>bello,</strong></span> <span class='ocrx_word' id='word_1_111' title='bbox 882 1936 931 1985; x_wconf 85' lang='lat' dir='ltr'><strong>h.</strong></span> <span class='ocrx_word' id='word_1_112' title='bbox 986 1936 1241 1985; x_wconf 84' lang='lat' dir='ltr'><strong>induratos</strong></span> <span class='ocrx_word' id='word_1_113' title='bbox 1284 1936 1345 1984; x_wconf 88' lang='lat' dir='ltr'><strong>ad</strong></span> 
     </span>
     <span class='ocr_line' id='line_1_19' title="bbox 316 2016 417 2049; baseline 0 0"><span class='ocrx_word' id='word_1_114' title='bbox 316 2016 417 2049; x_wconf 82' lang='lat' dir='ltr'><strong>mn.</strong></span> 
     </span>
    </p>

    <p class='ocr_par' dir='ltr' id='par_1_7' title="bbox 220 2064 1351 2386">
     <span class='ocr_line' id='line_1_20' title="bbox 288 2064 1346 2115; baseline 0.001 -3"><span class='ocrx_word' id='word_1_115' title='bbox 288 2065 559 2115; x_wconf 84' lang='grc'><strong>170-172.</strong></span> <span class='ocrx_word' id='word_1_116' title='bbox 596 2064 668 2112; x_wconf 86' lang='lat' dir='ltr'><strong>Ut</strong></span> <span class='ocrx_word' id='word_1_117' title='bbox 691 2066 869 2113; x_wconf 85' lang='lat' dir='ltr'><strong>horum</strong></span> <span class='ocrx_word' id='word_1_118' title='bbox 892 2080 1121 2113; x_wconf 81' lang='lat' dir='ltr'><strong>versuum</strong></span> <span class='ocrx_word' id='word_1_119' title='bbox 1148 2074 1346 2113; x_wconf 83' lang='lat' dir='ltr'><strong>senten-</strong></span> 
     </span>
     <span class='ocr_line' id='line_1_21' title="bbox 222 2128 1350 2187; baseline 0.001 -10"><span class='ocrx_word' id='word_1_120' title='bbox 222 2128 303 2177; x_wconf 66' lang='lat' dir='ltr'><strong>tie</strong></span> <span class='ocrx_word' id='word_1_121' title='bbox 334 2130 459 2177; x_wconf 76' lang='lat' dir='ltr'><strong>fides</strong></span> <span class='ocrx_word' id='word_1_122' title='bbox 489 2138 695 2187; x_wconf 78' lang='lat' dir='ltr'><strong>constet,</strong></span> <span class='ocrx_word' id='word_1_123' title='bbox 730 2144 843 2177; x_wconf 90' lang='lat' dir='ltr'><strong>cum</strong></span> <span class='ocrx_word' id='word_1_124' title='bbox 876 2130 1033 2177; x_wconf 80' lang='lat' dir='ltr'><strong>Ruaeo</strong></span> <span class='ocrx_word' id='word_1_125' title='bbox 1068 2138 1120 2178; x_wconf 88' lang='lat' dir='ltr'><strong>et</strong></span> <span class='ocrx_word' id='word_1_126' title='bbox 1152 2130 1350 2179; x_wconf 84' lang='lat' dir='ltr'><strong>Catroeo</strong></span> 
     </span>
     <span class='ocr_line' id='line_1_22' title="bbox 224 2192 1346 2243; baseline 0.002 -2"><span class='ocrx_word' id='word_1_127' title='bbox 224 2194 537 2243; x_wconf 70' lang='lat' dir='ltr'><strong>Burmannus</strong></span> <span class='ocrx_word' id='word_1_128' title='bbox 555 2210 639 2241; x_wconf 84' lang='lat' dir='ltr'><strong>eos</strong></span> <span class='ocrx_word' id='word_1_129' title='bbox 660 2194 817 2242; x_wconf 80' lang='lat' dir='ltr'><strong>altera</strong></span> <span class='ocrx_word' id='word_1_130' title='bbox 836 2209 863 2242; x_wconf 89' lang='lat' dir='ltr'><strong>r</strong></span> <span class='ocrx_word' id='word_1_131' title='bbox 1018 2194 1171 2243; x_wconf 87' lang='lat' dir='ltr'><strong>itione</strong></span> <span class='ocrx_word' id='word_1_132' title='bbox 1190 2192 1346 2243; x_wconf 85' lang='lat' dir='ltr'><strong>inser-</strong></span> 
     </span>
     <span class='ocr_line' id='line_1_23' title="bbox 220 2256 1351 2321; baseline 0.002 -16"><span class='ocrx_word' id='word_1_133' title='bbox 220 2268 297 2305; x_wconf 77' lang='grc' dir='ltr'><strong>ωε</strong></span> <span class='ocrx_word' id='word_1_134' title='bbox 326 2274 437 2306; x_wconf 79' lang='lat' dir='ltr'><strong>esse</strong></span> <span class='ocrx_word' id='word_1_135' title='bbox 464 2258 633 2316; x_wconf 85' lang='lat' dir='ltr'><strong>credit,</strong></span> <span class='ocrx_word' id='word_1_136' title='bbox 662 2258 723 2305; x_wconf 91' lang='lat' dir='ltr'><strong>U.</strong></span> <span class='ocrx_word' id='word_1_137' title='bbox 736 2259 793 2306; x_wconf 91' lang='lat' dir='ltr'><strong>C.</strong></span> <span class='ocrx_word' id='word_1_138' title='bbox 821 2256 933 2315; x_wconf 77' lang='lat'><strong>734,</strong></span> <span class='ocrx_word' id='word_1_139' title='bbox 967 2274 1063 2321; x_wconf 88' lang='lat' dir='ltr'><strong>quo</strong></span> <span class='ocrx_word' id='word_1_140' title='bbox 1096 2260 1351 2321; x_wconf 76' lang='lat' dir='ltr'><strong>Augustus</strong></span> 
     </span>
     <span class='ocr_line' id='line_1_24' title="bbox 222 2320 1343 2386; baseline 0.003 -18"><span class='ocrx_word' id='word_1_141' title='bbox 222 2320 273 2369; x_wconf 84' lang='lat' dir='ltr'><strong>in</strong></span> <span class='ocrx_word' id='word_1_142' title='bbox 295 2322 419 2371; x_wconf 78' lang='lat' dir='ltr'><strong>Asia</strong></span> <span class='ocrx_word' id='word_1_143' title='bbox 439 2322 578 2386; x_wconf 71' lang='lat' dir='ltr'><strong>signa</strong></span> <span class='ocrx_word' id='word_1_144' title='bbox 602 2339 634 2371; x_wconf 85' lang='lat' dir='ltr'><strong>a</strong></span> <span class='ocrx_word' id='word_1_145' title='bbox 657 2322 853 2371; x_wconf 81' lang='lat' dir='ltr'><strong>Parthis</strong></span> <span class='ocrx_word' id='word_1_146' title='bbox 878 2322 1067 2386; x_wconf 83' lang='lat' dir='ltr'><strong>recepit</strong></span> <span class='ocrx_word' id='word_1_147' title='bbox 1095 2332 1147 2371; x_wconf 87' lang='lat' dir='ltr'><strong>et</strong></span> <span class='ocrx_word' id='word_1_148' title='bbox 1178 2322 1343 2371; x_wconf 86' lang='lat' dir='ltr'><strong>Medis</strong></span> 
     </span>
    </p>

    <p class='ocr_par' dir='ltr' id='par_1_8' title="bbox 208 2386 1348 4242">
     <span class='ocr_line' id='line_1_25' title="bbox 424 2386 1343 2450; baseline 0.001 -16"><span class='ocrx_word' id='word_1_149' title='bbox 424 2387 573 2435; x_wconf 82' lang='lat' dir='ltr'><strong>dedit.</strong></span> <span class='ocrx_word' id='word_1_150' title='bbox 648 2388 745 2435; x_wconf 79' lang='lat' dir='ltr'><strong>Est</strong></span> <span class='ocrx_word' id='word_1_151' title='bbox 776 2386 901 2435; x_wconf 87' lang='lat' dir='ltr'><strong>adeo</strong></span> <span class='ocrx_word' id='word_1_152' title='bbox 933 2386 1010 2435; x_wconf 83' lang='lat' dir='ltr'><strong>vir</strong></span> <span class='ocrx_word' id='word_1_153' title='bbox 1041 2386 1225 2445; x_wconf 88' lang='lat' dir='ltr'><strong>doctus,</strong></span> <span class='ocrx_word' id='word_1_154' title='bbox 1260 2388 1343 2450; x_wconf 86' lang='lat' dir='ltr'><strong>qui</strong></span> 
     </span>
     <span class='ocr_line' id='line_1_26' title="bbox 220 2450 1344 2509; baseline 0 -10"><span class='ocrx_word' id='word_1_155' title='bbox 220 2466 313 2499; x_wconf 76' lang='lat' dir='ltr'><strong>vas.</strong></span> <span class='ocrx_word' id='word_1_156' title='bbox 342 2452 451 2508; x_wconf 87' lang='grc'><strong>171,</strong></span> <span class='ocrx_word' id='word_1_157' title='bbox 481 2451 573 2502; x_wconf 92' lang='grc'><strong>172</strong></span> <span class='ocrx_word' id='word_1_158' title='bbox 596 2450 838 2499; x_wconf 86' lang='lat' dir='ltr'><strong>tollendos</strong></span> <span class='ocrx_word' id='word_1_159' title='bbox 864 2466 973 2499; x_wconf 80' lang='lat' dir='ltr'><strong>esse</strong></span> <span class='ocrx_word' id='word_1_160' title='bbox 994 2460 1206 2509; x_wconf 84' lang='lat' dir='ltr'><strong>censeat,</strong></span> <span class='ocrx_word' id='word_1_161' title='bbox 1230 2467 1344 2499; x_wconf 85' lang='lat' dir='ltr'><strong>cum</strong></span> 
     </span>
     <span class='ocr_line' id='line_1_27' title="bbox 218 2514 1341 2566; baseline 0 -3"><span class='ocrx_word' id='word_1_162' title='bbox 218 2530 307 2563; x_wconf 80' lang='lat' dir='ltr'><strong>nec</strong></span> <span class='ocrx_word' id='word_1_163' title='bbox 324 2532 369 2563; x_wconf 85' lang='lat' dir='ltr'><strong>a.</strong></span> <span class='ocrx_word' id='word_1_164' title='bbox 389 2518 487 2566; x_wconf 80' lang='lat'><strong>724</strong></span> <span class='ocrx_word' id='word_1_165' title='bbox 510 2532 601 2565; x_wconf 82' lang='lat' dir='ltr'><strong>nee</strong></span> <span class='ocrx_word' id='word_1_166' title='bbox 624 2514 722 2565; x_wconf 77' lang='lat'><strong>734</strong></span> <span class='ocrx_word' id='word_1_167' title='bbox 740 2514 861 2564; x_wconf 80' lang='lat' dir='ltr'><strong>satis</strong></span> <span class='ocrx_word' id='word_1_168' title='bbox 881 2516 1189 2564; x_wconf 80' lang='lat' dir='ltr'><strong>conveniant.</strong></span> <span class='ocrx_word' id='word_1_169' title='bbox 1244 2516 1341 2563; x_wconf 91' lang='lat' dir='ltr'><strong>Co-</strong></span> 
     </span>
     <span class='ocr_line' id='line_1_28' title="bbox 212 2579 1344 2643; baseline -0.001 -15"><span class='ocrx_word' id='word_1_170' title='bbox 212 2580 471 2641; x_wconf 76' lang='lat' dir='ltr'><strong>gitandum</strong></span> <span class='ocrx_word' id='word_1_171' title='bbox 504 2590 669 2629; x_wconf 83' lang='lat' dir='ltr'><strong>tamen</strong></span> <span class='ocrx_word' id='word_1_172' title='bbox 702 2590 821 2637; x_wconf 87' lang='lat' dir='ltr'><strong>erat,</strong></span> <span class='ocrx_word' id='word_1_173' title='bbox 856 2595 947 2628; x_wconf 84' lang='lat' dir='ltr'><strong>nos</strong></span> <span class='ocrx_word' id='word_1_174' title='bbox 978 2579 1031 2627; x_wconf 87' lang='lat' dir='ltr'><strong>in</strong></span> <span class='ocrx_word' id='word_1_175' title='bbox 1063 2589 1222 2643; x_wconf 82' lang='lat' dir='ltr'><strong>poeta,</strong></span> <span class='ocrx_word' id='word_1_176' title='bbox 1244 2594 1344 2627; x_wconf 89' lang='lat' dir='ltr'><strong>non</strong></span> 
     </span>
     <span class='ocr_line' id='line_1_29' title="bbox 216 2642 1344 2719; baseline 0.002 -28"><span class='ocrx_word' id='word_1_177' title='bbox 216 2642 267 2691; x_wconf 83' lang='lat' dir='ltr'><strong>in</strong></span> <span class='ocrx_word' id='word_1_178' title='bbox 302 2644 540 2693; x_wconf 78' lang='lat' dir='ltr'><strong>historico</strong></span> <span class='ocrx_word' id='word_1_179' title='bbox 562 2644 773 2699; x_wconf 74' lang='lat' dir='ltr'><strong>versari3</strong></span> <span class='ocrx_word' id='word_1_180' title='bbox 809 2659 1075 2719; x_wconf 76' lang='lat' dir='ltr'><strong>versusque</strong></span> <span class='ocrx_word' id='word_1_181' title='bbox 1108 2659 1213 2692; x_wconf 83' lang='lat' dir='ltr'><strong>esse</strong></span> <span class='ocrx_word' id='word_1_182' title='bbox 1246 2652 1344 2693; x_wconf 89' lang='lat' dir='ltr'><strong>tam</strong></span> 
     </span>
     <span class='ocr_line' id='line_1_30' title="bbox 214 2707 1344 2839; baseline 0 -18"><span class='ocrx_word' id='word_1_183' title='bbox 214 2710 577 2839; x_wconf 41' lang='lat'><strong>{55:233</strong></span> <span class='ocrx_word' id='word_1_184' title='bbox 598 2707 1344 2827; x_wconf 50' lang='lat' dir='ltr'><strong>Zaffielfflsssssn‘gffllf‘ssff</strong></span> 
     </span>
     <span class='ocr_line' id='line_1_31' title="bbox 215 2836 1342 2902; baseline -0.003 -14"><span class='ocrx_word' id='word_1_185' title='bbox 215 2847 311 2887; x_wconf 81' lang='lat' dir='ltr'><strong>tem</strong></span> <span class='ocrx_word' id='word_1_186' title='bbox 336 2838 405 2887; x_wconf 81' lang='lat' dir='ltr'><strong>ad</strong></span> <span class='ocrx_word' id='word_1_187' title='bbox 430 2854 541 2887; x_wconf 84' lang='lat' dir='ltr'><strong>eam</strong></span> <span class='ocrx_word' id='word_1_188' title='bbox 570 2837 853 2902; x_wconf 86' lang='lat' dir='ltr'><strong>opinionem</strong></span> <span class='ocrx_word' id='word_1_189' title='bbox 883 2837 1073 2895; x_wconf 83' lang='lat' dir='ltr'><strong>attinet,</strong></span> <span class='ocrx_word' id='word_1_190' title='bbox 1097 2852 1193 2900; x_wconf 87' lang='lat' dir='ltr'><strong>qua</strong></span> <span class='ocrx_word' id='word_1_191' title='bbox 1220 2836 1342 2885; x_wconf 86' lang='lat' dir='ltr'><strong>seri-</strong></span> 
     </span>
     <span class='ocr_line' id='line_1_32' title="bbox 214 2900 1340 2967; baseline -0.002 -16"><span class='ocrx_word' id='word_1_192' title='bbox 214 2918 295 2951; x_wconf 85' lang='lat' dir='ltr'><strong>ore</strong></span> <span class='ocrx_word' id='word_1_193' title='bbox 316 2918 471 2952; x_wconf 84' lang='lat' dir='ltr'><strong>manu</strong></span> <span class='ocrx_word' id='word_1_194' title='bbox 500 2904 562 2952; x_wconf 83' lang='lat' dir='ltr'><strong>ab</strong></span> <span class='ocrx_word' id='word_1_195' title='bbox 589 2902 698 2967; x_wconf 81' lang='lat' dir='ltr'><strong>ipso</strong></span> <span class='ocrx_word' id='word_1_196' title='bbox 733 2912 877 2966; x_wconf 85' lang='lat' dir='ltr'><strong>poeta</strong></span> <span class='ocrx_word' id='word_1_197' title='bbox 910 2900 1085 2950; x_wconf 85' lang='lat' dir='ltr'><strong>inserti</strong></span> <span class='ocrx_word' id='word_1_198' title='bbox 1110 2917 1217 2950; x_wconf 86' lang='lat' dir='ltr'><strong>esse</strong></span> <span class='ocrx_word' id='word_1_199' title='bbox 1286 2918 1340 2949; x_wconf 91' lang='lat' dir='ltr'><strong>u-</strong></span> 
     </span>
     <span class='ocr_line' id='line_1_33' title="bbox 214 2965 1343 3031; baseline -0.001 -16"><span class='ocrx_word' id='word_1_200' title='bbox 214 2978 409 3023; x_wconf 61' lang='lat' dir='ltr'><strong>antum</strong></span> <span class='ocrx_word' id='word_1_201' title='bbox 448 2967 679 3031; x_wconf 84' lang='lat' dir='ltr'><strong>equidem</strong></span> <span class='ocrx_word' id='word_1_202' title='bbox 711 2966 764 3014; x_wconf 91' lang='lat' dir='ltr'><strong>in</strong></span> <span class='ocrx_word' id='word_1_203' title='bbox 797 2969 924 3015; x_wconf 89' lang='lat' dir='ltr'><strong>bono</strong></span> <span class='ocrx_word' id='word_1_204' title='bbox 1134 2965 1219 3014; x_wconf 82' lang='lat' dir='ltr'><strong>vix</strong></span> <span class='ocrx_word' id='word_1_205' title='bbox 1284 2982 1343 3014; x_wconf 84' lang='lat' dir='ltr'><strong>oc</strong></span> 
     </span>
     <span class='ocr_line' id='line_1_34' title="bbox 212 3030 1343 3096; baseline -0.002 -15"><span class='ocrx_word' id='word_1_206' title='bbox 212 3032 520 3095; x_wconf 77' lang='lat' dir='ltr'><strong>probandum</strong></span> <span class='ocrx_word' id='word_1_207' title='bbox 542 3032 739 3096; x_wconf 85' lang='lat' dir='ltr'><strong>putabo,</strong></span> <span class='ocrx_word' id='word_1_208' title='bbox 764 3030 806 3079; x_wconf 84' lang='lat' dir='ltr'><strong>si</strong></span> <span class='ocrx_word' id='word_1_209' title='bbox 829 3030 1009 3079; x_wconf 83' lang='lat' dir='ltr'><strong>diversi</strong></span> <span class='ocrx_word' id='word_1_210' title='bbox 1034 3031 1268 3095; x_wconf 81' lang='lat' dir='ltr'><strong>temporis</strong></span> <span class='ocrx_word' id='word_1_211' title='bbox 1288 3030 1343 3079; x_wconf 84' lang='lat' dir='ltr'><strong>iu</strong></span> 
     </span>
     <span class='ocr_line' id='line_1_35' title="bbox 212 3094 1345 3159; baseline -0.002 -14"><span class='ocrx_word' id='word_1_212' title='bbox 212 3097 387 3145; x_wconf 80' lang='lat' dir='ltr'><strong>endem</strong></span> <span class='ocrx_word' id='word_1_213' title='bbox 431 3096 651 3145; x_wconf 82' lang='lat' dir='ltr'><strong>carmine</strong></span> <span class='ocrx_word' id='word_1_214' title='bbox 696 3095 904 3159; x_wconf 79' lang='lat' dir='ltr'><strong>vestigia</strong></span> <span class='ocrx_word' id='word_1_215' title='bbox 940 3094 1207 3158; x_wconf 84' lang='lat' dir='ltr'><strong>reliquerit.</strong></span> <span class='ocrx_word' id='word_1_216' title='bbox 1274 3096 1345 3143; x_wconf 79' lang='lat' dir='ltr'><strong>At</strong></span> 
     </span>
     <span class='ocr_line' id='line_1_36' title="bbox 212 3160 1343 3225; baseline 0 -16"><span class='ocrx_word' id='word_1_217' title='bbox 212 3176 301 3209; x_wconf 81' lang='lat' dir='ltr'><strong>uec</strong></span> <span class='ocrx_word' id='word_1_218' title='bbox 328 3161 417 3209; x_wconf 81' lang='lat' dir='ltr'><strong>tali</strong></span> <span class='ocrx_word' id='word_1_219' title='bbox 438 3160 707 3225; x_wconf 75' lang='lat' dir='ltr'><strong>suspicioni</strong></span> <span class='ocrx_word' id='word_1_220' title='bbox 728 3160 865 3209; x_wconf 83' lang='lat' dir='ltr'><strong>locus</strong></span> <span class='ocrx_word' id='word_1_221' title='bbox 892 3170 989 3216; x_wconf 83' lang='lat' dir='ltr'><strong>est3</strong></span> <span class='ocrx_word' id='word_1_222' title='bbox 1025 3168 1343 3223; x_wconf 70' lang='lat' dir='ltr'><strong>spectantque</strong></span> 
     </span>
     <span class='ocr_line' id='line_1_37' title="bbox 212 3223 1343 3287; baseline -0.001 -14"><span class='ocrx_word' id='word_1_223' title='bbox 212 3235 261 3273; x_wconf 82' lang='lat' dir='ltr'><strong>et</strong></span> <span class='ocrx_word' id='word_1_224' title='bbox 296 3226 353 3273; x_wconf 88' lang='lat' dir='ltr'><strong>hi</strong></span> <span class='ocrx_word' id='word_1_225' title='bbox 396 3240 565 3274; x_wconf 78' lang='lat' dir='ltr'><strong>versus</strong></span> <span class='ocrx_word' id='word_1_226' title='bbox 604 3225 667 3273; x_wconf 84' lang='lat' dir='ltr'><strong>ad</strong></span> <span class='ocrx_word' id='word_1_227' title='bbox 701 3224 897 3273; x_wconf 79' lang='lat' dir='ltr'><strong>eosdem</strong></span> <span class='ocrx_word' id='word_1_228' title='bbox 936 3240 1105 3282; x_wconf 86' lang='lat' dir='ltr'><strong>annos,</strong></span> <span class='ocrx_word' id='word_1_229' title='bbox 1136 3239 1256 3287; x_wconf 87' lang='lat' dir='ltr'><strong>quos</strong></span> <span class='ocrx_word' id='word_1_230' title='bbox 1290 3223 1343 3272; x_wconf 88' lang='lat' dir='ltr'><strong>in</strong></span> 
     </span>
     <span class='ocr_line' id='line_1_38' title="bbox 208 3288 1342 3353; baseline -0.002 -15"><span class='ocrx_word' id='word_1_231' title='bbox 208 3290 319 3339; x_wconf 78' lang='lat' dir='ltr'><strong>aliis</strong></span> <span class='ocrx_word' id='word_1_232' title='bbox 341 3290 699 3353; x_wconf 78' lang='lat' dir='ltr'><strong>Georgicorum</strong></span> <span class='ocrx_word' id='word_1_233' title='bbox 722 3289 841 3338; x_wconf 88' lang='lat' dir='ltr'><strong>locis</strong></span> <span class='ocrx_word' id='word_1_234' title='bbox 873 3288 1206 3347; x_wconf 86' lang='lat' dir='ltr'><strong>subinnuerat,</strong></span> <span class='ocrx_word' id='word_1_235' title='bbox 1231 3288 1342 3349; x_wconf 76' lang='lat'><strong>724,</strong></span> 
     </span>
     <span class='ocr_line' id='line_1_39' title="bbox 210 3352 1341 3417; baseline -0.003 -14"><span class='ocrx_word' id='word_1_236' title='bbox 210 3354 305 3403; x_wconf 82' lang='lat'><strong>725</strong></span> <span class='ocrx_word' id='word_1_237' title='bbox 328 3356 397 3403; x_wconf 77' lang='lat' dir='ltr'><strong>ab</strong></span> <span class='ocrx_word' id='word_1_238' title='bbox 419 3354 483 3403; x_wconf 89' lang='lat' dir='ltr'><strong>U.</strong></span> <span class='ocrx_word' id='word_1_239' title='bbox 494 3356 571 3413; x_wconf 64' lang='lat' dir='ltr'><strong>C„</strong></span> <span class='ocrx_word' id='word_1_240' title='bbox 594 3353 739 3402; x_wconf 88' lang='lat' dir='ltr'><strong>modo</strong></span> <span class='ocrx_word' id='word_1_241' title='bbox 762 3364 972 3417; x_wconf 84' lang='lat' dir='ltr'><strong>poetam,</strong></span> <span class='ocrx_word' id='word_1_242' title='bbox 996 3362 1054 3401; x_wconf 90' lang='lat' dir='ltr'><strong>ut</strong></span> <span class='ocrx_word' id='word_1_243' title='bbox 1072 3352 1189 3402; x_wconf 88' lang='lat' dir='ltr'><strong>alibi</strong></span> <span class='ocrx_word' id='word_1_244' title='bbox 1210 3352 1341 3413; x_wconf 83' lang='lat' dir='ltr'><strong>facit,</strong></span> 
     </span>
     <span class='ocr_line' id='line_1_40' title="bbox 211 3416 1339 3493; baseline 0.001 -28"><span class='ocrx_word' id='word_1_245' title='bbox 211 3435 254 3466; x_wconf 72' lang='lat' dir='ltr'><strong>v.</strong></span> <span class='ocrx_word' id='word_1_246' title='bbox 276 3436 322 3468; x_wconf 88' lang='lat' dir='ltr'><strong>c.</strong></span> <span class='ocrx_word' id='word_1_247' title='bbox 346 3420 473 3467; x_wconf 84' lang='lat' dir='ltr'><strong>Geo.</strong></span> <span class='ocrx_word' id='word_1_248' title='bbox 497 3418 553 3467; x_wconf 86' lang='lat' dir='ltr'><strong>iii</strong></span> <span class='ocrx_word' id='word_1_249' title='bbox 564 3434 667 3493; x_wconf 62' lang='lat' dir='ltr'><strong>pr„</strong></span> <span class='ocrx_word' id='word_1_250' title='bbox 692 3417 949 3481; x_wconf 79' lang='lat' dir='ltr'><strong>magnifice</strong></span> <span class='ocrx_word' id='word_1_251' title='bbox 978 3416 1149 3466; x_wconf 83' lang='lat' dir='ltr'><strong>efferre</strong></span> <span class='ocrx_word' id='word_1_252' title='bbox 1182 3426 1233 3466; x_wconf 87' lang='lat' dir='ltr'><strong>et</strong></span> <span class='ocrx_word' id='word_1_253' title='bbox 1260 3433 1339 3466; x_wconf 91' lang='lat' dir='ltr'><strong>or-</strong></span> 
     </span>
     <span class='ocr_line' id='line_1_41' title="bbox 210 3480 1342 3547; baseline -0.001 -15"><span class='ocrx_word' id='word_1_254' title='bbox 210 3498 329 3532; x_wconf 82' lang='lat' dir='ltr'><strong>nare</strong></span> <span class='ocrx_word' id='word_1_255' title='bbox 351 3484 541 3547; x_wconf 76' lang='lat' dir='ltr'><strong>cogites</strong></span> <span class='ocrx_word' id='word_1_256' title='bbox 562 3483 629 3541; x_wconf 75' lang='lat' dir='ltr'><strong>id,</strong></span> <span class='ocrx_word' id='word_1_257' title='bbox 644 3482 773 3546; x_wconf 90' lang='lat' dir='ltr'><strong>quod</strong></span> <span class='ocrx_word' id='word_1_258' title='bbox 792 3497 904 3531; x_wconf 87' lang='lat' dir='ltr'><strong>vere</strong></span> <span class='ocrx_word' id='word_1_259' title='bbox 928 3480 1052 3531; x_wconf 88' lang='lat' dir='ltr'><strong>nihil</strong></span> <span class='ocrx_word' id='word_1_260' title='bbox 1072 3481 1205 3531; x_wconf 89' lang='lat' dir='ltr'><strong>aliud</strong></span> <span class='ocrx_word' id='word_1_261' title='bbox 1222 3490 1342 3541; x_wconf 83' lang='lat' dir='ltr'><strong>erat,</strong></span> 
     </span>
     <span class='ocr_line' id='line_1_42' title="bbox 210 3546 1345 3611; baseline -0.002 -14"><span class='ocrx_word' id='word_1_262' title='bbox 210 3564 357 3610; x_wconf 78' lang='lat' dir='ltr'><strong>quam</strong></span> <span class='ocrx_word' id='word_1_263' title='bbox 382 3548 514 3610; x_wconf 83' lang='lat' dir='ltr'><strong>quod</strong></span> <span class='ocrx_word' id='word_1_264' title='bbox 530 3549 699 3596; x_wconf 78' lang='lat' dir='ltr'><strong>Caesar</strong></span> <span class='ocrx_word' id='word_1_265' title='bbox 718 3563 782 3595; x_wconf 83' lang='lat' dir='ltr'><strong>ex</strong></span> <span class='ocrx_word' id='word_1_266' title='bbox 808 3547 1039 3611; x_wconf 76' lang='lat' dir='ltr'><strong>AEgypto,</strong></span> <span class='ocrx_word' id='word_1_267' title='bbox 1060 3563 1155 3609; x_wconf 90' lang='lat' dir='ltr'><strong>quo</strong></span> <span class='ocrx_word' id='word_1_268' title='bbox 1180 3546 1345 3610; x_wconf 88' lang='lat' dir='ltr'><strong>paullo</strong></span> 
     </span>
     <span class='ocr_line' id='line_1_43' title="bbox 209 3611 1340 3676; baseline -0.002 -15"><span class='ocrx_word' id='word_1_269' title='bbox 209 3624 323 3675; x_wconf 81' lang='lat' dir='ltr'><strong>post</strong></span> <span class='ocrx_word' id='word_1_270' title='bbox 355 3628 573 3676; x_wconf 61' lang='lat' dir='ltr'><strong>pignam</strong></span> <span class='ocrx_word' id='word_1_271' title='bbox 597 3611 847 3660; x_wconf 81' lang='lat' dir='ltr'><strong>Actiacam</strong></span> <span class='ocrx_word' id='word_1_272' title='bbox 885 3611 1165 3660; x_wconf 75' lang='lat' dir='ltr'><strong>Brundusio</strong></span> <span class='ocrx_word' id='word_1_273' title='bbox 1198 3614 1340 3674; x_wconf 74' lang='lat' dir='ltr'><strong>traje-</strong></span> 
     </span>
     <span class='ocr_line' id='line_1_44' title="bbox 210 3676 1347 3741; baseline -0.001 -17"><span class='ocrx_word' id='word_1_274' title='bbox 210 3688 361 3735; x_wconf 80' lang='lat' dir='ltr'><strong>cerat,</strong></span> <span class='ocrx_word' id='word_1_275' title='bbox 396 3692 489 3741; x_wconf 88' lang='lat' dir='ltr'><strong>per</strong></span> <span class='ocrx_word' id='word_1_276' title='bbox 510 3678 543 3724; x_wconf 91' lang='lat' dir='ltr'>S</span> <span class='ocrx_word' id='word_1_277' title='bbox 606 3676 703 3725; x_wconf 82' lang='lat' dir='ltr'><strong>’am</strong></span> <span class='ocrx_word' id='word_1_278' title='bbox 734 3676 789 3724; x_wconf 87' lang='lat' dir='ltr'><strong>in</strong></span> <span class='ocrx_word' id='word_1_279' title='bbox 821 3676 991 3725; x_wconf 84' lang='lat' dir='ltr'><strong>Asiam</strong></span> <span class='ocrx_word' id='word_1_280' title='bbox 1025 3676 1119 3724; x_wconf 86' lang='lat' dir='ltr'><strong>iter</strong></span> <span class='ocrx_word' id='word_1_281' title='bbox 1141 3676 1271 3734; x_wconf 81' lang='lat' dir='ltr'><strong>fecit,</strong></span> <span class='ocrx_word' id='word_1_282' title='bbox 1296 3685 1347 3723; x_wconf 91' lang='lat' dir='ltr'><strong>et</strong></span> 
     </span>
     <span class='ocr_line' id='line_1_45' title="bbox 213 3740 1346 3805; baseline -0.001 -16"><span class='ocrx_word' id='word_1_283' title='bbox 213 3741 379 3789; x_wconf 78' lang='lat' dir='ltr'><strong>hieme</strong></span> <span class='ocrx_word' id='word_1_284' title='bbox 417 3740 481 3789; x_wconf 85' lang='lat' dir='ltr'><strong>ad</strong></span> <span class='ocrx_word' id='word_1_285' title='bbox 574 3741 831 3805; x_wconf 72' lang='lat' dir='ltr'><strong>aphratem</strong></span> <span class='ocrx_word' id='word_1_286' title='bbox 875 3748 1047 3788; x_wconf 85' lang='lat' dir='ltr'><strong>exacta</strong></span> <span class='ocrx_word' id='word_1_287' title='bbox 1088 3740 1223 3788; x_wconf 71' lang='lat' dir='ltr'><strong>Aniae</strong></span> <span class='ocrx_word' id='word_1_288' title='bbox 1266 3754 1346 3788; x_wconf 85' lang='lat' dir='ltr'><strong>res</strong></span> 
     </span>
     <span class='ocr_line' id='line_1_46' title="bbox 212 3803 1344 3861; baseline 0 -8"><span class='ocrx_word' id='word_1_289' title='bbox 212 3806 484 3853; x_wconf 80' lang='lat' dir='ltr'><strong>constituit.</strong></span> <span class='ocrx_word' id='word_1_290' title='bbox 541 3808 709 3853; x_wconf 78' lang='lat' dir='ltr'><strong>Indum</strong></span> <span class='ocrx_word' id='word_1_291' title='bbox 744 3807 980 3861; x_wconf 75' lang='lat' dir='ltr'><strong>imbellem,</strong></span> <span class='ocrx_word' id='word_1_292' title='bbox 1005 3813 1062 3851; x_wconf 89' lang='lat' dir='ltr'><strong>ut</strong></span> <span class='ocrx_word' id='word_1_293' title='bbox 1082 3805 1202 3852; x_wconf 91' lang='lat' dir='ltr'><strong>Geo.</strong></span> <span class='ocrx_word' id='word_1_294' title='bbox 1227 3804 1260 3861; x_wconf 88' lang='lat' dir='ltr'><strong>i,</strong></span> <span class='ocrx_word' id='word_1_295' title='bbox 1283 3803 1344 3853; x_wconf 85' lang='lat'><strong>57</strong></span> 
     </span>
     <span class='ocr_line' id='line_1_47' title="bbox 214 3868 1348 3919; baseline -0.002 -1"><span class='ocrx_word' id='word_1_296' title='bbox 214 3872 369 3918; x_wconf 70' lang='lat' dir='ltr'><strong>nolles</strong></span> <span class='ocrx_word' id='word_1_297' title='bbox 402 3874 554 3919; x_wconf 66' lang='grc' dir='ltr'><strong>Βοῦρα·</strong></span> <span class='ocrx_word' id='word_1_298' title='bbox 586 3880 637 3918; x_wconf 85' lang='lat' dir='ltr'><strong>et</strong></span> <span class='ocrx_word' id='word_1_299' title='bbox 663 3884 834 3917; x_wconf 87' lang='lat' dir='ltr'><strong>omnes</strong></span> <span class='ocrx_word' id='word_1_300' title='bbox 858 3869 991 3917; x_wconf 76' lang='lat' dir='ltr'><strong>Asiae</strong></span> <span class='ocrx_word' id='word_1_301' title='bbox 1022 3868 1084 3917; x_wconf 85' lang='lat' dir='ltr'><strong>ad</strong></span> <span class='ocrx_word' id='word_1_302' title='bbox 1108 3869 1348 3916; x_wconf 80' lang='lat' dir='ltr'><strong>Austrum</strong></span> 
     </span>
     <span class='ocr_line' id='line_1_48' title="bbox 214 3934 1344 3999; baseline -0.002 -18"><span class='ocrx_word' id='word_1_303' title='bbox 214 3950 371 3984; x_wconf 64' lang='lat' dir='ltr'><strong>veram</strong></span> <span class='ocrx_word' id='word_1_304' title='bbox 390 3934 575 3999; x_wconf 87' lang='lat' dir='ltr'><strong>populi.</strong></span> <span class='ocrx_word' id='word_1_305' title='bbox 645 3935 843 3982; x_wconf 82' lang='lat' dir='ltr'><strong>Novum</strong></span> <span class='ocrx_word' id='word_1_306' title='bbox 870 3943 999 3981; x_wconf 81' lang='lat' dir='ltr'><strong>esset</strong></span> <span class='ocrx_word' id='word_1_307' title='bbox 1021 3935 1241 3981; x_wconf 75' lang='lat' dir='ltr'><strong>imbellem</strong></span> <span class='ocrx_word' id='word_1_308' title='bbox 1263 3948 1344 3980; x_wconf 90' lang='lat' dir='ltr'><strong>ac-</strong></span> 
     </span>
     <span class='ocr_line' id='line_1_49' title="bbox 210 3997 1348 4127; baseline -0.001 -16"><span class='ocrx_word' id='word_1_309' title='bbox 210 3999 381 4111; x_wconf 51' lang='lat' dir='ltr'><strong>ss‘hffce&#39;</strong></span> <span class='ocrx_word' id='word_1_310' title='bbox 354 3997 1348 4127; x_wconf 58' lang='lat' dir='ltr'><strong>‘³.”:‡¹33†3m?533“5.¹22¹22.31²²⁸2‘522;</strong></span> 
     </span>
     <span class='ocr_line' id='line_1_50' title="bbox 212 4126 1343 4190; baseline -0.004 -13"><span class='ocrx_word' id='word_1_311' title='bbox 212 4129 273 4177; x_wconf 79' lang='lat' dir='ltr'><strong>de</strong></span> <span class='ocrx_word' id='word_1_312' title='bbox 290 4128 473 4177; x_wconf 76' lang='lat' dir='ltr'><strong>finibus</strong></span> <span class='ocrx_word' id='word_1_313' title='bbox 488 4128 612 4186; x_wconf 66' lang='lat' dir='ltr'><strong>scil„</strong></span> <span class='ocrx_word' id='word_1_314' title='bbox 664 4136 871 4176; x_wconf 83' lang='lat' dir='ltr'><strong>uatenus</strong></span> <span class='ocrx_word' id='word_1_315' title='bbox 886 4127 923 4175; x_wconf 90' lang='lat' dir='ltr'><strong>ii</strong></span> <span class='ocrx_word' id='word_1_316' title='bbox 939 4126 1133 4175; x_wconf 78' lang='lat' dir='ltr'><strong>arcibus</strong></span> <span class='ocrx_word' id='word_1_317' title='bbox 1152 4136 1203 4174; x_wconf 88' lang='lat' dir='ltr'><strong>et</strong></span> <span class='ocrx_word' id='word_1_318' title='bbox 1218 4141 1343 4190; x_wconf 81' lang='lat' dir='ltr'><strong>prae-</strong></span> 
     </span>
     <span class='ocr_line' id='line_1_51' title="bbox 212 4192 756 4242; baseline -0.004 -1"><span class='ocrx_word' id='word_1_319' title='bbox 212 4192 351 4241; x_wconf 76' lang='lat' dir='ltr'><strong>sidiis</strong></span> <span class='ocrx_word' id='word_1_320' title='bbox 374 4193 557 4242; x_wconf 86' lang='lat' dir='ltr'><strong>muniri</strong></span> <span class='ocrx_word' id='word_1_321' title='bbox 582 4208 637 4241; x_wconf 84' lang='lat' dir='ltr'><strong>so</strong></span> <span class='ocrx_word' id='word_1_322' title='bbox 656 4201 756 4239; x_wconf 88' lang='lat' dir='ltr'><strong>ent.</strong></span> 
     </span>
    </p>

    <p class='ocr_par' dir='ltr' id='par_1_9' title="bbox 210 4254 1347 4512">
     <span class='ocr_line' id='line_1_52' title="bbox 278 4254 1342 4319; baseline -0.004 -12"><span class='ocrx_word' id='word_1_323' title='bbox 278 4256 553 4308; x_wconf 76' lang='lat'><strong>173-176.</strong></span> <span class='ocrx_word' id='word_1_324' title='bbox 578 4256 833 4319; x_wconf 78' lang='lat' dir='ltr'><strong>Tanquam</strong></span> <span class='ocrx_word' id='word_1_325' title='bbox 848 4256 989 4304; x_wconf 86' lang='lat' dir='ltr'><strong>deam</strong></span> <span class='ocrx_word' id='word_1_326' title='bbox 1006 4254 1221 4319; x_wconf 84' lang='lat' dir='ltr'><strong>appellat</strong></span> <span class='ocrx_word' id='word_1_327' title='bbox 1243 4255 1342 4303; x_wconf 87' lang='lat' dir='ltr'><strong>lta-</strong></span> 
     </span>
     <span class='ocr_line' id='line_1_53' title="bbox 210 4319 1342 4382; baseline -0.002 -13"><span class='ocrx_word' id='word_1_328' title='bbox 210 4322 340 4371; x_wconf 82' lang='lat' dir='ltr'><strong>liam.</strong></span> <span class='ocrx_word' id='word_1_329' title='bbox 382 4324 504 4380; x_wconf 79' lang='lat' dir='ltr'><strong>Tibi,</strong></span> <span class='ocrx_word' id='word_1_330' title='bbox 526 4321 579 4370; x_wconf 89' lang='lat' dir='ltr'><strong>in</strong></span> <span class='ocrx_word' id='word_1_331' title='bbox 598 4330 739 4370; x_wconf 89' lang='lat' dir='ltr'><strong>tuum</strong></span> <span class='ocrx_word' id='word_1_332' title='bbox 755 4321 1007 4377; x_wconf 84' lang='lat' dir='ltr'><strong>honorem,</strong></span> <span class='ocrx_word' id='word_1_333' title='bbox 1032 4328 1116 4369; x_wconf 85' lang='lat' dir='ltr'><strong>aut</strong></span> <span class='ocrx_word' id='word_1_334' title='bbox 1138 4319 1211 4369; x_wconf 90' lang='lat' dir='ltr'><strong>tui</strong></span> <span class='ocrx_word' id='word_1_335' title='bbox 1232 4335 1342 4382; x_wconf 80' lang='lat' dir='ltr'><strong>gra-</strong></span> 
     </span>
     <span class='ocr_line' id='line_1_54' title="bbox 212 4382 1345 4449; baseline -0.001 -15"><span class='ocrx_word' id='word_1_336' title='bbox 212 4386 291 4435; x_wconf 81' lang='lat' dir='ltr'><strong>tia.</strong></span> <span class='ocrx_word' id='word_1_337' title='bbox 352 4388 613 4449; x_wconf 73' lang='lat' dir='ltr'><strong>Ingrediar,</strong></span> <span class='ocrx_word' id='word_1_338' title='bbox 636 4384 909 4448; x_wconf 76' lang='lat' dir='ltr'><strong>aggredior,</strong></span> <span class='ocrx_word' id='word_1_339' title='bbox 934 4384 1097 4432; x_wconf 86' lang='lat' dir='ltr'><strong>dicere</strong></span> <span class='ocrx_word' id='word_1_340' title='bbox 1125 4382 1345 4441; x_wconf 86' lang='lat' dir='ltr'><strong>instituo,</strong></span> 
     </span>
     <span class='ocr_line' id='line_1_55' title="bbox 213 4447 1347 4512; baseline 0 -15"><span class='ocrx_word' id='word_1_341' title='bbox 213 4467 282 4497; x_wconf 71' lang='lat' dir='ltr'><strong>res</strong></span> <span class='ocrx_word' id='word_1_342' title='bbox 314 4455 519 4512; x_wconf 72' lang='lat' dir='ltr'><strong>antique</strong></span> <span class='ocrx_word' id='word_1_343' title='bbox 552 4452 708 4499; x_wconf 73' lang='lat' dir='ltr'><strong>laudis</strong></span> <span class='ocrx_word' id='word_1_344' title='bbox 739 4456 787 4498; x_wconf 83' lang='lat' dir='ltr'><strong>et</strong></span> <span class='ocrx_word' id='word_1_345' title='bbox 818 4452 952 4508; x_wconf 75' lang='lat' dir='ltr'><strong>artis,</strong></span> <span class='ocrx_word' id='word_1_346' title='bbox 974 4464 1081 4499; x_wconf 86' lang='lat' dir='ltr'><strong>rem</strong></span> <span class='ocrx_word' id='word_1_347' title='bbox 1116 4447 1347 4498; x_wconf 77' lang='lat' dir='ltr'><strong>rusticam</strong></span> 
     </span>
    </p>
   </div>
   <div class='ocr_carea' id='block_1_5' title="bbox 1406 1804 2543 4507">
    <p class='ocr_par' dir='ltr' id='par_1_10' title="bbox 1407 1804 2542 2448">
     <span class='ocr_line' id='line_1_56' title="bbox 1410 1804 2542 1870; baseline 0 -15"><span class='ocrx_word' id='word_1_348' title='bbox 1410 1806 1542 1870; x_wconf 84' lang='lat' dir='ltr'><strong>apud</strong></span> <span class='ocrx_word' id='word_1_349' title='bbox 1565 1808 1773 1868; x_wconf 83' lang='lat' dir='ltr'><strong>majores</strong></span> <span class='ocrx_word' id='word_1_350' title='bbox 1793 1804 1844 1853; x_wconf 89' lang='lat' dir='ltr'><strong>in</strong></span> <span class='ocrx_word' id='word_1_351' title='bbox 1865 1804 2048 1853; x_wconf 89' lang='lat' dir='ltr'><strong>honore</strong></span> <span class='ocrx_word' id='word_1_352' title='bbox 2069 1804 2299 1854; x_wconf 86' lang='lat' dir='ltr'><strong>habitam.</strong></span> <span class='ocrx_word' id='word_1_353' title='bbox 2352 1807 2542 1855; x_wconf 77' lang='lat' dir='ltr'><strong>Sanctae</strong></span> 
     </span>
     <span class='ocr_line' id='line_1_57' title="bbox 1410 1868 2541 1933; baseline 0 -14"><span class='ocrx_word' id='word_1_354' title='bbox 1410 1888 1552 1919; x_wconf 72' lang='lat' dir='ltr'><strong>ausus</strong></span> <span class='ocrx_word' id='word_1_355' title='bbox 1584 1872 1816 1919; x_wconf 79' lang='lat' dir='ltr'><strong>recludere</strong></span> <span class='ocrx_word' id='word_1_356' title='bbox 1837 1868 2009 1932; x_wconf 72' lang='lat' dir='ltr'><strong>fontes,</strong></span> <span class='ocrx_word' id='word_1_357' title='bbox 2043 1870 2158 1932; x_wconf 81' lang='lat' dir='ltr'><strong>quia</strong></span> <span class='ocrx_word' id='word_1_358' title='bbox 2188 1870 2377 1933; x_wconf 87' lang='lat' dir='ltr'><strong>primus</strong></span> <span class='ocrx_word' id='word_1_359' title='bbox 2409 1870 2541 1920; x_wconf 81' lang='lat' dir='ltr'><strong>inter</strong></span> 
     </span>
     <span class='ocr_line' id='line_1_58' title="bbox 1412 1934 2536 1997; baseline -0.001 -13"><span class='ocrx_word' id='word_1_360' title='bbox 1412 1936 1664 1984; x_wconf 83' lang='lat' dir='ltr'><strong>Romanos</strong></span> <span class='ocrx_word' id='word_1_361' title='bbox 1681 1935 1774 1983; x_wconf 86' lang='lat' dir='ltr'><strong>hoc</strong></span> <span class='ocrx_word' id='word_1_362' title='bbox 1797 1943 2140 1997; x_wconf 79' lang='lat' dir='ltr'><strong>argumentum</strong></span> <span class='ocrx_word' id='word_1_363' title='bbox 2162 1934 2385 1983; x_wconf 84' lang='lat' dir='ltr'><strong>versibus</strong></span> <span class='ocrx_word' id='word_1_364' title='bbox 2408 1942 2536 1983; x_wconf 82' lang='lat' dir='ltr'><strong>trac-</strong></span> 
     </span>
     <span class='ocr_line' id='line_1_59' title="bbox 1412 1998 2538 2062; baseline -0.002 -13"><span class='ocrx_word' id='word_1_365' title='bbox 1412 2009 1510 2049; x_wconf 86' lang='lat' dir='ltr'><strong>tat:</strong></span> <span class='ocrx_word' id='word_1_366' title='bbox 1569 2008 1762 2057; x_wconf 72' lang='lat' dir='ltr'><strong>sanctos,</strong></span> <span class='ocrx_word' id='word_1_367' title='bbox 1798 2015 1920 2062; x_wconf 83' lang='lat' dir='ltr'><strong>quos</strong></span> <span class='ocrx_word' id='word_1_368' title='bbox 1964 1998 2196 2047; x_wconf 80' lang='lat' dir='ltr'><strong>accedere</strong></span> <span class='ocrx_word' id='word_1_369' title='bbox 2241 1999 2538 2057; x_wconf 73' lang='lat' dir='ltr'><strong>metuebant,</strong></span> 
     </span>
     <span class='ocr_line' id='line_1_60' title="bbox 1412 2062 2538 2128; baseline -0.002 -15"><span class='ocrx_word' id='word_1_370' title='bbox 1412 2064 1692 2115; x_wconf 82' lang='lat' dir='ltr'><strong>reverentia</strong></span> <span class='ocrx_word' id='word_1_371' title='bbox 1712 2064 1851 2128; x_wconf 80' lang='lat' dir='ltr'><strong>quasi</strong></span> <span class='ocrx_word' id='word_1_372' title='bbox 1881 2062 2098 2112; x_wconf 85' lang='lat' dir='ltr'><strong>numinis</strong></span> <span class='ocrx_word' id='word_1_373' title='bbox 2123 2062 2356 2125; x_wconf 83' lang='lat' dir='ltr'><strong>alicujus;</strong></span> <span class='ocrx_word' id='word_1_374' title='bbox 2391 2062 2538 2111; x_wconf 87' lang='lat' dir='ltr'><strong>adeo-</strong></span> 
     </span>
     <span class='ocr_line' id='line_1_61' title="bbox 1413 2126 2542 2193; baseline -0.002 -15"><span class='ocrx_word' id='word_1_375' title='bbox 1413 2144 1507 2192; x_wconf 88' lang='lat' dir='ltr'><strong>que</strong></span> <span class='ocrx_word' id='word_1_376' title='bbox 1531 2144 1697 2177; x_wconf 85' lang='lat' dir='ltr'><strong>novos.</strong></span> <span class='ocrx_word' id='word_1_377' title='bbox 1755 2132 1991 2177; x_wconf 73' lang='lat' dir='ltr'><strong>Ascroeum</strong></span> <span class='ocrx_word' id='word_1_378' title='bbox 2013 2144 2193 2176; x_wconf 80' lang='lat' dir='ltr'><strong>carmen</strong></span> <span class='ocrx_word' id='word_1_379' title='bbox 2215 2126 2416 2175; x_wconf 88' lang='lat' dir='ltr'><strong>omnino</strong></span> <span class='ocrx_word' id='word_1_380' title='bbox 2449 2143 2542 2193; x_wconf 88' lang='lat' dir='ltr'><strong>pro</strong></span> 
     </span>
     <span class='ocr_line' id='line_1_62' title="bbox 1412 2192 2536 2260; baseline -0.001 -19"><span class='ocrx_word' id='word_1_381' title='bbox 1412 2193 1652 2260; x_wconf 80' lang='lat' dir='ltr'><strong>georgico,</strong></span> <span class='ocrx_word' id='word_1_382' title='bbox 1679 2192 1794 2256; x_wconf 88' lang='lat' dir='ltr'><strong>quia</strong></span> <span class='ocrx_word' id='word_1_383' title='bbox 1819 2192 2084 2251; x_wconf 86' lang='lat' dir='ltr'><strong>Hesiodus,</strong></span> <span class='ocrx_word' id='word_1_384' title='bbox 2109 2208 2174 2240; x_wconf 84' lang='lat' dir='ltr'><strong>ex</strong></span> <span class='ocrx_word' id='word_1_385' title='bbox 2194 2193 2364 2251; x_wconf 83' lang='lat' dir='ltr'><strong>Ascra,</strong></span> <span class='ocrx_word' id='word_1_386' title='bbox 2393 2192 2536 2240; x_wconf 80' lang='lat' dir='ltr'><strong>Boeo-</strong></span> 
     </span>
     <span class='ocr_line' id='line_1_63' title="bbox 1415 2256 2539 2321; baseline -0.001 -15"><span class='ocrx_word' id='word_1_387' title='bbox 1415 2258 1496 2306; x_wconf 79' lang='lat' dir='ltr'><strong>tiae</strong></span> <span class='ocrx_word' id='word_1_388' title='bbox 1514 2258 1637 2316; x_wconf 81' lang='lat' dir='ltr'><strong>vico,</strong></span> <span class='ocrx_word' id='word_1_389' title='bbox 1659 2257 1908 2315; x_wconf 87' lang='lat' dir='ltr'><strong>oriundus,</strong></span> <span class='ocrx_word' id='word_1_390' title='bbox 1933 2272 2056 2321; x_wconf 87' lang='lat' dir='ltr'><strong>opus</strong></span> <span class='ocrx_word' id='word_1_391' title='bbox 2087 2256 2148 2304; x_wconf 89' lang='lat' dir='ltr'><strong>de</strong></span> <span class='ocrx_word' id='word_1_392' title='bbox 2178 2272 2207 2303; x_wconf 92' lang='lat' dir='ltr'><strong>o</strong></span> <span class='ocrx_word' id='word_1_393' title='bbox 2243 2271 2326 2304; x_wconf 89' lang='lat' dir='ltr'><strong>ere</strong></span> <span class='ocrx_word' id='word_1_394' title='bbox 2354 2256 2539 2305; x_wconf 86' lang='lat' dir='ltr'><strong>rustico</strong></span> 
     </span>
     <span class='ocr_line' id='line_1_64' title="bbox 1407 2320 2537 2384; baseline -0.002 -13"><span class='ocrx_word' id='word_1_395' title='bbox 1407 2322 1652 2371; x_wconf 84' lang='lat' dir='ltr'><strong>condidit:</strong></span> <span class='ocrx_word' id='word_1_396' title='bbox 1689 2338 1789 2370; x_wconf 87' lang='lat' dir='ltr'><strong>non</strong></span> <span class='ocrx_word' id='word_1_397' title='bbox 1822 2336 1954 2377; x_wconf 82' lang='lat' dir='ltr'><strong>vero,</strong></span> <span class='ocrx_word' id='word_1_398' title='bbox 1989 2320 2117 2383; x_wconf 87' lang='lat' dir='ltr'><strong>quod</strong></span> <span class='ocrx_word' id='word_1_399' title='bbox 2259 2336 2290 2367; x_wconf 91' lang='lat' dir='ltr'><strong>o</strong></span> <span class='ocrx_word' id='word_1_400' title='bbox 2322 2330 2537 2384; x_wconf 88' lang='lat' dir='ltr'><strong>putatur,</strong></span> 
     </span>
     <span class='ocr_line' id='line_1_65' title="bbox 1408 2386 2504 2448; baseline -0.002 -13"><span class='ocrx_word' id='word_1_401' title='bbox 1408 2402 1472 2435; x_wconf 83' lang='lat' dir='ltr'><strong>ex</strong></span> <span class='ocrx_word' id='word_1_402' title='bbox 1490 2387 1712 2435; x_wconf 86' lang='lat' dir='ltr'><strong>Hesiodo</strong></span> <span class='ocrx_word' id='word_1_403' title='bbox 1734 2386 2074 2433; x_wconf 87' lang='lat' dir='ltr'><strong>adumbratum</strong></span> <span class='ocrx_word' id='word_1_404' title='bbox 2095 2394 2182 2433; x_wconf 87' lang='lat' dir='ltr'><strong>aut</strong></span> <span class='ocrx_word' id='word_1_405' title='bbox 2203 2400 2504 2448; x_wconf 83' lang='lat' dir='ltr'><strong>expressum.</strong></span> 
     </span>
    </p>

    <p class='ocr_par' dir='ltr' id='par_1_11' title="bbox 1406 2448 2540 3401">
     <span class='ocr_line' id='line_1_66' title="bbox 1477 2448 2536 2508; baseline -0.002 -9"><span class='ocrx_word' id='word_1_406' title='bbox 1477 2450 1585 2508; x_wconf 91' lang='grc'><strong>177,</strong></span> <span class='ocrx_word' id='word_1_407' title='bbox 1615 2449 1719 2501; x_wconf 88' lang='grc'><strong>178.</strong></span> <span class='ocrx_word' id='word_1_408' title='bbox 1757 2451 1904 2497; x_wconf 89' lang='lat' dir='ltr'><strong>Nunc</strong></span> <span class='ocrx_word' id='word_1_409' title='bbox 1929 2448 2092 2497; x_wconf 84' lang='lat' dir='ltr'><strong>locum</strong></span> <span class='ocrx_word' id='word_1_410' title='bbox 2124 2448 2186 2496; x_wconf 90' lang='lat' dir='ltr'><strong>de</strong></span> <span class='ocrx_word' id='word_1_411' title='bbox 2210 2448 2344 2496; x_wconf 84' lang='lat' dir='ltr'><strong>varia</strong></span> <span class='ocrx_word' id='word_1_412' title='bbox 2371 2464 2428 2496; x_wconf 86' lang='lat' dir='ltr'><strong>ac</strong></span> <span class='ocrx_word' id='word_1_413' title='bbox 2461 2449 2536 2497; x_wconf 85' lang='lat' dir='ltr'><strong>di-</strong></span> 
     </span>
     <span class='ocr_line' id='line_1_67' title="bbox 1409 2512 2540 2576; baseline -0.003 -13"><span class='ocrx_word' id='word_1_414' title='bbox 1409 2530 1552 2563; x_wconf 83' lang='lat' dir='ltr'><strong>versa</strong></span> <span class='ocrx_word' id='word_1_415' title='bbox 1572 2513 1663 2562; x_wconf 83' lang='lat' dir='ltr'><strong>soli</strong></span> <span class='ocrx_word' id='word_1_416' title='bbox 1687 2524 1738 2562; x_wconf 86' lang='lat' dir='ltr'><strong>et</strong></span> <span class='ocrx_word' id='word_1_417' title='bbox 1755 2528 1983 2576; x_wconf 81' lang='lat' dir='ltr'><strong>agrorum</strong></span> <span class='ocrx_word' id='word_1_418' title='bbox 2010 2512 2173 2560; x_wconf 87' lang='lat' dir='ltr'><strong>indole</strong></span> <span class='ocrx_word' id='word_1_419' title='bbox 2201 2521 2251 2559; x_wconf 90' lang='lat' dir='ltr'><strong>et</strong></span> <span class='ocrx_word' id='word_1_420' title='bbox 2275 2520 2464 2569; x_wconf 86' lang='lat' dir='ltr'><strong>natura,</strong></span> <span class='ocrx_word' id='word_1_421' title='bbox 2489 2522 2540 2561; x_wconf 92' lang='lat' dir='ltr'><strong>et</strong></span> 
     </span>
     <span class='ocr_line' id='line_1_68' title="bbox 1409 2575 2537 2637; baseline -0.001 -11"><span class='ocrx_word' id='word_1_422' title='bbox 1409 2595 1440 2627; x_wconf 89' lang='lat' dir='ltr'><strong>a</strong></span> <span class='ocrx_word' id='word_1_423' title='bbox 1462 2595 1505 2627; x_wconf 83' lang='lat' dir='ltr'><strong>v.</strong></span> <span class='ocrx_word' id='word_1_424' title='bbox 1533 2579 1791 2626; x_wconf 82' lang='lat'><strong>226—258</strong></span> <span class='ocrx_word' id='word_1_425' title='bbox 1815 2578 1876 2625; x_wconf 88' lang='lat' dir='ltr'><strong>de</strong></span> <span class='ocrx_word' id='word_1_426' title='bbox 1897 2576 2028 2625; x_wconf 88' lang='lat' dir='ltr'><strong>notis</strong></span> <span class='ocrx_word' id='word_1_427' title='bbox 2053 2593 2110 2625; x_wconf 84' lang='lat' dir='ltr'><strong>ac</strong></span> <span class='ocrx_word' id='word_1_428' title='bbox 2141 2575 2352 2623; x_wconf 87' lang='lat' dir='ltr'><strong>criteriis</strong></span> <span class='ocrx_word' id='word_1_429' title='bbox 2375 2577 2537 2637; x_wconf 84' lang='lat' dir='ltr'><strong>cujus-</strong></span> 
     </span>
     <span class='ocr_line' id='line_1_69' title="bbox 1410 2639 2536 2706; baseline -0.004 -15"><span class='ocrx_word' id='word_1_430' title='bbox 1410 2659 1602 2706; x_wconf 89' lang='lat' dir='ltr'><strong>cunque</strong></span> <span class='ocrx_word' id='word_1_431' title='bbox 1634 2642 1726 2691; x_wconf 82' lang='lat' dir='ltr'><strong>soli</strong></span> <span class='ocrx_word' id='word_1_432' title='bbox 1761 2652 1962 2699; x_wconf 59' lang='grc' dir='ltr'><strong>ἱππείαις</strong></span> <span class='ocrx_word' id='word_1_433' title='bbox 1999 2651 2049 2690; x_wconf 91' lang='lat' dir='ltr'><strong>et</strong></span> <span class='ocrx_word' id='word_1_434' title='bbox 2075 2640 2270 2703; x_wconf 85' lang='lat' dir='ltr'><strong>quidem</strong></span> <span class='ocrx_word' id='word_1_435' title='bbox 2292 2639 2536 2699; x_wconf 83' lang='lat' dir='ltr'><strong>universe,</strong></span> 
     </span>
     <span class='ocr_line' id='line_1_70' title="bbox 1408 2703 2539 2769; baseline -0.004 -13"><span class='ocrx_word' id='word_1_436' title='bbox 1408 2716 1466 2756; x_wconf 88' lang='lat' dir='ltr'><strong>ut</strong></span> <span class='ocrx_word' id='word_1_437' title='bbox 1486 2723 1587 2756; x_wconf 90' lang='lat' dir='ltr'><strong>non</strong></span> <span class='ocrx_word' id='word_1_438' title='bbox 1609 2707 1752 2755; x_wconf 87' lang='lat' dir='ltr'><strong>modo</strong></span> <span class='ocrx_word' id='word_1_439' title='bbox 1774 2708 2002 2756; x_wconf 89' lang='lat' dir='ltr'><strong>arborum</strong></span> <span class='ocrx_word' id='word_1_440' title='bbox 2023 2705 2262 2755; x_wconf 84' lang='lat' dir='ltr'><strong>culturam</strong></span> <span class='ocrx_word' id='word_1_441' title='bbox 2294 2703 2539 2769; x_wconf 80' lang='lat' dir='ltr'><strong>respiciat,</strong></span> 
     </span>
     <span class='ocr_line' id='line_1_71' title="bbox 1409 2772 2538 2834; baseline -0.004 -14"><span class='ocrx_word' id='word_1_442' title='bbox 1409 2772 1497 2820; x_wconf 82' lang='lat' dir='ltr'><strong>sed</strong></span> <span class='ocrx_word' id='word_1_443' title='bbox 1522 2784 1574 2819; x_wconf 91' lang='lat' dir='ltr'><strong>et</strong></span> <span class='ocrx_word' id='word_1_444' title='bbox 1594 2772 1949 2821; x_wconf 81' lang='lat' dir='ltr'><strong>frumentorum</strong></span> <span class='ocrx_word' id='word_1_445' title='bbox 1971 2787 2028 2819; x_wconf 87' lang='lat' dir='ltr'><strong>ac</strong></span> <span class='ocrx_word' id='word_1_446' title='bbox 2049 2784 2340 2834; x_wconf 88' lang='lat' dir='ltr'><strong>pascuorum</strong></span> <span class='ocrx_word' id='word_1_447' title='bbox 2369 2784 2538 2818; x_wconf 89' lang='lat' dir='ltr'><strong>curam</strong></span> 
     </span>
     <span class='ocr_line' id='line_1_72' title="bbox 1409 2834 2533 2899; baseline -0.002 -14"><span class='ocrx_word' id='word_1_448' title='bbox 1409 2837 1598 2885; x_wconf 82' lang='lat' dir='ltr'><strong>habeat.</strong></span> <span class='ocrx_word' id='word_1_449' title='bbox 1656 2837 1702 2884; x_wconf 93' lang='lat' dir='ltr'>N</span> <span class='ocrx_word' id='word_1_450' title='bbox 1708 2852 1805 2884; x_wconf 89' lang='lat' dir='ltr'><strong>unc</strong></span> <span class='ocrx_word' id='word_1_451' title='bbox 1825 2836 1976 2895; x_wconf 84' lang='lat' dir='ltr'><strong>locus,</strong></span> <span class='ocrx_word' id='word_1_452' title='bbox 2000 2834 2173 2899; x_wconf 88' lang='lat' dir='ltr'><strong>inquit,</strong></span> <span class='ocrx_word' id='word_1_453' title='bbox 2198 2842 2272 2882; x_wconf 82' lang='lat' dir='ltr'><strong>est</strong></span> <span class='ocrx_word' id='word_1_454' title='bbox 2299 2845 2533 2898; x_wconf 87' lang='lat' dir='ltr'><strong>opportu-</strong></span> 
     </span>
     <span class='ocr_line' id='line_1_73' title="bbox 1408 2898 2534 2965; baseline -0.001 -16"><span class='ocrx_word' id='word_1_455' title='bbox 1408 2916 1502 2949; x_wconf 85' lang='lat' dir='ltr'><strong>nus</strong></span> <span class='ocrx_word' id='word_1_456' title='bbox 1524 2916 1582 2949; x_wconf 86' lang='lat' dir='ltr'><strong>ac</strong></span> <span class='ocrx_word' id='word_1_457' title='bbox 1605 2900 1832 2965; x_wconf 84' lang='lat' dir='ltr'><strong>proprius</strong></span> <span class='ocrx_word' id='word_1_458' title='bbox 1853 2900 2087 2949; x_wconf 66' lang='lat' dir='ltr'><strong>doctrinae</strong></span> <span class='ocrx_word' id='word_1_459' title='bbox 2115 2898 2176 2947; x_wconf 91' lang='lat' dir='ltr'><strong>de</strong></span> <span class='ocrx_word' id='word_1_460' title='bbox 2204 2913 2430 2947; x_wconf 83' lang='lat' dir='ltr'><strong>arvorum</strong></span> <span class='ocrx_word' id='word_1_461' title='bbox 2456 2898 2534 2948; x_wconf 85' lang='lat' dir='ltr'><strong>in-</strong></span> 
     </span>
     <span class='ocr_line' id='line_1_74' title="bbox 1406 2962 2532 3037; baseline -0.002 -24"><span class='ocrx_word' id='word_1_462' title='bbox 1406 2965 1567 3029; x_wconf 78' lang='lat' dir='ltr'><strong>geniis</strong></span> <span class='ocrx_word' id='word_1_463' title='bbox 1592 2965 1851 3023; x_wconf 81' lang='lat' dir='ltr'><strong>tradendae,</strong></span> <span class='ocrx_word' id='word_1_464' title='bbox 1882 2982 1982 3027; x_wconf 77' lang='lat' dir='ltr'><strong>quae</strong></span> <span class='ocrx_word' id='word_1_465' title='bbox 2005 2966 2180 3021; x_wconf 79' lang='lat' dir='ltr'><strong>robora,</strong></span> <span class='ocrx_word' id='word_1_466' title='bbox 2204 2962 2252 3010; x_wconf 89' lang='lat' dir='ltr'><strong>h.</strong></span> <span class='ocrx_word' id='word_1_467' title='bbox 2278 2978 2386 3037; x_wconf 80' lang='lat' dir='ltr'><strong>quae</strong></span> <span class='ocrx_word' id='word_1_468' title='bbox 2408 2978 2532 3025; x_wconf 79' lang='lat' dir='ltr'><strong>proe-</strong></span> 
     </span>
     <span class='ocr_line' id='line_1_75' title="bbox 1406 3025 2538 3094; baseline -0.003 -16"><span class='ocrx_word' id='word_1_469' title='bbox 1406 3029 1554 3094; x_wconf 87' lang='lat' dir='ltr'><strong>cipua</strong></span> <span class='ocrx_word' id='word_1_470' title='bbox 1574 3028 1649 3077; x_wconf 82' lang='lat' dir='ltr'><strong>vis</strong></span> <span class='ocrx_word' id='word_1_471' title='bbox 1685 3046 1740 3078; x_wconf 87' lang='lat' dir='ltr'><strong>ac</strong></span> <span class='ocrx_word' id='word_1_472' title='bbox 1763 3030 1919 3077; x_wconf 79' lang='lat' dir='ltr'><strong>virtus</strong></span> <span class='ocrx_word' id='word_1_473' title='bbox 1952 3030 2188 3091; x_wconf 86' lang='lat' dir='ltr'><strong>cujusque</strong></span> <span class='ocrx_word' id='word_1_474' title='bbox 2219 3025 2313 3075; x_wconf 83' lang='lat' dir='ltr'><strong>soh</strong></span> <span class='ocrx_word' id='word_1_475' title='bbox 2337 3026 2416 3083; x_wconf 89' lang='lat' dir='ltr'><strong>sit,</strong></span> <span class='ocrx_word' id='word_1_476' title='bbox 2441 3042 2538 3089; x_wconf 82' lang='lat' dir='ltr'><strong>qua</strong></span> 
     </span>
     <span class='ocr_line' id='line_1_76' title="bbox 1408 3090 2536 3159; baseline -0.004 -16"><span class='ocrx_word' id='word_1_477' title='bbox 1408 3094 1718 3159; x_wconf 85' lang='lat' dir='ltr'><strong>potissimum</strong></span> <span class='ocrx_word' id='word_1_478' title='bbox 1763 3093 1894 3143; x_wconf 82' lang='lat' dir='ltr'><strong>valet</strong></span> <span class='ocrx_word' id='word_1_479' title='bbox 1939 3092 2216 3157; x_wconf 81' lang='lat' dir='ltr'><strong>(Claudian.</strong></span> <span class='ocrx_word' id='word_1_480' title='bbox 2262 3090 2381 3149; x_wconf 82' lang='lat' dir='ltr'><strong>xvii,</strong></span> <span class='ocrx_word' id='word_1_481' title='bbox 2427 3091 2536 3150; x_wconf 88' lang='grc'><strong>178,</strong></span> 
     </span>
     <span class='ocr_line' id='line_1_77' title="bbox 1408 3155 2533 3219; baseline -0.003 -11"><span class='ocrx_word' id='word_1_482' title='bbox 1408 3162 1556 3208; x_wconf 73' lang='lat' dir='ltr'><strong>Nosse</strong></span> <span class='ocrx_word' id='word_1_483' title='bbox 1574 3162 1659 3208; x_wconf 69' lang='lat' dir='ltr'><strong>soli</strong></span> <span class='ocrx_word' id='word_1_484' title='bbox 1679 3158 1857 3219; x_wconf 74' lang='lat' dir='ltr'><strong>vires),·</strong></span> <span class='ocrx_word' id='word_1_485' title='bbox 1953 3161 1993 3206; x_wconf 70' lang='lat' dir='ltr'><strong>is</strong></span> <span class='ocrx_word' id='word_1_486' title='bbox 2019 3160 2152 3216; x_wconf 80' lang='lat' dir='ltr'><strong>color,</strong></span> <span class='ocrx_word' id='word_1_487' title='bbox 2176 3156 2318 3219; x_wconf 86' lang='lat' dir='ltr'><strong>quale</strong></span> <span class='ocrx_word' id='word_1_488' title='bbox 2352 3171 2416 3204; x_wconf 87' lang='lat' dir='ltr'><strong>ex</strong></span> <span class='ocrx_word' id='word_1_489' title='bbox 2447 3155 2533 3205; x_wconf 87' lang='lat' dir='ltr'><strong>ad-</strong></span> 
     </span>
     <span class='ocr_line' id='line_1_78' title="bbox 1407 3221 2536 3287; baseline -0.003 -15"><span class='ocrx_word' id='word_1_490' title='bbox 1407 3234 1582 3287; x_wconf 84' lang='lat' dir='ltr'><strong>spectu</strong></span> <span class='ocrx_word' id='word_1_491' title='bbox 1608 3223 1850 3285; x_wconf 88' lang='lat' dir='ltr'><strong>judicium</strong></span> <span class='ocrx_word' id='word_1_492' title='bbox 1921 3221 1992 3271; x_wconf 89' lang='lat' dir='ltr'><strong>eri</strong></span> <span class='ocrx_word' id='word_1_493' title='bbox 2015 3221 2183 3286; x_wconf 83' lang='lat' dir='ltr'><strong>possit,</strong></span> <span class='ocrx_word' id='word_1_494' title='bbox 2209 3231 2258 3269; x_wconf 89' lang='lat' dir='ltr'><strong>et</strong></span> <span class='ocrx_word' id='word_1_495' title='bbox 2279 3236 2424 3284; x_wconf 90' lang='lat' dir='ltr'><strong>quam</strong></span> <span class='ocrx_word' id='word_1_496' title='bbox 2448 3236 2536 3269; x_wconf 83' lang='lat' dir='ltr'><strong>na-</strong></span> 
     </span>
     <span class='ocr_line' id='line_1_79' title="bbox 1406 3285 2539 3401; baseline -0.003 -64"><span class='ocrx_word' id='word_1_497' title='bbox 1406 3296 1571 3401; x_wconf 48' lang='lat' dir='ltr'><strong>Euram</strong></span> <span class='ocrx_word' id='word_1_498' title='bbox 1601 3304 1691 3337; x_wconf 84' lang='lat' dir='ltr'><strong>seu</strong></span> <span class='ocrx_word' id='word_1_499' title='bbox 1707 3286 1980 3336; x_wconf 82' lang='lat' dir='ltr'><strong>naturalem</strong></span> <span class='ocrx_word' id='word_1_500' title='bbox 2004 3286 2102 3335; x_wconf 87' lang='lat' dir='ltr'><strong>vim</strong></span> <span class='ocrx_word' id='word_1_501' title='bbox 2125 3285 2187 3335; x_wconf 87' lang='lat' dir='ltr'><strong>ad</strong></span> <span class='ocrx_word' id='word_1_502' title='bbox 2209 3302 2288 3335; x_wconf 86' lang='lat' dir='ltr'><strong>res</strong></span> <span class='ocrx_word' id='word_1_503' title='bbox 2313 3285 2539 3335; x_wconf 81' lang='lat' dir='ltr'><strong>ferendas</strong></span> 
     </span>
    </p>

    <p class='ocr_par' dir='ltr' id='par_1_12' title="bbox 1442 3353 1598 3401">
     <span class='ocr_line' id='line_1_80' title="bbox 1442 3353 1598 3401; baseline -0.013 0"><span class='ocrx_word' id='word_1_504' title='bbox 1442 3353 1598 3401; x_wconf 86' lang='lat' dir='ltr'><strong>abeat.</strong></span> 
     </span>
    </p>

    <p class='ocr_par' dir='ltr' id='par_1_13' title="bbox 1407 3416 2543 4446">
     <span class='ocr_line' id='line_1_81' title="bbox 1475 3416 1930 3469; baseline -0.002 -4"><span class='ocrx_word' id='word_1_505' title='bbox 1475 3418 1744 3469; x_wconf 85' lang='grc'><strong>179-181,</strong></span> <span class='ocrx_word' id='word_1_506' title='bbox 1764 3416 1930 3465; x_wconf 84' lang='lat' dir='ltr'><strong>Solum</strong></span> 
     </span>
     <span class='ocr_line' id='line_1_82' title="bbox 1407 3481 2540 3539; baseline -0.004 -8"><span class='ocrx_word' id='word_1_507' title='bbox 1407 3498 1516 3531; x_wconf 86' lang='lat' dir='ltr'><strong>sum</strong></span> <span class='ocrx_word' id='word_1_508' title='bbox 1531 3482 1601 3531; x_wconf 88' lang='lat' dir='ltr'><strong>ait</strong></span> <span class='ocrx_word' id='word_1_509' title='bbox 1614 3498 1721 3531; x_wconf 84' lang='lat' dir='ltr'><strong>esse</strong></span> <span class='ocrx_word' id='word_1_510' title='bbox 1733 3481 1963 3530; x_wconf 85' lang='lat' dir='ltr'><strong>idoneum</strong></span> <span class='ocrx_word' id='word_1_511' title='bbox 1979 3497 2008 3528; x_wconf 94' lang='lat' dir='ltr'><strong>o</strong></span> <span class='ocrx_word' id='word_1_512' title='bbox 2029 3481 2112 3529; x_wconf 85' lang='lat' dir='ltr'><strong>eis.</strong></span> <span class='ocrx_word' id='word_1_513' title='bbox 2164 3483 2317 3528; x_wconf 83' lang='lat' dir='ltr'><strong>Terrae</strong></span> <span class='ocrx_word' id='word_1_514' title='bbox 2331 3482 2540 3539; x_wconf 67' lang='lat' dir='ltr'><strong>difficiles</strong></span> 
     </span>
     <span class='ocr_line' id='line_1_83' title="bbox 1407 3544 2542 3611; baseline -0.004 -17"><span class='ocrx_word' id='word_1_515' title='bbox 1407 3563 1582 3611; x_wconf 88' lang='lat' dir='ltr'><strong>parum</strong></span> <span class='ocrx_word' id='word_1_516' title='bbox 1616 3546 1816 3602; x_wconf 81' lang='lat' dir='ltr'><strong>feraces,</strong></span> <span class='ocrx_word' id='word_1_517' title='bbox 1851 3544 1988 3608; x_wconf 87' lang='lat' dir='ltr'><strong>quasi</strong></span> <span class='ocrx_word' id='word_1_518' title='bbox 2023 3560 2240 3601; x_wconf 83' lang='lat' dir='ltr'><strong>morosae,</strong></span> <span class='ocrx_word' id='word_1_519' title='bbox 2277 3558 2449 3606; x_wconf 81' lang='lat' dir='ltr'><strong>parcae,</strong></span> <span class='ocrx_word' id='word_1_520' title='bbox 2485 3551 2542 3589; x_wconf 89' lang='lat' dir='ltr'><strong>ut</strong></span> 
     </span>
     <span class='ocr_line' id='line_1_84' title="bbox 1409 3605 2539 3670; baseline -0.004 -12"><span class='ocrx_word' id='word_1_521' title='bbox 1409 3622 1582 3659; x_wconf 87' lang='lat' dir='ltr'><strong>contra</strong></span> <span class='ocrx_word' id='word_1_522' title='bbox 1589 3608 1776 3670; x_wconf 73' lang='lat' dir='ltr'><strong>faciles,</strong></span> <span class='ocrx_word' id='word_1_523' title='bbox 1791 3609 1988 3665; x_wconf 82' lang='lat' dir='ltr'><strong>fertiles,</strong></span> <span class='ocrx_word' id='word_1_524' title='bbox 2007 3606 2144 3669; x_wconf 85' lang='lat' dir='ltr'><strong>quasi</strong></span> <span class='ocrx_word' id='word_1_525' title='bbox 2166 3605 2405 3661; x_wconf 85' lang='lat' dir='ltr'><strong>liberales,</strong></span> <span class='ocrx_word' id='word_1_526' title='bbox 2431 3620 2539 3653; x_wconf 90' lang='lat' dir='ltr'><strong>mu-</strong></span> 
     </span>
     <span class='ocr_line' id='line_1_85' title="bbox 1410 3668 2534 3735; baseline -0.006 -12"><span class='ocrx_word' id='word_1_527' title='bbox 1410 3674 1585 3724; x_wconf 80' lang='lat' dir='ltr'><strong>nificae.</strong></span> <span class='ocrx_word' id='word_1_528' title='bbox 1664 3676 1868 3735; x_wconf 76' lang='lat' dir='ltr'><strong>Fragum</strong></span> <span class='ocrx_word' id='word_1_529' title='bbox 1900 3670 2067 3733; x_wconf 75' lang='lat' dir='ltr'><strong>facilis</strong></span> <span class='ocrx_word' id='word_1_530' title='bbox 2111 3678 2238 3717; x_wconf 77' lang='lat' dir='ltr'><strong>terra</strong></span> <span class='ocrx_word' id='word_1_531' title='bbox 2281 3668 2534 3717; x_wconf 87' lang='lat' dir='ltr'><strong>Claudian.</strong></span> 
     </span>
     <span class='ocr_line' id='line_1_86' title="bbox 1410 3734 2540 3801; baseline -0.005 -14"><span class='ocrx_word' id='word_1_532' title='bbox 1410 3737 1548 3797; x_wconf 80' lang='lat' dir='ltr'><strong>xxix,</strong></span> <span class='ocrx_word' id='word_1_533' title='bbox 1574 3738 1651 3785; x_wconf 84' lang='lat'><strong>54.</strong></span> <span class='ocrx_word' id='word_1_534' title='bbox 1709 3738 1740 3785; x_wconf 82' lang='lat' dir='ltr'>J</span> <span class='ocrx_word' id='word_1_535' title='bbox 1743 3744 1994 3801; x_wconf 80' lang='lat' dir='ltr'><strong>unguntur</strong></span> <span class='ocrx_word' id='word_1_536' title='bbox 2017 3734 2164 3783; x_wconf 86' lang='lat' dir='ltr'><strong>etiam</strong></span> <span class='ocrx_word' id='word_1_537' title='bbox 2186 3736 2320 3783; x_wconf 73' lang='lat' dir='ltr'><strong>colles</strong></span> <span class='ocrx_word' id='word_1_538' title='bbox 2345 3736 2540 3797; x_wconf 77' lang='lat' dir='ltr'><strong>maligni</strong></span> 
     </span>
     <span class='ocr_line' id='line_1_87' title="bbox 1413 3796 2540 3865; baseline -0.004 -13"><span class='ocrx_word' id='word_1_539' title='bbox 1413 3804 1586 3852; x_wconf 90' lang='lat' dir='ltr'><strong>eodem</strong></span> <span class='ocrx_word' id='word_1_540' title='bbox 1607 3818 1756 3851; x_wconf 82' lang='lat' dir='ltr'><strong>sensu</strong></span> <span class='ocrx_word' id='word_1_541' title='bbox 1775 3812 1826 3850; x_wconf 90' lang='lat' dir='ltr'><strong>et</strong></span> <span class='ocrx_word' id='word_1_542' title='bbox 1845 3808 2074 3865; x_wconf 84' lang='lat' dir='ltr'><strong>respectu</strong></span> <span class='ocrx_word' id='word_1_543' title='bbox 2105 3800 2166 3848; x_wconf 82' lang='lat' dir='ltr'><strong>ad</strong></span> <span class='ocrx_word' id='word_1_544' title='bbox 2199 3796 2540 3848; x_wconf 82' lang='lat' dir='ltr'><strong>liberalitatem</strong></span> 
     </span>
     <span class='ocr_line' id='line_1_88' title="bbox 1412 3865 2538 3928; baseline -0.005 -11"><span class='ocrx_word' id='word_1_545' title='bbox 1412 3868 1505 3917; x_wconf 85' lang='lat' dir='ltr'><strong>soli</strong></span> <span class='ocrx_word' id='word_1_546' title='bbox 1527 3884 1584 3916; x_wconf 87' lang='lat' dir='ltr'><strong>ac</strong></span> <span class='ocrx_word' id='word_1_547' title='bbox 1617 3865 1948 3915; x_wconf 80' lang='lat' dir='ltr'><strong>fertilitatem:</strong></span> <span class='ocrx_word' id='word_1_548' title='bbox 1985 3865 2056 3915; x_wconf 85' lang='lat' dir='ltr'><strong>sic</strong></span> <span class='ocrx_word' id='word_1_549' title='bbox 2078 3880 2269 3928; x_wconf 89' lang='lat' dir='ltr'><strong>quoque</strong></span> <span class='ocrx_word' id='word_1_550' title='bbox 2291 3865 2434 3912; x_wconf 78' lang='lat' dir='ltr'><strong>solum</strong></span> <span class='ocrx_word' id='word_1_551' title='bbox 2463 3866 2538 3911; x_wconf 81' lang='lat' dir='ltr'><strong>be·</strong></span> 
     </span>
     <span class='ocr_line' id='line_1_89' title="bbox 1411 3926 2536 3996; baseline -0.005 -15"><span class='ocrx_word' id='word_1_552' title='bbox 1411 3938 1614 3996; x_wconf 72' lang='lat' dir='ltr'><strong>nignum.</strong></span> <span class='ocrx_word' id='word_1_553' title='bbox 1673 3931 1912 3995; x_wconf 82' lang='lat' dir='ltr'><strong>Virgilius</strong></span> <span class='ocrx_word' id='word_1_554' title='bbox 1947 3931 2008 3979; x_wconf 89' lang='lat' dir='ltr'><strong>de</strong></span> <span class='ocrx_word' id='word_1_555' title='bbox 2038 3930 2320 3993; x_wconf 82' lang='lat' dir='ltr'><strong>regionibus</strong></span> <span class='ocrx_word' id='word_1_556' title='bbox 2353 3926 2536 3976; x_wconf 87' lang='lat' dir='ltr'><strong>Trans-</strong></span> 
     </span>
     <span class='ocr_line' id='line_1_90' title="bbox 1411 3989 2538 4061; baseline -0.004 -16"><span class='ocrx_word' id='word_1_557' title='bbox 1411 3997 1617 4061; x_wconf 83' lang='lat' dir='ltr'><strong>padanis</strong></span> <span class='ocrx_word' id='word_1_558' title='bbox 1657 3996 1915 4060; x_wconf 83' lang='lat' dir='ltr'><strong>cogitabat,</strong></span> <span class='ocrx_word' id='word_1_559' title='bbox 1961 4010 2194 4058; x_wconf 84' lang='lat' dir='ltr'><strong>aquarum</strong></span> <span class='ocrx_word' id='word_1_560' title='bbox 2236 3989 2416 4043; x_wconf 80' lang='lat' dir='ltr'><strong>eluviei</strong></span> <span class='ocrx_word' id='word_1_561' title='bbox 2452 3993 2538 4041; x_wconf 92' lang='lat' dir='ltr'><strong>ob-</strong></span> 
     </span>
     <span class='ocr_line' id='line_1_91' title="bbox 1412 4054 2542 4125; baseline -0.004 -16"><span class='ocrx_word' id='word_1_562' title='bbox 1412 4061 1588 4109; x_wconf 84' lang='lat' dir='ltr'><strong>noxiis.</strong></span> <span class='ocrx_word' id='word_1_563' title='bbox 1676 4063 1812 4125; x_wconf 84' lang='lat' dir='ltr'><strong>Ager</strong></span> <span class='ocrx_word' id='word_1_564' title='bbox 1855 4058 2047 4116; x_wconf 74' lang='grc' dir='ltr'><strong>λεπτδς,</strong></span> <span class='ocrx_word' id='word_1_565' title='bbox 2093 4054 2392 4118; x_wconf 74' lang='grc' dir='ltr'><strong>λεπτόγεως,</strong></span> <span class='ocrx_word' id='word_1_566' title='bbox 2437 4056 2542 4105; x_wconf 82' lang='lat' dir='ltr'><strong>solo</strong></span> 
     </span>
     <span class='ocr_line' id='line_1_92' title="bbox 1412 4123 2536 4189; baseline -0.003 -15"><span class='ocrx_word' id='word_1_567' title='bbox 1412 4141 1501 4175; x_wconf 87' lang='lat' dir='ltr'><strong>seu</strong></span> <span class='ocrx_word' id='word_1_568' title='bbox 1542 4126 1769 4189; x_wconf 80' lang='lat' dir='ltr'><strong>argilloso</strong></span> <span class='ocrx_word' id='word_1_569' title='bbox 1813 4140 1901 4172; x_wconf 86' lang='lat' dir='ltr'><strong>seu</strong></span> <span class='ocrx_word' id='word_1_570' title='bbox 1951 4138 2138 4171; x_wconf 79' lang='lat' dir='ltr'><strong>saxoso.</strong></span> <span class='ocrx_word' id='word_1_571' title='bbox 2241 4123 2408 4171; x_wconf 71' lang='lat' dir='ltr'><strong>Tenuis</strong></span> <span class='ocrx_word' id='word_1_572' title='bbox 2455 4140 2536 4171; x_wconf 83' lang='lat' dir='ltr'><strong>ar-</strong></span> 
     </span>
     <span class='ocr_line' id='line_1_93' title="bbox 1407 4184 2539 4253; baseline -0.002 -16"><span class='ocrx_word' id='word_1_573' title='bbox 1407 4192 1529 4253; x_wconf 79' lang='lat' dir='ltr'><strong>gilla</strong></span> <span class='ocrx_word' id='word_1_574' title='bbox 1548 4200 1624 4239; x_wconf 86' lang='lat' dir='ltr'><strong>est</strong></span> <span class='ocrx_word' id='word_1_575' title='bbox 1641 4188 1797 4246; x_wconf 85' lang='lat' dir='ltr'><strong>exilis,</strong></span> <span class='ocrx_word' id='word_1_576' title='bbox 1812 4190 1994 4250; x_wconf 72' lang='lat' dir='ltr'><strong>ieiuna,</strong></span> <span class='ocrx_word' id='word_1_577' title='bbox 2016 4186 2232 4249; x_wconf 85' lang='lat' dir='ltr'><strong>adeoque</strong></span> <span class='ocrx_word' id='word_1_578' title='bbox 2253 4184 2359 4234; x_wconf 88' lang='lat' dir='ltr'><strong>sine</strong></span> <span class='ocrx_word' id='word_1_579' title='bbox 2379 4203 2539 4246; x_wconf 88' lang='lat' dir='ltr'><strong>succo,</strong></span> 
     </span>
     <span class='ocr_line' id='line_1_94' title="bbox 1411 4250 2540 4310; baseline -0.003 -7"><span class='ocrx_word' id='word_1_580' title='bbox 1411 4254 1608 4303; x_wconf 78' lang='lat' dir='ltr'><strong>sterilis.</strong></span> <span class='ocrx_word' id='word_1_581' title='bbox 1673 4256 1854 4301; x_wconf 72' lang='lat' dir='ltr'><strong>Vivacic</strong></span> <span class='ocrx_word' id='word_1_582' title='bbox 1889 4254 2030 4300; x_wconf 81' lang='lat' dir='ltr'><strong>olivae.</strong></span> <span class='ocrx_word' id='word_1_583' title='bbox 2089 4250 2214 4299; x_wconf 88' lang='lat' dir='ltr'><strong>Pliu.</strong></span> <span class='ocrx_word' id='word_1_584' title='bbox 2250 4250 2350 4308; x_wconf 82' lang='lat' dir='ltr'><strong>xvi,</strong></span> <span class='ocrx_word' id='word_1_585' title='bbox 2385 4254 2464 4310; x_wconf 74' lang='lat'><strong>44,</strong></span> <span class='ocrx_word' id='word_1_586' title='bbox 2499 4267 2540 4300; x_wconf 87' lang='lat' dir='ltr'><strong>s.</strong></span> 
     </span>
     <span class='ocr_line' id='line_1_95' title="bbox 1412 4317 2543 4379; baseline -0.004 -12"><span class='ocrx_word' id='word_1_587' title='bbox 1412 4320 1490 4376; x_wconf 84' lang='lat'><strong>90,</strong></span> <span class='ocrx_word' id='word_1_588' title='bbox 1520 4321 1812 4367; x_wconf 69' lang='lat' dir='ltr'><strong>Firmissime</strong></span> <span class='ocrx_word' id='word_1_589' title='bbox 1844 4334 1951 4379; x_wconf 76' lang='lat' dir='ltr'><strong>ergo</strong></span> <span class='ocrx_word' id='word_1_590' title='bbox 1983 4319 2046 4364; x_wconf 76' lang='lat' dir='ltr'><strong>ad</strong></span> <span class='ocrx_word' id='word_1_591' title='bbox 2077 4319 2310 4365; x_wconf 78' lang='lat' dir='ltr'><strong>vivendum</strong></span> <span class='ocrx_word' id='word_1_592' title='bbox 2342 4317 2464 4375; x_wconf 81' lang='lat' dir='ltr'><strong>oleae,</strong></span> <span class='ocrx_word' id='word_1_593' title='bbox 2490 4324 2543 4363; x_wconf 76' lang='lat' dir='ltr'><strong>ut</strong></span> 
     </span>
     <span class='ocr_line' id='line_1_96' title="bbox 1412 4382 2539 4446; baseline -0.004 -15"><span class='ocrx_word' id='word_1_594' title='bbox 1412 4400 1526 4446; x_wconf 74' lang='lat' dir='ltr'><strong>quas</strong></span> <span class='ocrx_word' id='word_1_595' title='bbox 1537 4384 1706 4430; x_wconf 74' lang='lat' dir='ltr'><strong>durare</strong></span> <span class='ocrx_word' id='word_1_596' title='bbox 1716 4384 1850 4431; x_wconf 68' lang='lat' dir='ltr'><strong>annis</strong></span> <span class='ocrx_word' id='word_1_597' title='bbox 1862 4382 1942 4429; x_wconf 86' lang='lat' dir='ltr'><strong>CC</strong></span> <span class='ocrx_word' id='word_1_598' title='bbox 1949 4383 2068 4429; x_wconf 74' lang='lat' dir='ltr'><strong>inter</strong></span> <span class='ocrx_word' id='word_1_599' title='bbox 2077 4390 2284 4429; x_wconf 77' lang='lat' dir='ltr'><strong>auctores</strong></span> <span class='ocrx_word' id='word_1_600' title='bbox 2291 4384 2539 4428; x_wconf 75' lang='lat' dir='ltr'><strong>corweniat.</strong></span> 
     </span>
    </p>

    <p class='ocr_par' dir='ltr' id='par_1_14' title="bbox 1484 4444 2542 4507">
     <span class='ocr_line' id='line_1_97' title="bbox 1484 4444 2542 4507; baseline -0.005 -11"><span class='ocrx_word' id='word_1_601' title='bbox 1484 4448 1717 4506; x_wconf 80' lang='lat'><strong>182,183.</strong></span> <span class='ocrx_word' id='word_1_602' title='bbox 1751 4448 1972 4505; x_wconf 68' lang='lat' dir='ltr'><strong>Olea-ster,</strong></span> <span class='ocrx_word' id='word_1_603' title='bbox 1993 4444 2214 4495; x_wconf 81' lang='lat' dir='ltr'><strong>diversus</strong></span> <span class='ocrx_word' id='word_1_604' title='bbox 2235 4447 2296 4494; x_wconf 90' lang='lat' dir='ltr'><strong>ab</strong></span> <span class='ocrx_word' id='word_1_605' title='bbox 2314 4461 2372 4493; x_wconf 89' lang='lat' dir='ltr'><strong>eo</strong></span> <span class='ocrx_word' id='word_1_606' title='bbox 2395 4460 2542 4507; x_wconf 90' lang='lat' dir='ltr'><strong>quem</strong></span> 
     </span>
    </p>
   </div>
   <div class='ocr_carea' id='block_1_6' title="bbox 2030 3414 2536 3464">
    <p class='ocr_par' dir='ltr' id='par_1_15' title="bbox 2030 3414 2536 3464">
     <span class='ocr_line' id='line_1_98' title="bbox 2030 3414 2536 3464; baseline -0.002 0"><span class='ocrx_word' id='word_1_607' title='bbox 2030 3416 2253 3464; x_wconf 85' lang='lat' dir='ltr'><strong>&#39;llaceum</strong></span> <span class='ocrx_word' id='word_1_608' title='bbox 2269 3425 2319 3464; x_wconf 87' lang='lat' dir='ltr'><strong>et</strong></span> <span class='ocrx_word' id='word_1_609' title='bbox 2327 3414 2536 3464; x_wconf 88' lang='lat' dir='ltr'><strong>calculo-</strong></span> 
     </span>
    </p>
   </div>
  </div>
 </body>
</html>
