3050 4934
478 262 608 326 200

1367 260 1900 328 AENEIDOS

651 414 1091 498 ProspicienS‚
1123 436 1370 479 summa
1400 413 1727 498 placidum
1756 422 1955 496 caput
1980 409 2217 475 extulit
2248 410 2443 473 unda.

650 515 1013 599 Disjectam
1041 512 1278 579 AEneoe
1309 524 1449 579 toto
1477 514 1656 578 videt
1684 534 1947 598 aequore
1978 510 2273 588 classem,

649 615 990 679 Fluctibus
1021 637 1375 699 oppressos
1408 614 1625 679 Troas
1656 613 1933 697 coelique
1965 614 2173 677 ruina.

484 718 606 783 130
650 717 798 782 Nec
827 716 1076 781 latuere
1107 715 1240 780 doli
1267 717 1538 781 fratrem
1568 716 1847 780 «Iunonis
1879 726 1948 779 et
1976 716 2109 778 irae.

651 820 906 884 Eurum
935 820 1020 883 ad
1053 840 1124 883 se
1155 818 1669 903 Zephyrumque
1700 827 1924 894 vocat3
1972 816 2209 880 dehinc
2242 814 2392 879 talia
2424 814 2632 878 fatur:

649 919 952 985 Tantane
981 942 1096 985 vos
1128 922 1385 1004 generis
1418 920 1626 983 tenuit
1654 918 1895 981 fiducia
1926 917 2169 981 vestri?

647 1021 692 1085 J
695 1045 797 1085 am
827 1021 1063 1086 coelum
1092 1032 1461 1104 terramque
1491 1042 1637 1085 meo
1668 1020 1805 1085 sine
1837 1020 2118 1095 numine,
2150 1018 2349 1093 venti,

649 1123 959 1200 Miscere,
991 1133 1062 1187 et
1090 1134 1304 1187 tantas
1333 1123 1593 1186 audetis
1623 1120 1851 1185 tollere
1882 1118 2127 1183 moles?

483 1226 604 1288 135
651 1224 839 1297 Quos
870 1246 1016 1308 ego·
1095 1224 1232 1289 Sed
1261 1234 1472 1288 motos
1502 1233 1776 1307 praestat
1806 1242 2194 1305 componere
2226 1220 2463 1285 fluctus

651 1326 813 1390 Post
841 1326 998 1389 mihi
1029 1348 1158 1389 non
1191 1324 1378 1389 simili
1405 1348 1606 1409 poena
1632 1324 1973 1387 commissa
2001 1322 2217 1386 luetis.

649 1426 986 1490 Maturate
1017 1426 1261 1510 fugam,
1291 1427 1562 1510 regique
1592 1424 1733 1489 haec
1764 1425 1959 1488 dicite
1988 1436 2244 1489 vestro:

647 1528 804 1593 Non
836 1528 925 1591 illi
955 1528 1294 1611 imperium
1323 1526 1541 1611 pelagi
1573 1542 1944 1610 saevumque
1974 1526 2343 1601 tridentem,

652 1629 786 1693 Sed
818 1628 975 1692 mihi
1007 1638 1182 1691 sorte
1213 1628 1458 1692 datum.
1539 1625 1757 1691 Tenet
1786 1626 1889 1690 ille
1921 1627 2219 1689 immania
2250 1648 2429 1702 saxa,

486 1732 609 1795 140
653 1728 956 1806 Vestras„
991 1728 1196 1805 Eure,
1228 1729 1493 1793 domos:
1542 1726 1649 1791 illa
1678 1750 1748 1791 se
1770 1728 1980 1811 jactet
2008 1728 2073 1790 in
2102 1726 2251 1791 aula

650 1830 913 1908 AEoluS,
945 1840 1014 1895 et
1043 1829 1263 1893 clauso
1293 1841 1632 1893 ventorum
1661 1850 1923 1892 carcere
1953 1839 2204 1913 regnet.

651 1934 759 1998 Sic
789 1935 900 2009 ait,
933 1942 1002 1996 et
1029 1932 1205 1996 dicto
1233 1933 1422 1995 citius
1454 1931 1701 1995 tumida
1730 1952 1995 2014 aequora
2025 1930 2275 2013 placat3

650 2034 1104 2116 collectasque
1135 2032 1322 2121 fugat
1351 2033 1583 2108 nubeS‚
1616 2030 1943 2115 solemque
1976 2032 2249 2095 reducit.

477 2296 628 2349 caput.
677 2286 806 2335 Aliis
825 2284 878 2334 in
895 2285 1030 2343 locis,
1053 2285 1148 2333 alio
1165 2294 1391 2349 respectu
1415 2285 1478 2333 ad
1500 2300 1603 2333 ma-

476 2352 545 2400 ris
567 2352 756 2400 furores
783 2350 962 2406 habito,
988 2349 1146 2397 eidem
1172 2350 1406 2413 Neptuno
1435 2358 1603 2397 trucu-

477 2416 635 2465 lentas
658 2416 822 2463 vultus
846 2412 1088 2462 tribuitur.
1147 2414 1218 2461 At
1238 2415 1286 2461 h.
1311 2414 1342 2461 l.
1369 2416 1607 2476 placidum

477 2481 720 2543 adjectum
737 2488 812 2529 est
827 2488 960 2527 certo
974 2494 1085 2526 cum
1095 2478 1282 2540 iudicio
1297 2498 1308 2533 ς
1335 2478 1464 2541 quod
1478 2488 1601 2525 tem-

475 2553 717 2609 pestatem
738 2559 836 2591 non
855 2544 914 2591 ab
933 2543 1040 2607 ipso
1059 2542 1166 2599 deo,
1188 2558 1251 2590 ex
1268 2543 1343 2590 ira
1361 2541 1412 2589 in
1433 2543 1603 2603 Troja-

477 2624 580 2667 nos‚
601 2618 892 2656 commotam
912 2622 1018 2655 esse
1041 2606 1316 2671 significare
1340 2606 1495 2654 voluit
1515 2622 1603 2669 po-

477 2684 570 2721 eta.
608 2676 795 2721 Extulit
812 2680 951 2733 capu-t
967 2670 1180 2734 placide;
1207 2686 1295 2735 pro
1312 2686 1408 2733 quo
1421 2670 1606 2718 dictum

478 2735 672 2801 poetico
682 2752 816 2783 more
821 2738 1059 2797 placidum
1069 2742 1220 2797 caput.
1257 2738 1304 2783 A
1307 2738 1370 2783 lto
1374 2738 1603 2797 prospiei-

478 2816 558 2848 em
577 2800 664 2847 int.
682 2815 746 2847 ex
753 2800 802 2848 fu
809 2800 904 2847 ndo
921 2799 1084 2857 maris,
1100 2799 1153 2846 in
1163 2816 1259 2862 quo
1272 2798 1407 2861 regia
1419 2798 1498 2846 dei
1509 2807 1598 2847 est.

546 2866 653 2921 128,
707 2866 812 2913 129.
861 2864 1415 2926 Didectam-oppressos
1429 2884 1445 2910 .-
1503 2862 1599 2910 vid.

477 2944 583 2992 sup.
623 2945 668 2976 v.
707 2930 784 2985 69,
811 2928 887 2978 70.
951 2931 1068 2975 Coeli
1099 2932 1280 2975 ruinam
1313 2926 1602 2991 gravissime

477 2992 604 3040 dixit
625 3008 715 3057 pro
738 3000 885 3040 vento
908 3008 964 3041 ae
989 2991 1214 3055 procella.

431 3098 436 3103 .
547 3057 652 3104 130.
689 3056 865 3104 Statim
905 3056 1141 3119 Neptuno
1175 3056 1228 3102 in
1261 3054 1480 3104 animum
1513 3071 1599 3103 ve-

476 3120 657 3178 niebat,
683 3120 895 3167 Junonis
930 3119 1304 3175 machinatione,
1339 3128 1396 3167 ut
1419 3120 1599 3167 exsati-

476 3193 584 3232 aret
604 3184 716 3232 odia
737 3200 826 3231 sua
845 3200 872 3231 e
983 3182 1213 3242 Teucros,
1239 3184 1363 3233 hanc
1387 3194 1600 3247 tempes-

477 3256 627 3295 tatem
663 3262 771 3296 esse
809 3262 902 3295 con
937 3258 1079 3295 atam.
1142 3248 1221 3295 Ita
1259 3250 1382 3295 dolos
1417 3258 1468 3297 et
1505 3250 1605 3296 iras

477 3311 670 3423 {3332}
718 3310 1144 3433 ffi'we‘ffi
1217 3312 1602 3425 ‘323132355'32

671 3410 683 3423 .
1046 3411 1058 3433 ,
1179 3412 1190 3423 .

478 3440 705 3503 Apollon.
747 3439 810 3497 iv,
837 3440 947 3489 753.
996 3439 1109 3488 ow
1144 3440 1333 3502 ἄλοχον
1371 3440 1601 3504 Κρονίδαο

478 3504 592 3553 Διὸς
638 3502 799 3553 λάθον.
881 3502 1051 3552 Simile
1103 3512 1442 3568 argumentum
1488 3506 1601 3552 vide

477 3576 736 3618 tractatum
759 3571 820 3617 ab
843 3568 986 3617 ovid.
1012 3568 1028 3616 i
1055 3569 1177 3617 Met.
1203 3570 1294 3616 601
1321 3584 1422 3631 sqq.

549 3634 817 3681 131—134.
879 3634 994 3682 Duo
1025 3644 1198 3682 ventos
1231 3636 1408 3681 Eurum
1439 3642 1490 3681 et
1511 3636 1603 3681 Ze-

471 3701 671 3760 phyrum
694 3713 783 3762 pro
806 3706 908 3745 toto
931 3706 1187 3746 ventorum
1219 3697 1414 3760 agmine
1445 3698 1603 3747 mani-

477 3762 601 3809 feste
623 3762 765 3827 ponit
785 3771 1013 3825 tanquam
1039 3771 1211 3826 poeta:
1249 3777 1360 3809 nam
1383 3760 1606 3810 neutrius

477 3825 530 3874 in
576 3826 665 3875 hac
703 3834 992 3889 tempestate
1035 3836 1199 3890 partes
1243 3825 1455 3873 debuere
1495 3842 1603 3873 esse

475 3890 749 3955 praecipuae.
813 3893 1004 3938 Generis
1025 3892 1180 3947 vestri,
1206 3904 1304 3937 non
1330 3898 1428 3938 tam
1451 3890 1599 3953 origi-

478 3954 570 4011 nis,
595 3970 740 4017 quam
776 3953 978 4001 omnino
1012 3953 1201 4016 gentis:
1239 3962 1494 4002 tantumne
1515 3970 1603 4002 vos

477 4018 786 4067 confidentiae
826 4018 878 4065 in
909 4017 1056 4074 vobis,
1101 4017 1153 4065 in
1195 4018 1370 4066 vestris
1401 4017 1600 4076 viribus,

473 4082 696 4131 habetis?
720 4086 828 4131 Meo
842 4086 940 4130 eine
953 4085 1148 4139 numine,
1169 4082 1430 4139 voluntate,
1446 4084 1597 4145 jusso.

484 4148 656 4195 Tantas
679 4150 826 4203 moles,
847 4162 1012 4195 rerum
1041 4146 1448 4211 perturbationes,
1475 4156 1599 4194 tem-

479 4220 730 4271 pestatem.
790 4212 918 4259 Nam
943 4212 1095 4259 moles
1115 4210 1275 4259 omnis
1297 4226 1474 4275 mag-na
1495 4226 1597 4257 mo-

479 4272 599 4330 litio,
629 4290 805 4337 magna
828 4291 906 4324 res
929 4290 1072 4339 quam
1092 4274 1202 4338 quis
1223 4275 1434 4324 molitur.

549 4338 653 4385 135.
695 4342 814 4390 Quos
835 4357 918 4401 ego
949 4340 1234 4403 gravissime
1265 4339 1482 4397 ulciscar,
1508 4355 1598 4403 pu-

481 4400 638 4461 niam5
675 4402 767 4460 vel,
805 4403 980 4467 punire
1018 4420 1226 4468 possem,
1251 4404 1330 4452 vel
1355 4404 1598 4453 deberem.

1675 2284 1836 2333 Notus
1858 2283 2006 2333 locus.
2066 2284 2266 2331 Scilicet
2296 2284 2668 2347 intelligendum
2692 2286 2797 2345 (σω

1670 2350 1967 2407 —audett's,)
2020 2352 2141 2401 Quos
2164 2365 2245 2411 ego
2262 2348 2469 2396 ulciscar
2484 2348 2793 2411 gravissime:

1671 2412 1799 2473 quod
1818 2412 2107 2475 exquisitius
2124 2422 2198 2460 est
2212 2426 2356 2474 quam
2380 2415 2467 2459 Vos
2479 2428 2573 2475 ego.
2612 2412 2797 2460 Similis

1670 2476 1995 2534 comminatio,
2020 2486 2207 2525 naturae
2234 2476 2545 2533 conveniens,
2572 2486 2645 2525 est
2666 2477 2797 2541 apud

1672 2540 1871 2589 Terent.
1897 2541 2121 2589 Eunuch.
2148 2557 2191 2598 v,
2214 2540 2258 2597 6,
2286 2542 2359 2598 19,
2380 2544 2481 2603 Ego
2504 2549 2563 2598 te,
2574 2539 2794 2603 sart-iser,

1670 2610 1715 2653 st·
1730 2609 1828 2653 vivo
1840 2624 1855 2651 .-
1880 2605 2101 2668 intellige
2115 2608 2324 2653 ulciscar.
2380 2605 2589 2669 Propius
2601 2605 2662 2653 ad
2680 2620 2793 2653 nos·

1672 2678 1802 2718 trum
1825 2669 2013 2717 accedit
2034 2670 2143 2717 Val.
2168 2669 2239 2716 1²1.
2266 2668 2298 2716 i.
2323 2671 2432 2726 202,
2471 2672 2608 2717 Illum
2631 2686 2797 2732 ego.-·-

1740 2735 1847 2781 136.
1885 2736 1991 2781 Non
2034 2736 2189 2791 simili,
2230 2734 2318 2781 sed
2360 2732 2597 2797 graviore,
2640 2750 2792 2795 poena.

1667 2800 1821 2846 Porro
1838 2806 1943 2860 post
1966 2807 2017 2845 et
2037 2802 2269 2846 commissa
2298 2813 2445 2846 sensu
2465 2800 2645 2860 junge:
2670 2798 2715 2845 si
2740 2798 2792 2845 in

1666 2872 1915 2927 posterum
1956 2863 2051 2911 tale
2086 2862 2203 2925 quid
2238 2862 2344 2910 ausi
2380 2861 2531 2919 eritis,
2570 2876 2667 2909 non
2692 2862 2784 2911 im-

1667 2942 1801 2991 pune
1826 2926 2003 2975 feretis.

1738 2991 1844 3041 13⁷.
1880 2994 2121 3039 Maturate
2131 2990 2313 3054 fingam,
2334 2990 2600 3039 accelerate
2620 3006 2790 3055 recep-

1669 3065 1774 3104 tum
1805 3056 1857 3105 in
1897 3064 2039 3104 antra
2072 3064 2261 3112 vesti-³3
2298 3064 2475 3103 mature
2505 3056 2553 3102 h.
2579 3069 2619 3103 e.
2645 3070 2794 3118 ocyus

1668 3119 1920 3169 discedite.
2580 3126 2587 3135 ·

1738 3186 1846 3232 138.
1894 3186 2468 3245 Imperium—tridentem
2484 3202 2499 3231 .-
2544 3183 2801 3248 preclare,

1669 3258 1725 3297 ut
1758 3264 1802 3297 v.
1834 3248 1911 3306 78,
1949 3252 2252 3311 quodeunque
2282 3252 2365 3297 hoc
2400 3253 2791 3312 regni—coeptat.

1736 3376 1747 3387 ⁵
1782 3310 1793 3324 ⁶
1843 3328 1973 3389 saepe
1990 3322 2179 3393 poetas..
2214 3312 2349 3361 Hine
2368 3321 2419 3361 et
2434 3330 2578 3389 sevus
2601 3316 2791 3372 triam,

1666 3378 2692 3497 quisssioes‘sssskffossdssssssissffssfflz
2714 3380 2793 3490 ⁹0⁹5·

1671 3504 1810 3552 Iliad.
1837 3523 1877 3562 ο,
1906 3502 1996 3554 187
2035 3520 2135 3566 sqq.
2170 3507 2397 3551 Imus-ania
2433 3521 2562 3563 soa-a,
2602 3514 2793 3553 vastum

1670 3578 1878 3627 antrum,
1899 3584 1943 3616 v.
1970 3570 2047 3615 52.

1739 3635 1845 3681 140.
1890 3634 2090 3689 Vestras,
2106 3636 2246 3689 Eure,
2263 3635 2423 3681 domos.
2475 3632 2607 3681 Nota
2620 3632 2792 3697 ligura,

1671 3696 1871 3746 adscitis
1892 3698 1944 3744 in
1966 3696 2187 3760 regimen
2206 3696 2341 3747 verbi
2364 3696 2509 3745 sociis
2525 3696 2662 3746 Euri.
2716 3698 2739 3745 1
2746 3706 2795 3747 ts

1671 3761 1738 3819 ix,
1764 3762 1886 3817 525,
1908 3760 1976 3819 xi,
2002 3762 2112 3819 686,
2132 3763 2243 3812 687.
2300 3762 2455 3811 Totus
2477 3770 2641 3811 autem
2658 3762 2793 3811 locus

1668 3826 1983 3874 adumbratus
2002 3842 2065 3873 ex
2090 3826 2292 3874 Homer.
2322 3826 2463 3875 Iliad.
2484 3846 2528 3885 α,
2558 3828 2663 3877 179.
2726 3828 2794 3875 At

1668 3890 1886 3937 ornatius
1926 3900 2091 3939 noster
2127 3890 2329 3939 exmlit:
2366 3909 2413 3939 se
2444 3892 2789 3957 jactet—aula,

1668 3953 1829 4016 regia:
1866 3954 1927 4001 ef.
1954 3954 2016 4002 ad
2040 3955 2115 4001 56.
2346 3986 2351 3990 -

1738 4019 1844 4065 142.
1882 4018 2061 4066 Sedata
2092 4028 2371 4084 tempestas.
2438 4020 2599 4068 Aliter
2633 4018 2792 4068 simile

1667 4093 2011 4145 argumentum
2036 4092 2295 4132 tractatum
2328 4083 2467 4131 vides
2490 4086 2551 4132 ab
2574 4083 2752 4131 Ovidio
2776 4084 2791 4131 i

1670 4148 1792 4195 Met.
1812 4149 1907 4195 330
1924 4164 2026 4210 sqq.
2079 4150 2219 4197 Dicto
2232 4152 2383 4204 citius,
2400 4162 2513 4205 nou,
2533 4156 2791 4221 antequam

1665 4211 1865 4269 diceret,
1890 4212 1978 4260 sed
1996 4221 2255 4275 antequam
2279 4212 2549 4261 orationem
2569 4212 2789 4260 finiisset.

1668 4276 1903 4325 Nondum
1932 4276 2096 4325 omnia
2129 4286 2233 4325 erat
2266 4276 2535 4339 eloquutus‚
2560 4292 2671 4324 cum
2688 4278 2791 4338 jam

1668 4355 1803 4388 mare
1826 4350 1953 4389 esset
1972 4341 2233 4406 placatum.
2289 4341 2446 4395 Quale
2479 4340 2597 4388 illud
2620 4340 2789 4403 vulga-

1668 4414 1786 4463 tum,
1814 4405 2013 4453 Dictum
2033 4406 2231 4464 factum,
2256 4404 2335 4466 ἔμ’
2358 4403 2469 4453 ἔπος
2491 4403 2569 4465 ἔμ’
2592 4403 2747 4467 ἔργον.
