3050 4934
449 250 579 314 318

1310 246 1838 313 AENEIDOS

617 393 816 471 Ante,
848 396 1088 479 pudor,
1118 418 1314 479 quam
1344 406 1409 461 te
1440 395 1634 472 violo,
1667 406 1782 459 aut
1813 406 1926 459 tua
1945 396 2100 478 jura
2129 393 2406 459 resolvo.

616 496 737 561 Ille
767 518 968 573 mem,
1000 498 1244 580 primus
1274 498 1387 579 qui
1413 518 1516 559 me
1551 497 1673 560 sibi
1693 495 1938 579 junxit,
1969 516 2220 559 amores

618 595 949 675 Abstulit3
994 595 1101 660 ille
1132 596 1375 661 habeat
1404 618 1626 661 secum
1655 606 1999 680 servetque
2031 594 2402 679 sepulchro.

488 698 575 761 30
619 698 728 762 Sic
756 695 956 761 effata
984 698 1192 761 sinum
1221 695 1497 761 lacrimis
1526 695 1815 781 implevit
1843 698 2112 761 obortis.

699 794 898 861 Anna
926 796 1151 874 refert,
1184 796 1249 861 O
1279 796 1424 862 luce
1452 798 1658 880 magis
1691 796 1930 862 dilecta
1959 798 2189 873 sorori,

412 969 436 1021 ‚s

444 910 482 960 s
618 896 856 963 Solane
886 908 1207 983 perpetua
1234 920 1516 963 moerens
1547 920 1816 982 carpere
1835 898 2153 982 juventa?

613 999 763 1064 Nec
789 997 1013 1064 dulces
1042 1008 1231 1063 natos
1236 1045 1255 1076 ,
1286 998 1566 1065 Veneris
1597 1020 1719 1062 nec
1747 999 2013 1083 praemia
2039 997 2262 1061 noris?

614 1100 692 1165 Id
724 1100 1007 1165 cinerem
1034 1110 1148 1163 aut
1176 1099 1413 1165 Manes
1446 1099 1660 1163 credis
1691 1118 1920 1162 curare
1953 1097 2293 1183 sepultos?

484 1203 571 1267 35
616 1202 821 1267 Esto:
867 1224 1109 1288 aegram
1138 1203 1297 1268 nulli
1324 1204 1655 1288 quondam
1681 1202 1932 1267 flexere
1961 1202 2195 1277 mariti,

616 1303 775 1368 Non
806 1303 1059 1387 Libyae,
1091 1326 1221 1368 non
1248 1315 1399 1367 ante
1431 1303 1650 1388 Tyro3
1697 1304 2050 1387 despectus
2081 1302 2332 1378 Iarbas,

619 1403 1081 1487 Ductoresque
1111 1403 1240 1481 alii,
1272 1427 1437 1489 quos
1470 1402 1697 1468 Africa
1725 1414 1902 1468 terra
1931 1403 2274 1487 triumphis

618 1503 825 1568 Dives
857 1503 1004 1568 alit:
1050 1502 1373 1589 placitone
1400 1506 1596 1569 etiam
1625 1505 1948 1589 pugnabis
1976 1506 2220 1568 amori?

617 1603 766 1669 Nec
796 1606 971 1669 venit
998 1606 1065 1669 in
1090 1618 1389 1683 mentem,
1422 1628 1700 1690 quorum
1727 1603 2100 1669 consederis
2130 1605 2344 1668 arvis?

487 1705 573 1768 40
600 1703 795 1773 ,Hinc
824 1704 1107 1769 Gaetulae
1136 1708 1357 1782 urbes,
1391 1728 1599 1790 genus
1629 1704 2067 1789 insuperabile
2098 1704 2293 1781 belle,

620 1808 714 1873 Et
740 1808 1050 1872 Numidoe
1077 1808 1313 1872 infreni
1340 1810 1630 1891 cingunt,
1662 1818 1728 1872 et
1757 1807 2088 1891 inhospita
2117 1808 2364 1892 Syrtis3

618 1908 795 1974 Hinc
826 1910 1089 1973 deserta
1119 1909 1224 1973 siti
1254 1910 1457 1992 regio,
1487 1907 1748 1993 lateque
1777 1907 2068 1973 furentes

619 2010 895 2075 Barcaei.
976 2009 1157 2081 Quid
1186 2009 1357 2073 bella
1385 2009 1572 2093 Tyro
1603 2011 1936 2094 surgentia
1966 2010 2197 2085 dicam,

620 2111 1061 2193 Germanique
1090 2111 1294 2173 minas
1316 2113 1343 2173 ‘⁴2

444 2364 586 2415 niad.
603 2367 644 2422 ὃ,
661 2364 753 2412 182
773 2374 823 2412 et
847 2364 932 2413 aL:
958 2363 1017 2412 cf.
1038 2361 1176 2413 Iliad.
1199 2360 1239 2425 ζ,
1256 2364 1374 2420 464ς
1399 2362 1567 2425 p,416.

442 2432 757 2479 Prius—aute
788 2445 937 2491 quam,
972 2437 1029 2477 ut
1059 2430 1261 2477 Homer.
1289 2426 1571 2491 πρὶν-πρὶν

442 2495 488 2552 ἥ.
549 2493 759 2557 Egregie
798 2494 861 2542 ad
896 2495 1127 2557 majorem
1166 2493 1264 2541 vim
1301 2508 1471 2541 versus
1505 2492 1568 2539 26

445 2557 682 2620 adjicitur.

508 2622 713 2673 27—30.
748 2624 868 2669 Jura
885 2625 1077 2683 pudoris
1098 2621 1186 2669 int.
1206 2620 1305 2668 vim
1329 2631 1378 2668 et
1398 2629 1562 2684 potes·

444 2695 595 2735 tatem
628 2686 679 2733 in
714 2701 780 2743 se,
807 2700 902 2748 qua
923 2702 953 2733 a
974 2700 1101 2733 novo
1136 2700 1299 2732 amore
1339 2693 1389 2732 et
1423 2700 1453 2732 a
1484 2700 1561 2732 se-

440 2750 614 2798 cundis
644 2748 829 2813 nuptiis
863 2749 1096 2798 deterrita
1117 2758 1205 2796 est.
1261 2749 1371 2797 Vss.
1398 2750 1474 2805 28,
1500 2750 1563 2796 29

440 2812 709 2861 dulcissimi
740 2821 858 2861 sunt
888 2813 1087 2861 affectus
1118 2822 1169 2859 et
1190 2828 1378 2874 magnae
1400 2812 1561 2875 digni-

356 2872 363 2877 ’
440 2877 569 2926 tatis.
630 2877 731 2925 Uni
765 2894 853 2926 suo
891 2877 1067 2925 marito
1100 2892 1314 2924 amorem
1346 2891 1489 2925 suum
1508 2892 1564 2924 se

439 2940 688 2991 addixisse
723 2941 804 2988 ait.
864 2945 1023 2989 Sinum
1064 2940 1317 2988 manifeste
1352 2940 1564 3005 pectoris

441 3004 590 3054 sinus.
630 3004 839 3054 Δεύοντο
862 3004 915 3053 δὲ
937 3002 1131 3065 δάκρυσι
1153 3002 1337 3062 κόλποι,
1366 3004 1504 3052 Iliad.
1532 3022 1560 3062 ι,

440 3071 550 3118 566.
613 3070 709 3117 Hae
731 3077 893 3116 autem
930 3071 1130 3115 lacrimae
1164 3083 1391 3130 magnum
1420 3068 1562 3117 facile

439 3140 635 3196 poetam
670 3140 895 3193 arguunt.
954 3132 1088 3179 Dum
1125 3132 1231 3180 vult
1264 3142 1493 3181 constans
1516 3141 1568 3180 et

438 3210 621 3307 2332
636 3195 1566 3309 sszssssffizsssszffi‘xfflffssffi

440 3322 655 3371 animum
680 3323 917 3387 produnt:
946 3325 1007 3371 cf.
1034 3324 1157 3371 Hor.
1181 3325 1244 3381 iv,
1274 3326 1315 3381 1,
1342 3327 1405 3372 33
1426 3341 1527 3387 sqq.

506 3389 563 3435 31
592 3403 693 3449 sqq.
750 3387 1017 3450 Egregium
1060 3388 1289 3436 suasoriae
1330 3388 1564 3437 orationis

440 3451 717 3515 exemplum
754 3450 806 3498 in
840 3460 998 3515 poeta.
1056 3456 1193 3500 Anna
1222 3450 1364 3514 resen-t
1400 3455 1561 3511 verba,

438 3516 712 3581 respondet.

504 3582 579 3627 32.
616 3579 822 3645 Proprie
838 3597 921 3628 car
952 3585 1063 3639 itur,
1088 3580 1405 3639 consumitur,
1429 3590 1559 3639 «κω,

424 3643 635 3706 juventa,
678 3648 790 3700 vita,
844 3599 1071 3706 φθένεται,
1116 3644 1392 3701 κατείβεται
1436 3644 1559 3693 aldv-

438 3708 659 3773 Simplex
676 3709 832 3757 oratio
850 3719 1005 3758 esset:
1030 3726 1351 3758 consumesne
1367 3718 1560 3757 aetatem

438 3772 612 3822 vidua?
630 3783 681 3821 at
693 3774 930 3821 ornatior:
954 3772 1318 3821 consumerisne
1334 3774 1437 3836 ipsa
1452 3773 1557 3821 exi-

435 3854 557 3901 gens
579 3845 771 3885 aetatem
794 3846 1033 3902 perpetuo
1050 3838 1227 3885 vidua?
1254 3839 1285 3884 J
1288 3852 1366 3884 am
1386 3836 1561 3885 melius

436 3898 634 3959 dictum,
645 3902 858 3965 juventa,
883 3916 973 3963 pro
994 3911 1150 3959 aetate,
1172 3910 1223 3948 et
1243 3918 1433 3949 moerens
1450 3918 1558 3963 per-

430 3977 573 4031 petua
602 3967 815 4029 juventa,
855 3980 945 4029 pro
984 3981 1194 4013 moerens
1236 3975 1473 4040 perpetuo
1506 3965 1560 4013 in

436 4030 711 4089 solitudine,
746 4033 855 4079 sola.
919 4028 1134 4077 Imitatio
1158 4029 1353 4091 Virgiln
1384 4030 1435 4076 in
1469 4030 1557 4077 Se-

436 4112 555 4143 neca
579 4095 781 4161 Hippol.
807 4095 903 4141 446
926 4110 1027 4156 sqq.
1066 4096 1228 4141 AEtate
1248 4092 1562 4155 fruere—cur

438 4168 532 4208 toro
552 4164 685 4207 viduo
692 4160 828 4222 jaces
842 4163 867 4206 ?

504 4226 581 4269 33.
623 4226 811 4271 Veneris
837 4226 1031 4284 premia
1065 4231 1271 4288 possunt
1294 4237 1383 4286 per
1403 4238 1556 4286 appo-

438 4284 666 4333 sitionem
696 4286 757 4333 ad
787 4286 919 4351 ipsos
948 4296 1077 4335 natos
1107 4288 1293 4345 referri,
1330 4296 1559 4349 tanquam

439 4348 731 4397 matrimonii
756 4364 970 4397 munera.
1024 4351 1075 4397 Si
1096 4362 1257 4400 tamen
1276 4350 1558 4400 memineris

438 4414 561 4473 δῶρα
580 4410 861 4472 Ἀφροδίτης
884 4430 981 4473 quo
1009 4430 1155 4462 sensu
1188 4415 1425 4471 dicantur.
1450 4432 1552 4463 me-

1633 2360 1728 2410 lius
1751 2361 2024 2426 voluptates
2045 2369 2094 2409 et
2121 2358 2474 2409 oblectamenta
2491 2365 2762 2427 conjugum

1633 2425 1891 2489 intelliges.

1699 2491 1906 2538 34—36.
1955 2492 2120 2537 Manes
2161 2490 2359 2551 sepultos
2399 2506 2464 2538 ex
2505 2488 2759 2554 opinione,

1630 2552 2761 2683 335532M2⁰325²35022324230222553

1629 2681 1832 2745 vulgari,
1937 2698 2054 2731 anes
2099 2698 2122 2730 s
2185 2681 2412 2730 ultorum.
2473 2682 2534 2729 In
2579 2698 2624 2730 v.
2671 2686 2760 2741 35,

1629 2750 1789 2794 mariti
1809 2761 1898 2821 pro
1919 2746 2094 2811 procis.
2205 2762 2231 2794 e
2253 2747 2398 2794 Iarba
2415 2745 2511 2794 vid.
2533 2745 2616 2794 inf.
2643 2747 2758 2805 196,

1629 2821 1680 2858 et
1699 2811 1880 2859 Justm.
1905 2810 2040 2867 xviii,
2065 2812 2110 2857 6.
2171 2810 2231 2857 In
2249 2827 2422 2873 «ες-νοω
2453 2810 2573 2859 latet
2603 2826 2762 2860 causa

1629 2875 1780 2939 spreti
1803 2875 1961 2923 adhuc
1984 2874 2175 2933 amoris,
2199 2874 2328 2936 quod
2367 2875 2552 2922 recenti
2583 2874 2760 2923 dolore

1629 2948 1735 2987 erat
1775 2938 1968 2997 afflicta,
2009 2938 2092 3001 qui
2137 2954 2267 2987 nunc
2308 2938 2504 2987 resedit.
2577 2942 2761 2987 Mar-its·

1634 3004 1768 3065 Tyro,
1792 3018 1822 3051 a
1843 3004 1988 3065 Tyro,
2013 3002 2163 3065 Tyrii,
2187 3012 2242 3050 ut
2263 3018 2392 3067 saepe
2415 3002 2544 3051 alibi.

1694 3068 1771 3117 37.
1807 3067 1968 3115 Multa
1990 3066 2141 3130 igitur
2161 3066 2290 3116 bella
2309 3068 2370 3115 ab
2389 3066 2525 3115 Afris
2541 3065 2758 3115 feliciter

1629 3140 1768 3193 gesta
1807 3130 1956 3179 fuere.
2026 3131 2258 3179 Declarat
2311 3130 2502 3194 poetice
2549 3140 2756 3193 gentem

1629 3194 1921 3244 bellicosam.
1983 3196 2129 3243 Terra
2149 3192 2316 3255 Africa
2337 3194 2551 3257 antique.

1695 3262 1901 3307 40—44.
1960 3262 2153 3307 Gaetulo
2193 3262 2341 3315 urbes,
2399 3259 2462 3306 ad
2509 3267 2756 3308 terrorem

1629 3327 1764 3371 urbes
1779 3322 1955 3388 posuit,
1973 3322 2147 3371 namin
2167 3338 2246 3371 ma
2281 3323 2436 3371 alibus
2449 3322 2754 3372 habitabant.

1631 3388 1710 3435 Ita
1748 3388 1883 3435 Serv.
1921 3387 1980 3435 cf.
2016 3386 2209 3435 Sallust.
2293 3422 2305 3434 .
2341 3388 2388 3436 J.
2426 3389 2504 3435 21.
2562 3386 2756 3436 Melius

1628 3452 1774 3509 dices,
1795 3460 1989 3515 poetam
2011 3466 2266 3499 commune
2285 3450 2418 3509 illud,
2443 3460 2494 3499 et
2507 3452 2612 3512 jam
2637 3450 2754 3498 Ho-

1627 3517 1876 3573 mericum,
1895 3514 2062 3566 πόλεις
2075 3515 2389 3578 expressisse,
2407 3514 2536 3577 quod
2557 3514 2754 3579 simpli·

1627 3580 1750 3629 citer
1791 3580 1956 3627 sedem
2011 3590 2062 3628 et
2117 3579 2465 3629 habitationem
2507 3578 2754 3642 designat.

1631 3644 1948 3693 Homericum
1985 3653 2061 3691 est
2093 3659 2284 3707 quoque
2318 3643 2440 3691 illud
2466 3646 2754 3705 urbes-ge—

1626 3725 1742 3762 mas,-
1777 3723 1888 3756 nam
1924 3707 1981 3765 is,
2019 3718 2070 3755 et
2103 3710 2207 3769 ejus
2239 3707 2464 3771 exemplo
2493 3706 2590 3763 alii,
2617 3722 2756 3771 soepe

1624 3770 1790 3821 πόλεις
1805 3786 1895 3835 pro
1912 3772 2084 3821 incolis
2097 3773 2175 3821 vel
2191 3772 2400 3837 populis,
2419 3781 2471 3820 et
2485 3770 2590 3820 vice
2605 3786 2756 3820 versa

1625 3836 1830 3900 populos
1859 3852 1949 3910 pro
1979 3836 2140 3885 insula
2159 3836 2237 3884 vel
2263 3848 2395 3885 terra
2427 3846 2478 3884 et
2499 3837 2646 3884 urbe:
2683 3836 2752 3885 cf.

1626 3917 1730 3965 sup.
1757 3900 1838 3948 lib.
1863 3916 1894 3957 1,
1919 3903 2160 3961 339.fines
2181 3903 2365 3963 Libyci,
2389 3918 2537 3963 genus
2567 3904 2754 3949 intra&

1627 3967 1770 4013 labile
1816 3967 1941 4012 bello.
1999 3968 2212 4013 Nmm‘dae
2247 3963 2432 4028 t'nfnun',
2469 3963 2607 4025 equis
2642 3965 2758 4013 sine

1625 4028 1803 4084 srenis3
1839 4044 1918 4077 res
1953 4037 2078 4075 nota.
2147 4033 2299 4091 Syrtis
2329 4028 2418 4077 int.
2446 4028 2594 4076 Afros
2629 4028 2752 4091 Syr-

1627 4093 1750 4141 tium
1793 4093 1993 4141 accolas.
2049 4096 2247 4141 Deserta
2280 4098 2376 4151 siti,
2414 4091 2758 4143 inhabitabilis

1627 4157 1825 4206 raritate
1847 4172 1996 4219 aquae.
2055 4158 2310 4220 Significat
2339 4168 2504 4207 autem
2531 4158 2697 4213 Anna,
2725 4172 2758 4206 a

1627 4222 1759 4270 nulla
1780 4234 1918 4286 parte
1941 4221 2196 4284 quicquam
2229 4223 2396 4271 auxilii
2434 4238 2489 4270 ac
2527 4221 2756 4285 praesidii

1626 4286 1793 4335 Poenis
1830 4302 1972 4349 posse
2011 4286 2210 4351 sperari.
2281 4288 2465 4335 Baroaei
2505 4302 2532 4333 a
2573 4286 2752 4345 Barce,

1621 4350 1903 4413 Cyrenaicae
1925 4351 2058 4406 urbe,
2083 4365 2172 4415 per
2203 4349 2340 4413 prole
2375 4349 2452 4398 sin
2480 4350 2560 4397 hic
2583 4350 2750 4399 nomi-

1622 4415 1752 4471 nati;
1789 4430 1900 4463 nam
1923 4415 2076 4464 multo
2098 4414 2304 4463 seriores
2347 4430 2462 4464 uere
2483 4414 2620 4463 urbis
2643 4416 2750 4464 ori—
