3050 4934
1105 275 1447 342 LIBER
1490 275 1717 343 VIII.

2457 274 2576 337 501

441 421 1005 509 omnigenumque
1038 426 1233 491 deam
1260 438 1574 502 monstra,
1603 436 1672 489 et
1699 423 1971 489 latrator
1998 423 2284 499 Anubis,

437 521 683 588 Contra
712 524 1101 609 Neptunum
1130 536 1199 590 et
1226 526 1557 591 Venerem
1583 534 1938 608 contraque
1972 524 2338 589 Minervam

266 619 396 684 700
437 622 605 688 Tela
635 636 879 690 tenent.
958 627 1159 691 Saevit
1186 616 1399 693 medio
1428 628 1499 690 in
1524 626 1876 691 certamine
1907 624 2176 689 Mavors

439 723 725 789 Caelatus
756 725 952 803 ferro,
986 728 1336 811 tristesque
1367 750 1453 791 ex
1482 726 1730 790 aethere
1761 725 1982 803 Dirae3

440 824 534 888 Et
563 826 765 889 scissa
792 828 1087 909 gaudens
1118 828 1297 892 vadit
1328 827 1684 891 Discordia
1712 824 1922 909 palla;

439 926 658 1000 Quam
688 948 835 991 cum
866 929 1223 1011 sanguineo
1254 928 1550 1011 sequitur
1581 925 1856 989 Bellona
1883 924 2160 1009 flagello.

439 1023 673 1091 Actius
705 1026 849 1090 hoec
878 1048 1151 1091 cernens
1183 1049 1403 1091 arcum
1432 1027 1816 1091 intendebat
1847 1024 2090 1110 Apollo

266 1126 394 1189 705
440 1126 786 1210 Desuper:
835 1127 1039 1191 omnis
1070 1149 1153 1191 eo
1182 1137 1433 1190 terrore
1463 1126 1827 1211 AEgyptus,
1859 1137 1926 1190 et
1954 1126 2124 1203 Indi,

443 1226 673 1291 Omnis
704 1224 948 1305 Araba,
980 1250 1203 1293 omnes
1234 1230 1580 1293 vertebant
1609 1238 1796 1311 terga
1827 1228 2064 1292 Sabaei.

443 1328 600 1413 Ipsa
626 1328 972 1393 videbatur
1000 1330 1208 1393 ventis
1242 1330 1469 1411 regina
1497 1329 1742 1392 vocatis

442 1427 613 1492 Vela
641 1429 825 1505 dare,
856 1440 925 1493 et
952 1427 1137 1493 laxos
1159 1431 1297 1513 jam
1317 1430 1594 1517 jamque·
1611 1428 1952 1517 immittere
1982 1428 2196 1493 funeS.

440 1516 625 1592 Illam
652 1530 824 1593 inter
854 1526 1069 1593 caedes
1101 1520 1450 1613 pallentem
1479 1539 1686 1591 morte
1715 1527 1936 1592 futura

269 1629 399 1693 '710
443 1628 717 1694 Fecerat
746 1630 1117 1713 ignipotens
1150 1630 1341 1694 undis
1373 1640 1441 1694 et
1471 1628 1718 1713 Iapyge
1749 1628 1942 1706 ferri3

442 1731 690 1796 Contra
718 1742 937 1796 autem
965 1754 1200 1816 magno
1229 1742 1613 1796 moerentem
1641 1752 1915 1816 corpore
1946 1730 2195 1808 Nilum,

446 1832 983 1916 Pandentemque
1016 1835 1219 1911 sium,
1250 1844 1319 1897 et
1346 1844 1485 1897 tota
1515 1842 1698 1897 veste
1727 1843 2066 1897 vocantem

442 1932 810 1997 Caeruleum
836 1934 901 1995 in
932 1935 1269 2017 gremium,
1302 1932 1760 2017 latebrosaque
1791 1934 2077 2010 flumina,
2110 1934 2338 1998 victOS.

441 2030 537 2096 At
565 2033 814 2109 Caesar,
844 2032 1081 2116 triplici
1110 2035 1405 2098 invectus
1436 2034 1738 2098 Romana
1769 2033 2100 2117 triumpho

270 2134 311 2197 7
320 2134 399 2199 15
444 2134 718 2210 Moenia‚
751 2132 853 2197 dis
870 2132 1067 2197 ·Italis
1096 2144 1317 2198 votum
1344 2134 1701 2197 immortale
1736 2134 2059 2210 sacrabat,

443 2235 760 2299 Maxuma
787 2245 1149 2298 tercentum
1180 2246 1382 2299 totam
1414 2235 1690 2299 delubra
1717 2257 1836 2317 per
1865 2236 2118 2299 urbem.

441 2335 705 2400 Laetitia
728 2334 1032 2419 ludisque
1064 2336 1183 2398 viae
1213 2334 1582 2419 plausuque
1613 2333 2008 2398 fremebant:

445 2435 766 2502 Omnibus
797 2438 863 2499 in
894 2434 1151 2520 templis
1181 2446 1457 2499 matrum
1487 2434 1753 2510 chorus,
1785 2435 2082 2498 omnibus
2115 2457 2282 2514 aroe3

444 2534 622 2602 Ante
652 2559 799 2601 aras
829 2547 1071 2601 terram
1098 2536 1253 2601 caesi
1284 2546 1572 2601 stravere
1593 2534 1878 2619 juvenci.

272 2764 505 2827 Sequitur
534 2764 661 2813 forte
686 2765 925 2839 Virgilius
956 2764 1134 2813 famam
1168 2764 1394 2827 aliquam,

273 2829 397 2878 duos
420 2844 527 2877 eam
548 2844 733 2892 angues
755 2829 848 2876 sibi
870 2827 1156 2877 admovisse.

338 2892 610 2943 ens—703.
648 2892 883 2940 Proelium
902 2892 1105 2940 deorum
1126 2892 1303 2940 artifex
1325 2891 1395 2939 ef-

272 2957 483 3005 finxerat
512 2956 567 3004 iu
589 2970 713 3005 aere:
750 2957 813 3004 ab
832 2970 931 3005 una
956 2966 1095 3019 parte
1116 2958 1401 3021 pugnabant

271 3020 341 3069 dii
377 3018 612 3085 AEfflptii,
636 3022 699 3069 ab
730 3020 883 3069 altera
912 3020 1137 3069 Romani.
1198 3022 1259 3068 In
1292 3036 1395 3069 me-

269 3083 353 3133 dio
408 3099 588 3147 ugnsm
610 3084 881 3133 incendunt
903 3086 1055 3142 Mars,
1080 3084 1257 3143 Furiae,
1279 3085 1395 3133 Dis-

270 3100 449 3205 cortsss,
484 3148 700 3196 Bellona.
756 3151 981 3197 Lacr-ator
1009 3151 1204 3205 Anubis,
1236 3148 1397 3212 capite

272 3212 463 3261 canino.
501 3214 717 3271 Galatas,
736 3212 1033 3275 exsculptus,
1056 3228 1172 3259 nam
1194 3212 1255 3259 de
1278 3226 1393 3259 ana-

271 3276 453 3341 glypho
486 3276 662 3339 agitur,
700 3286 753 3324 et
788 3280 953 3325 calare
987 3276 1057 3325 sic
1100 3276 1299 3341 proprie
1344 3276 1396 3323 in

271 3356 369 3389 aere
408 3339 600 3389 dicitur.
668 3344 743 3389 Ex
782 3344 951 3389 othere
990 3343 1138 3395 Dim,
1180 3340 1397 3401 adeoque

272 3404 504 3453 volantes.
580 3408 774 3453 Bellona
816 3418 929 3452 cum
979 3404 1171 3467 flagello
1212 3402 1397 3467 passim

272 3468 429 3517 obvia.

350 3534 461 3589 7⁰4,
506 3532 614 3583 705.
674 3532 895 3580 Homero
936 3532 1156 3581 sublecta
1198 3540 1249 3579 et
1293 3532 1397 3579 boec

272 3596 518 3660 Apollinis
546 3596 749 3661 species,
786 3596 925 3645 Iliad.
954 3614 1002 3653 vr,
1030 3598 1125 3646 700
1146 3612 1273 3659 sqq-3
1310 3596 1397 3644 sed

270 3660 505 3724 praeclara
531 3674 643 3709 cum
674 3670 779 3709 arte
812 3670 861 3709 et
892 3660 1103 3708 solertia.
1162 3661 1285 3709 Eam
1308 3674 1395 3707 au-

272 3734 373 3772 tem
394 3724 658 3799 imaginem
680 3724 819 3771 facile
838 3724 990 3772 menti
1011 3724 1221 3784 objicere
1238 3723 1400 3787 potuit

266 3787 463 3850 signum
496 3804 547 3836 m
580 3789 913 3852 promontorio
936 3788 1138 3837 Actiaco
1164 3788 1393 3852 positum.

270 3852 549 3915 Pugnatum
570 3864 748 3909 autem,
782 3852 835 3901 in
862 3862 1125 3916 conspectu
1148 3851 1395 3915 Apollinis

272 3916 421 3973 Actii,
444 3916 497 3965 in
520 3918 763 3965 exteriore
780 3926 919 3981 parte
941 3917 1079 3965 sinus
1101 3916 1365 3964 Ambracii.

336 3980 447 4055 7017,
472 3980 581 4031 708.
620 3980 787 4029 Prima
808 3981 975 4059 regina
1000 3980 1164 4044 fugam
1185 3981 1395 4028 circum-

268 4054 466 4157 :ffb
480 4048 868 4167 .ιῖιὶ”ἒ“,”ἓὲ“ἕζ’
892 4045 1395 4158 52'123222’5333224

266 4172 425 4283 gunea,
462 4172 679 4236 adeoque
712 4173 821 4222 vela
848 4173 1093 4237 explicare
1118 4182 1171 4222 et
1206 4188 1391 4237 expan-

304 4252 401 4285 ere.

334 4300 445 4358 709,
469 4300 578 4351 710.
615 4303 869 4353 Pallantem
886 4310 1026 4350 morte
1034 4301 1205 4363 sutura
1216 4320 1234 4355 ,-
1258 4300 1395 4365 quasi

269 4364 600 4428 praesensione
624 4366 793 4414 mortis
820 4367 945 4414 hanc
1160 4380 1395 4415 consecu-

272 4438 405 4477 turae.
476 4429 718 4479 Pallorem
752 4438 915 4479 autem
950 4440 1151 4495 argento
1188 4431 1267 4479 vel
1300 4429 1397 4479 alio

1462 2763 1660 2811 metallo
1683 2762 1853 2810 debuit
1884 2762 2061 2810 artifex
2093 2762 2312 2811 reddere.
2369 2766 2590 2827 Iapygem

1462 2828 1660 2891 proprie
1715 2826 1854 2883 dixit,
1899 2840 2014 2874 nam
2058 2828 2118 2874 ab
2161 2826 2450 2875 occidentali
2505 2828 2590 2877 illa

1462 2891 1606 3002 plagia
1626 2890 1798 2939 debuit
1825 2889 1994 2939 venire
2015 2900 2190 2939 ventus
2213 2892 2486 2956 Cleopatrae
2507 2908 2585 2943 sc-

1462 2970 1558 3004 cun
1595 2972 1665 3003 us.

1528 3018 1801 3070 'Ill—71³.
1839 3018 2091 3068 Poeticum
2109 3020 2270 3069 visum
2289 3034 2524 3084 magnum
2541 3030 2592 3070 et

1462 3083 1764 3148 preclarum.
1829 3084 1968 3147 Fuga
1995 3084 2182 3149 petitur
2214 3084 2387 3133 Nilus:
2429 3086 2472 3134 is
2507 3086 2584 3133 fu·

1460 3149 1653 3211 gientes
1686 3147 1882 3213 excipit.
1941 3149 2053 3197 Jam
2079 3148 2364 3197 Fluviorum
2385 3150 2585 3197 simula-

1460 3228 1545 3260 cra
1569 3212 1730 3275 cogita
1765 3212 1928 3275 specie
1957 3213 2184 3271 humana,
2212 3214 2508 3271 recubantis,
2539 3224 2590 3263 et

1460 3275 1692 3323 inferiore
1731 3276 1950 3339 corporis
1993 3287 2132 3339 parte
2175 3287 2310 3325 veste
2349 3288 2490 3335 tecta,
2533 3288 2592 3327 ut

1464 3348 1626 3387 tamen
1659 3338 1822 3387 sinum
1865 3339 2026 3387 facere
2057 3340 2260 3403 possint,
2305 3356 2449 3404 quem
2492 3342 2584 3390 Ni-

1462 3402 1540 3450 lus
1560 3402 1860 3465 fugientibus
1879 3412 2104 3451 ostentat.
2163 3405 2350 3452 Ornate
2380 3406 2586 3468 singula,

1464 3466 1612 3514 etiam
1641 3468 1868 3514 latebrosa
1889 3470 2100 3528 flamina,
2124 3482 2234 3530 quae
2266 3482 2356 3531 pro
2387 3468 2588 3517 latebris

1464 3544 1594 3578 nunc
1617 3538 1769 3578 erant.

1529 3593 1802 3644 714—716.
1835 3594 2056 3642 Tandem
2078 3594 2356 3659 triumphus
2374 3595 2588 3658 Augusti

1464 3668 1569 3707 erat
1589 3666 1966 3721 repraesentatus
1987 3656 2039 3705 in
2061 3657 2124 3705 cli
2161 3672 2232 3706 eo.
2293 3659 2410 3706 Fuit
2433 3659 2476 3707 is
2499 3660 2586 3707 tri-

1462 3722 1580 3787 plex
1615 3722 1670 3770 in
1706 3721 1848 3769 trinis
1883 3720 2080 3771 diebus:
2181 3722 2447 3781 almaticus,
2487 3726 2585 3772 Ac-

1460 3786 1630 3844 tiacas,
1678 3786 2054 3835 Alexandrinus.
2132 3788 2292 3835 Votum
2337 3792 2589 3838 immortale

1457 3854 1704 3899 amabat.-
1745 3851 1940 3914 templa,
1973 3866 2123 3915 opera
2157 3851 2464 3911 immortalia,
2500 3852 2586 3901 de-

1462 3916 1655 3963 dicabat
1687 3930 1751 3963 ex
1783 3925 1922 3972 vot03
1967 3924 2018 3963 et
2054 3916 2250 3977 quidem
2287 3932 2464 3979 magno
2496 3933 2586 3965 nu-

1462 3994 1613 4038 mero,
1653 3980 1783 4028 unde
1808 3987 1988 4028 trec-ena
2011 3979 2147 4027 dixit.
2202 3982 2326 4035 Quae
2356 3996 2446 4045 per
2471 3981 2585 4029 reli-

1460 4060 1604 4107 quam
1629 4043 1842 4107 Augusti
1864 4043 2016 4091 vitam
2043 4044 2168 4091 facta
2191 4054 2319 4102 sunt,
2342 4045 2589 4095 revocavit

1460 4118 1606 4173 poeta
1629 4110 1719 4157 sub
1743 4123 1896 4156 unum
1921 4118 2128 4173 tempus.

1526 4172 1799 4223 717—719.
1849 4172 2028 4219 vivide
2065 4172 2234 4220 laetitia
2273 4172 2468 4237 publica
2501 4174 2586 4223 de—

1460 4236 1703 4285 scribitur.
1767 4234 2025 4297 Exquisite
2063 4251 2180 4283 vero
2215 4236 2298 4284 illa
2337 4237 2468 4286 dicta
2497 4256 2589 4303 pro

1462 4300 1768 4363 vulgaribus:
1805 4299 2030 4348 omnibus
2051 4299 2104 4347 in
2139 4300 2334 4365 templis
2355 4310 2586 4351 matrona-

1460 4382 1564 4413 rum
1585 4367 1940 4425 supplicantium
1967 4372 2108 4412 eoetus
2131 4376 2183 4413 et
2212 4383 2322 4427 arae,
2346 4375 2454 4416 ante
2475 4386 2589 4431 quas

1462 4428 1674 4479 victimae
1694 4427 2082 4478 immolabantur.
