3050 4934
1161 209 1503 274 LIBER
1550 211 1683 276 IV.

2454 215 2573 278 177

423 353 498 416 Si
525 357 741 433 modo,
773 379 966 440 quem
993 359 1326 443 perhibeS,
1359 371 1548 446 pater
1576 373 1679 426 est
1710 362 2149 447 Thymbraeus
2180 362 2445 449 Apelle,

421 453 710 521 Invisum
737 455 889 522 fatis
918 461 1248 544 genuisti?
1294 472 1408 525 aut
1435 485 1569 546 quo
1600 465 1718 528 tibi
1747 465 1955 529 nostri

215 555 364 618 325
421 555 662 622 Pulsus
694 564 916 623 amor-2
961 562 1124 644 quid
1153 585 1254 626 me
1285 561 1520 627 coelum
1552 587 1819 649 sperare
1840 567 2169 649 jubebas?

417 655 530 721 En
559 658 754 722 etiam
779 659 956 725 hunc
986 663 1202 746 ipsum
1230 663 1380 726 vitae
1409 663 1697 727 mortalis
1730 665 2065 743 honorem,

420 757 640 830 Quem
667 759 826 824 mihi
852 761 964 826 vix
991 761 1254 845 frugum
1281 773 1350 826 et
1379 765 1706 847 pecudum
1734 767 2037 830 custodia
2066 766 2294 832 sollers

418 858 658 923 Omnia
689 863 964 926 tentanti
993 864 1364 938 extuderat,
1396 873 1462 928 te
1493 877 1721 942 matre,
1748 866 2065 950 relinquo.

417 959 602 1032 Quin
631 983 776 1046 age,
807 973 877 1026 et
905 963 1051 1047 ipsa
1079 985 1274 1028 manu
1301 962 1523 1028 felices
1556 987 1715 1029 erue
1744 965 1975 1044 silvas;
2372 1046 2377 1050 .

209 1059 364 1124 330
416 1058 546 1125 Fer
570 1062 843 1128 stabulis
867 1065 1190 1128 inimicum
1219 1066 1457 1149 ignem,
1487 1076 1687 1150 atque
1718 1067 2011 1132 interfice
2042 1090 2325 1144 messes;

417 1160 556 1226 Ure
581 1173 744 1240 sata,
776 1175 846 1229 et
875 1163 1152 1232 validam
1181 1167 1248 1229 in
1277 1167 1440 1230 vites
1469 1165 1697 1231 molire
1726 1169 2107 1252 bipennem;

419 1261 636 1328 Tanta
663 1287 827 1338 meae
853 1267 910 1330 si
940 1278 1004 1331 te
1027 1278 1346 1352 ceperunt
1376 1268 1573 1332 taedia
1601 1267 1835 1333 laudis·

500 1363 598 1429 At
625 1377 832 1431 mater
861 1368 1144 1432 sonitum
1167 1365 1448 1432 thalamo
1479 1369 1603 1433 sub
1632 1369 1911 1435 fluminis
1942 1371 2055 1436 alti

419 1464 666 1531 Sensit:
714 1489 860 1533 eam
887 1469 1128 1532 circum
1159 1467 1424 1533 Milesia
1453 1467 1693 1535 vellera
1721 1471 2051 1556 Nymphae

215 1567 368 1631 335
419 1565 816 1651 Carpebant,
852 1569 1029 1653 hyali
1057 1580 1282 1633 saturo
1302 1569 1523 1634 fileata
1548 1570 1803 1649 colore;

416 1667 821 1753 Drymoque,
855 1668 1283 1754 Xanthoque,
1319 1670 1683 1755 Ligeaque,
1716 1670 2283 1758 Phyllodoceque}

413 1767 762 1833 Coesariem
790 1769 1020 1834 effusae
1049 1771 1316 1836 nitidam
1340 1793 1460 1855 per
1490 1773 1771 1836 candida
1800 1770 1993 1850 colla3

415 1869 734 1947 *Nesaee,
766 1871 1082 1956 Spioque,
1114 1870 1506 1955 Thaliaque,
1538 1871 2064 1956 Cymodoceque,
2082 1875 2120 1914 ¹*

415 1971 870 2056 Cydippeque,
899 1983 968 2036 et
997 1972 1166 2037 flava
1196 1972 1541 2056 Lycorias;
1589 1972 1793 2037 altera
1821 1975 2027 2058 virgo,

225 2073 374 2136 340
413 2069 646 2136 Altera
675 2083 814 2136 tum
841 2074 1084 2157 primos
1116 2072 1386 2137 Lucinae
1417 2083 1693 2156 experta
1712 2073 2009 2151 labores;

412 2171 684 2257 Clioque
713 2183 784 2237 et
811 2173 1028 2238 Beroe
1059 2195 1269 2249 soror,
1303 2173 1727 2240 Oceanitides
1752 2176 1987 2252 ambae,

297 2317 582 2364 823-325,
609 2319 857 2380 styubra,
885 2332 1002 2380 ager
1031 2317 1252 2376 Troadis,
1269 2316 1361 2366 flu-

229 2381 320 2428 vio
355 2380 624 2443 Thymbrio
657 2380 904 2444 irrigatus,
941 2381 1024 2444 qui
1057 2381 1111 2429 in
1129 2382 1362 2430 Scaman-

227 2444 384 2493 drum
399 2459 514 2492 cum
537 2445 788 2494 Simoente
815 2447 918 2508 jam
945 2448 1172 2508 junctum
1195 2461 1248 2494 se
1270 2445 1362 2492 im-

229 2507 417 2564 mittin
453 2507 566 2557 Cano
581 2509 830 2573 Apollinis
847 2509 1036 2558 nobilis.
1094 2509 1190 2558 Est
1204 2519 1366 2558 autem

233 2588 414 2622 vm
450 2573 766 2622 adumbratus
803 2589 866 2622 ex
900 2573 1074 2637 Odyss.
1111 2591 1140 2631 ι,
1173 2575 1284 2630 529,
1312 2571 1367 2620 m

233 2635 438 2696 hob-n
481 2636 570 2686 οὺς
613 2636 720 2696 εἰμὶ,
767 2637 926 2699 πατὴρ
966 2637 1006 2686 δ’
1047 2637 1158 2698 ἐμὸς
1200 2637 1366 2699 εὔχεαι

233 2699 372 2748 ebus.
433 2703 532 2752 Quo
555 2703 674 2749 tffl:
707 2701 779 2749 ita
811 2701 926 2750 AEn.
962 2701 1014 2759 ii,
1040 2703 1151 2759 595,
1175 2717 1366 2764 quonam

233 2769 384 2813 antra·
403 2767 494 2812 aba·
514 2782 630 2814 enm
650 2769 838 2814 recusit
852 2769 877 2812 2

299 2828 577 2876 826—328.
614 2829 890 2879 Exornavit
922 2837 1067 2892 poeta
1097 2827 1156 2876 τὸ
1190 2826 1362 2890 &rudit

235 2892 476 2942 Homeri:
511 2893 640 2941 banc
659 2893 878 2956 gloriam,
899 2908 1044 2968 quam
1067 2891 1188 2940 mihi
1207 2891 1361 2940 multo

231 2973 348 3004 em
367 2957 551 3014 labore,
574 2957 624 3005 lo
769 2955 1087 3022 experientia!
1121 2954 1358 3011 molestia,

231 3037 298 3070 ex
332 3036 564 3084 agrorum
597 3039 626 3070 c
681 3032 737 3069 tn
772 3031 823 3069 et
852 3020 1094 3085 pecudum
1119 3018 1360 3081 (adeoque

229 3085 444 3198 ειη-..ὼ
417 3084 881 3208 Ἢὲἲὲζὲἵὲο
890 3083 1358 3211 Ἥὲιῖἶωὲηᾎωιὲ

229 3213 372 3261 deam
393 3221 603 3262 matrem
633 3214 854 3262 babeam.
910 3215 1118 3274 Frugun
1147 3217 1192 3257 et
1214 3225 1354 3270 pecu-

231 3280 338 3324 ds-
353 3297 371 3326 .·
421 3293 538 3326 nam
573 3276 736 3326 eidem
773 3276 982 3325 Aristaeo
1019 3273 1200 3322 tributa
1241 3287 1359 3320 cura

379 3341 392 3352 '
455 3352 514 3390 ut
535 3341 656 3390 Geo.
675 3341 708 3398 i,
733 3342 808 3398 14,
829 3341 958 3388 unde
980 3336 1110 3385 idem
1133 3334 1320 3395 Νόμος.

297 3407 572 3455 829-331.
607 3407 786 3453 Felices
813 3407 968 3459 silvae,
996 3401 1195 3449 arbusta
1221 3399 1350 3447 fruc-

235 3469 484 3518 tiferum
505 3470 750 3518 arborum.
799 3468 1040 3514 Inimicum
1063 3468 1212 3526 ignem
1226 3483 1244 3518 ,-
1265 3463 1354 3510 diu

237 3544 468 3591 notatum,
479 3529 796 3582 inuncet-ev)
809 3527 1039 3590 δήῐονπῦρ
1051 3543 1127 3592 ap.
1147 3527 1350 3576 Homer.

235 3611 286 3646 et
305 3597 434 3647 alibi.
469 3599 685 3658 laedes
707 3611 882 3652 messes,
906 3593 1070 3657 perde.
1108 3594 1224 3640 Sata
1245 3599 1356 3665 Ρραῐ

235 3679 392 3711 suem
405 3672 458 3710 et
481 3675 596 3708 cum
609 3659 794 3708 vitibus
814 3661 988 3721 juncta
1005 3671 1115 3704 cum
1139 3655 1358 3703 Max-nno

233 3726 362 3774 dices
391 3741 504 3774 esse
533 3725 732 3772 arbores
767 3732 912 3771 satas.
979 3723 1164 3778 Molis-e,
1202 3719 1354 3776 vibra,

225 3792 368 3850 jacta,
393 3799 450 3838 ut
469 3787 762 3838 excidantur
781 3787 920 3836 vites.

295 3856 389 3902 ³33
423 3869 529 3928 sqq.
565 3851 870 3900 Adumbrata
895 3851 1000 3898 boec
1031 3864 1094 3897 ex
1119 3849 1354 3904 Homero,

231 3917 312 3966 nbi
348 3918 528 3966 Thetis
567 3916 622 3964 in
657 3915 758 3964 imo
793 3915 942 3963 maris
980 3912 1134 3962 fundo
1169 3911 1354 3959 luctum

231 3981 440 4032 Achiuis
447 3979 686 4037 resciscit,
699 3979 840 4028 Iliad.
857 3995 903 4036 σ,
915 3979 976 4026 35
994 3992 1098 4039 sqq.
1133 3979 1352 4031 Sonitum,

230 4045 502 4102 mafanum,
537 4043 758 4093 nondum
796 4043 1028 4092 disertam
1049 4055 1234 4098 vocem,
1259 4052 1355 4114 qua

233 4109 386 4158 flium
405 4123 676 4173 agnoscere
697 4115 875 4173 posset.

295 4177 408 4232 334,
440 4175 552 4222 335.
589 4173 714 4228 Quae
747 4180 1029 4234 sequuntur,
1067 4169 1354 4218 adumbrata

231 4249 346 4286 ant
359 4237 424 4287 sd
440 4238 594 4286 vitam
613 4237 886 4302 priscorum
905 4234 1173 4284 hominum.
1200 4230 1350 4306 Sede-

231 4303 350 4350 bunt
367 4303 422 4350 in
439 4301 656 4350 thalamo
671 4299 864 4366 puelle,
885 4299 1030 4348 etiam
1049 4297 1211 4360 regiae,
1233 4311 1352 4344 assi-

229 4365 462 4416 dentibus
487 4381 578 4416 seu
603 4363 866 4414 comitibus
895 4373 945 4414 et
973 4361 1240 4426 aequalibus
1269 4375 1358 4407 seu

1429 2315 1639 2376 famulis,
1673 2327 1729 2367 ut
1755 2334 1879 2383 opus
1905 2317 2123 2368 facerent
2152 2325 2247 2369 seu·
2272 2323 2435 2370 nendo
2465 2340 2553 2373 seu

1430 2382 1671 2438 texendos
1706 2397 1838 2430 nunc
1856 2383 2040 2432 deabus
2057 2383 2358 2446 assignatum
2376 2402 2501 2450 opus
2523 2404 2552 2436 e

1429 2443 1545 2493 lana
1556 2444 1974 2510 praestantissima,
1991 2446 2203 2505 Milesia,
2219 2448 2381 2497 colore
2395 2466 2548 2500 coeru-

1429 2505 1522 2556 leo.
1598 2511 1780 2558 Vellera
1813 2513 2077 2571 cavebant,
2109 2511 2272 2559 lanam
2307 2512 2552 2562 ducebant

1428 2571 1554 2630 fuso,
1578 2575 1775 2622 nebant.
1832 2575 1983 2636 Hyan·
2014 2577 2157 2622 colora
2174 2593 2190 2621 .-
2226 2574 2381 2623 voluit
2417 2577 2547 2625 colo-

1429 2652 1535 2684 rem
1548 2639 1782 2700 hyalinum
1798 2637 2087 2701 exprimere,
2105 2639 2153 2686 h.
2168 2637 2387 2696 viridem,
2408 2640 2549 2699 vitro,

1430 2699 1677 2748 viridioris
1708 2700 1885 2749 coloris
1904 2711 2039 2765 puta,
2064 2701 2287 2750 similem.
2344 2705 2547 2766 Hydas,

1432 2764 1590 2821 ὕαλος,
1610 2779 1701 2828 pro
1724 2765 1864 2822 vin-o,
1890 2779 2015 2813 nove
2035 2764 2247 2822 dictum3
2282 2766 2408 2815 forte
2429 2767 2547 2817 dum

1425 2829 1655 2876 Graecum
1677 2828 1889 2903 aliquem
1908 2836 2103 2892 poetam
2120 2830 2412 2892 sequebatur
2429 2831 2545 2880 vir-

1425 2891 1585 2953 gilius.
1612 2891 1739 2940 Sunt
1754 2891 1904 2954 igitur
1916 2890 2273 2953 vellen-asama,
2288 2893 2401 2956 lana
2420 2895 2544 2942 tinc-

1427 2964 1490 3011 ta,
1505 2958 1651 3002 colore
1669 2957 1815 3030 hyali,
1830 2955 1959 3013 vitri,
1979 2955 2027 3003 h.
2052 2955 2213 3004 colore
2233 2956 2394 3015 viridi,
2413 2967 2543 3007 satu-

1423 3035 1492 3075 ro,
1511 3018 1559 3066 h.
1584 3033 1681 3080 quo
1697 3033 1807 3082 ipsa
1821 3019 2005 3067 vellera
2020 3027 2235 3068 saturata
2253 3029 2395 3076 sunt3
2430 3036 2543 3069 nam

1421 3081 1620 3193 Εἱῖῗιῗ
1632 3085 1760 3194 0¹:¹3⁶
1787 3089 2055 3204 ἳῖῑὲἴῗὶῗ
2072 3084 2547 3197 „32232230'2‘2‘

2422 3183 2436 3206 ,
2522 3179 2544 3188 -

1423 3216 1551 3256 trem
1565 3218 1749 3270 pontus,
1775 3218 1825 3257 et
1855 3209 2037 3258 similia
2065 3210 2311 3270 dicuntur,
2334 3212 2398 3260 ad
2414 3214 2543 3261 eolo-

1421 3287 1527 3320 rem
1544 3273 1805 3321 caeruleum
1954 3281 2057 3322 tare
2087 3274 2139 3322 id
2158 3273 2377 3332 videtum
2413 3277 2455 3324 si
2472 3281 2541 3324 m·-

1420 3333 1679 3397 trmsons‚
1699 3335 1761 3384 ad
1774 3289 2171 3400 peffidioeoem.
2213 3341 2419 3388 Vitream
2438 3343 2542 3388 Cir-

1419 3415 1500 3447 cen
1533 3399 1630 3448 alia
1661 3401 1863 3449 audacia
1891 3400 2018 3448 dixit
2051 3401 2175 3449 Hor.
2208 3402 2239 3459 i,
2266 3403 2427 3450 Carm-
2468 3404 2541 3460 17,

1421 3465 1498 3521 20,
1523 3479 1613 3526 pro
1635 3463 1847 3512 marina:
1886 3473 1941 3512 ut
1962 3463 2083 3512 alias
2105 3464 2209 3512 deae
2238 3465 2440 3512 marinae
2460 3482 2539 3513 so-

1417 3526 1524 3574 lent
1549 3526 1647 3574 dici
1670 3530 1887 3574 cerulea.
1952 3529 2157 3574 Vitream
2191 3535 2375 3575 antrum
2398 3529 2542 3576 ovid.

1421 3590 1546 3638 Met.
1573 3607 1617 3648 v,
1643 3591 1721 3636 48.

1487 3653 1759 3702 336-340.
1800 3653 1863 3701 In
1876 3653 2155 3715 hujusmodi
2174 3655 2544 3705 enumeratione

1421 3717 1688 3766 multorum
1702 3717 1955 3766 nominum
1971 3732 2034 3764 ex
2048 3716 2274 3780 mythicis
2288 3719 2435 3767 rebus
2452 3735 2539 3783 pe-

1423 3781 1625 3831 titorum
1649 3781 1879 3830 videntur
1900 3781 1995 3830 sibi
2018 3780 2159 3829 valde
2188 3781 2432 3844 placuisse
2454 3799 2540 3831 ve-

1424 3854 1554 3895 teres
1564 3855 1720 3910 poetae
1736 3865 1748 3901 ;
1783 3846 1908 3894 forte
1917 3844 2031 3908 quia
2045 3844 2335 3893 eruditionis
2346 3845 2543 3894 laudem

1420 3925 1501 3958 res
1513 3911 1737 3969 habebat,
1750 3919 1801 3958 et
1808 3909 2059 3958 varietatis
2072 3909 2321 3972 copiaeque
2334 3909 2543 3972 gratiam

1420 3973 1675 4022 nominum
1698 3990 1761 4022 ex
1784 3983 1947 4038 etymo
1969 3971 2271 4036 significatus
2293 3973 2543 4022 afl'undere

1419 4046 1594 4102 potest.
1632 4039 1829 4087 Nostris
1842 4037 2039 4101 quidem
2058 4037 2282 4084 sensibus
2295 4037 2445 4100 periit
2460 4038 2546 4087 illa

1376 4151 1386 4160 ,
1419 4101 1651 4151 suavitas.
1700 4103 1943 4150 Caeterum
1956 4099 2037 4148 hic
2054 4099 2188 4148 loeus
2206 4100 2370 4148 ethaec
2386 4103 2541 4150 nomi-

1419 4182 1484 4214 na
1497 4181 1561 4214 ex
1576 4167 1797 4214 Homero
1813 4165 1969 4229 petita
1988 4162 2127 4212 Iliad.
2146 4179 2194 4222 σ,
2214 4163 2275 4214 37
2294 4180 2397 4227 sqq.
2416 4167 2541 4214 Ver-

1421 4247 1503 4278 sus
1523 4233 1619 4278 338
1642 4231 1777 4278 abest
1798 4245 1861 4277 ex
1878 4227 2076 4293 optimis
2095 4227 2356 4286 codicibus,
2382 4237 2433 4276 et
2453 4246 2541 4294 po-

1423 4303 1520 4344 test
1537 4309 1599 4342 ex
1616 4294 1735 4342 AEn.
1751 4309 1796 4350 v,
1814 4293 1909 4340 826
1928 4293 2024 4340 huc
2046 4300 2226 4340 tractus
2246 4308 2353 4341 esse
2371 4293 2541 4342 videri.

1491 4360 1600 4405 ³41.
1642 4361 1931 4406 Oceanitides
1963 4360 2125 4406 «παῦε.-
2148 4357 2227 4405 hae
2256 4357 2406 4421 igitur
2428 4359 2544 4408 solae

1345 4425 1432 4470 2Α
