3050 4934
473 243 603 307 490
1363 237 1895 310 AENEIDOS

647 391 890 458 Tollite
919 405 1175 471 cuncta,
1205 392 1436 478 inquit,
1467 403 1854 477 coeptosque
1884 388 2137 454 auferte
2166 387 2451 464 labores,

473 493 606 558 440
650 494 893 558 AEtnaei
923 494 1268 579 Cyclopes,
1299 505 1368 558 et
1395 494 1525 559 huc
1554 493 1871 558 advertite
1902 501 2204 556 mentem.

645 592 850 659 Arma
878 597 1010 660 acri
1037 595 1336 660 facienda
1364 597 1522 660 viro.
1602 594 1801 659 Nunc
1832 592 2074 656 viribus
2104 613 2289 668 usus,

645 694 845 761 Nunc
873 697 1170 762 manibus
1201 698 1470 780 rapidiS,
1503 697 1675 760 omni
1702 715 1873 758 nunc
1902 703 2043 756 arte
2073 693 2403 775 magistra.

646 797 1062 883 Praecipitate
1089 820 1324 862 moras.
1404 797 1553 861 Nec
1582 797 1774 881 plura
1803 793 2077 859 effatus:
2122 803 2191 856 et
2218 791 2309 856 illi

645 897 850 964 Ocius
881 901 1234 964 incubuere
1265 921 1513 975 omnes,
1545 899 1921 981 pariterque
1950 894 2239 958 laborem

469 998 600 1063 4045
645 999 908 1064 sortiti:
953 1001 1098 1064 fluit
1126 1023 1218 1064 aes
1249 1001 1423 1077 rivis,
1450 999 1721 1083 aurique
1751 994 2115 1072 metallum3

641 1099 1138 1186 Vulnificusque
1169 1100 1438 1185 chalybs
1467 1111 1651 1164 vasta
1677 1098 1939 1164 fornace
1966 1096 2287 1182 liquescit.

642 1201 981 1287 Ingentem
1009 1201 1287 1287 clipeum
1313 1201 1685 1276 informant,
1717 1221 1919 1264 unum
1947 1198 2161 1262 omnia
2190 1205 2417 1261 contra

641 1302 812 1367 Tela
841 1303 1261 1380 Latinorum3
1309 1313 1749 1386 septenosque
1780 1300 2049 1364 orbibus
2079 1299 2273 1362 orbes

642 1403 1033 1487 Impediunt.
1113 1401 1246 1466 Alii
1273 1403 1560 1468 ventosis
1586 1401 1847 1466 foUibus
1878 1422 2071 1464 auras

463 1505 594 1569 450
643 1502 990 1589 Accipiunt
1018 1503 1468 1587 redduntque:
1515 1501 1623 1568 alii
1654 1501 1997 1566 stridentia
2024 1503 2282 1584 tingunt

638 1605 804 1669 AEra
831 1604 998 1670 lacu.
1077 1604 1302 1670 Gemit
1329 1605 1645 1689 impositis
1672 1604 2017 1668 incudibus
2046 1611 2324 1666 antrum.

637 1705 739 1771 Illi
766 1707 936 1770 inter
966 1729 1110 1770 sese
1139 1704 1341 1770 multa
1367 1707 1430 1770 vi
1457 1704 1727 1770 brachia
1754 1702 1991 1768 tollunt

638 1805 716 1872 In
746 1804 1104 1886 numerum,
1137 1817 1524 1891 versantque
1557 1806 1769 1870 tenaci
1796 1805 2043 1889 forcipe
2070 1824 2367 1866 massam.

721 1907 890 1973 Haec
917 1919 1106 1992 pater
1135 1907 1366 1972 AEoliis
1397 1918 1709 1992 properat
1738 1908 1894 1971 dum
1924 1905 2234 1970 Lemnius
2264 1903 2429 1980 oris;

460 2009 590 2074 455
634 2009 1016 2074 Evandrum
1043 2031 1128 2072 ex
1155 2007 1379 2072 humili
1409 2019 1585 2072 tecto
1611 2007 1725 2072 lux
1756 2007 2027 2071 suscitat
2054 2003 2242 2081 alma,

635 2110 728 2174 Et
756 2111 1052 2174 matutini
1083 2108 1412 2173 volucrum
1443 2110 1567 2172 sub
1596 2107 1871 2172 culmine
1902 2117 2155 2172 cantus.

636 2211 991 2295 Consurgit
1019 2210 1257 2287 senior,
1289 2211 1635 2294 tunicaque
1666 2209 1995 2274 inducitur
2021 2217 2227 2284 artus,

633 2311 726 2375 Et
755 2310 1102 2396 Tyrrhena
1131 2310 1373 2395 pedum
1403 2311 1759 2375 circumdat
1789 2307 2041 2374 vincula
2068 2307 2343 2393 plantis:

631 2413 806 2478 Tum
834 2412 1022 2478 lateri
1050 2423 1248 2497 atque
1276 2413 1561 2477 humeris
1592 2411 1949 2495 Tegeaeum
1978 2409 2262 2493 subligat
2290 2431 2531 2490 ensem,

459 2515 590 2578 460
633 2514 940 2578 Demissa
968 2516 1053 2579 ab
1080 2512 1242 2578 loeva
1271 2513 1609 2598 pantherae
1638 2523 1825 2595 terga
1853 2521 2263 2594 retorquens.

631 2614 780 2680 Nec
811 2637 942 2680 non
969 2625 1038 2679 et
1067 2617 1302 2698 gemini
1333 2615 1641 2678 custodes
1670 2612 1883 2678 limine
1914 2614 1999 2677 ab
2028 2610 2161 2676 alto

633 2717 1026 2781 Praecedunt
1055 2737 1480 2799 gressumque
1513 2738 1708 2780 canes
1740 2715 2128 2778 comitantur
2156 2712 2444 2778 herilem.

633 2817 933 2902 Hospitis
964 2815 1200 2880 AEneae
1231 2816 1452 2881 sedem
1481 2827 1549 2880 et
1580 2826 1835 2880 secreta
1865 2816 2154 2899 petebat,

459 3071 620 3119 locum
642 3070 703 3117 de
727 3070 922 3118 thorace
953 3069 1301 3132 interpreteris,
1323 3072 1462 3132 eujus
1493 3083 1579 3117 ex·
1646 3083 1759 3115 casa
1778 3066 2009 3116 Evandri.
2058 3067 2246 3114 Suntne
2266 3065 2655 3178 galligallinacei
2686 3067 2761 3115 in-

460 3143 628 3182 tremze
641 3149 739 3182 ονε
756 3133 996 3196 anguibus
1012 3133 1246 3181 connexis
1265 3143 1316 3182 et
1331 3133 1583 3197 implicitis
1649 3131 1931 3195 telligendi?
1960 3131 2266 3179 Hirundines
2278 3146 2376 3178 non
2408 3131 2532 3179 acile
2550 3147 2578 3179 c
2596 3147 2767 3180 somno

457 3199 592 3246 inter
619 3212 673 3245 se
705 3207 823 3245 sunt
853 3197 1040 3252 cinctae,
1072 3197 1125 3244 in
1159 3198 1320 3245 medio
1352 3199 1581 3261 Gorgone
1647 3197 1864 3244 excitant
1884 3195 2193 3252 dormientes,
2217 3210 2307 3242 nec
2330 3194 2392 3243 ad
2412 3195 2545 3244 hunc
2568 3211 2711 3244 usum
2736 3211 2767 3244 a

457 3263 632 3328 posita.
676 3265 907 3320 Turbam,
923 3261 1072 3309 iratae.
1123 3263 1376 3310 Ver-tentem
1392 3265 1578 3320 lumina,
1644 3260 1805 3325 poetis
1850 3259 2157 3309 advocantur.
2240 3257 2339 3306 Sed
2382 3259 2547 3307 avium
2592 3269 2764 3308 cantus

459 3326 523 3374 de
541 3325 696 3375 oculis
715 3326 880 3383 torvis,
900 3324 1122 3388 obliquis,
1142 3341 1204 3373 ex
1221 3326 1294 3374 ira
1316 3335 1368 3374 et
1386 3326 1577 3384 furores
1644 3341 1757 3373 cum
1774 3324 1891 3372 solis
1912 3332 2021 3372 ortu
2044 3323 2263 3372 renovati
2284 3323 2593 3387 intelligendi
2618 3333 2759 3373 sunt:

460 3399 547 3439 aut
561 3390 726 3456 potius
742 3390 806 3438 de
817 3389 1040 3446 inversis,
1059 3389 1276 3452 dejectis,
1291 3398 1342 3438 et
1358 3390 1579 3448 occlusis,
1646 3405 1735 3437 nec
1758 3387 2039 3452 accipienda
2061 3388 2222 3445 verba,
2246 3387 2384 3449 quasi
2406 3397 2579 3437 cantus
2598 3389 2761 3437 avium

459 3454 642 3520 quippe
663 3455 717 3503 in
739 3454 898 3518 capite
919 3453 1089 3502 reciso.
1645 3455 1751 3516 ejus
1768 3467 1994 3501 somnum
2024 3451 2437 3515 interpellaverit;
2472 3451 2560 3500 sed
2576 3454 2669 3501 sub
2686 3452 2759 3500 lu-

523 3521 634 3568 44⁰.
686 3522 864 3568 AEtnaet‘
898 3521 938 3567 0
967 3520 1145 3579 clopu:
1196 3516 1256 3565 cf.
1291 3517 1354 3566 ad
1385 3533 1430 3566 v.
1465 3520 1577 3568 419.
1644 3517 1715 3566 cis
1738 3526 1897 3564 ortum
1917 3525 1967 3564 et
1983 3515 2233 3564 volucrum
2254 3526 2450 3564 cannam
2473 3532 2585 3564 eum
2608 3515 2759 3579 evigi-

459 3585 522 3632 In
554 3583 868 3646 sequentibus
897 3583 944 3631 se
963 3582 1015 3631 ix
1046 3581 1232 3630 notatio
1261 3581 1497 3631 brevitate
1528 3592 1583 3631 et
1643 3581 1783 3629 lasse.
1855 3583 2093 3642 Tyrrhena
2124 3583 2305 3628 vincula
2319 3599 2335 3626 .-
2386 3590 2587 3629 ornatus
2618 3595 2763 3629 causa

457 3647 708 3697 celeritate
728 3649 985 3696 verborum
1008 3647 1304 3695 observetur.
1644 3645 1859 3692 Tuscum
1876 3643 2253 3692 calceamentum
2277 3644 2455 3706 posuit.
2504 3644 2663 3693 Simili
2682 3660 2759 3692 or-

521 3714 632 3760 448.
686 3715 900 3772 Septenos
931 3713 1116 3758 orbibus
1147 3714 1278 3759 orbes
1309 3713 1576 3771 impediunt,
1644 3717 1875 3757 namento
1903 3708 2131 3772 pan-ium,
2158 3707 2463 3766 Arcadicum,
2498 3725 2583 3757 seu
2616 3712 2760 3784 Tege·

455 3785 626 3825 ornate
649 3791 752 3840 pro,
776 3774 990 3830 faciunt3
1025 3774 1096 3822 illi
1121 3776 1263 3822 orbes
1289 3784 1405 3822 sunt
1434 3774 1575 3823 lami-
1642 3789 1759 3822 aeum
1780 3789 1927 3821 emm
1947 3771 2108 3828 dedit;
2144 3771 2236 3820 etsi
2266 3772 2453 3821 nullum
2484 3773 2577 3822 hoc
2606 3773 2759 3836 insig-

456 3855 535 3888 nae
567 3855 706 3889 aereae
737 3838 846 3887 aliae
877 3853 1026 3902 super
1057 3837 1201 3886 aliam
1249 3838 1486 3902 impactae,
1522 3847 1579 3887 ut
1642 3837 1755 3887 nius
1771 3836 1903 3885 ensis
1925 3852 2081 3899 genus
2097 3835 2204 3884 fuit.

457 3904 762 3969 septemplex
783 3911 913 3952 esset
933 3903 1134 3966 clipeus.
1706 3902 1816 3949 460.
1852 3903 2069 3948 Ornatus
2089 3915 2279 3948 versus:
2310 3899 2515 3949 axrnictus
2535 3899 2681 3964 pelle,
2701 3916 2764 3950 ex

521 3969 794 4018 449—453.
833 3967 1044 4016 Eosdem
1061 3981 1232 4015 versus
1255 3965 1308 4014 in
1323 3967 1579 4030 Georgicis
1641 3965 1815 4015 dextro
1847 3966 2051 4013 humero
2085 3973 2269 4012 retorta
2303 3964 2355 4012 in
2388 3964 2567 4014 laevum
2600 3965 2759 4014 latus:

457 4033 668 4082 vidimus
685 4033 749 4089 iv,
781 4032 869 4080 171
895 4047 964 4094 sq.
1642 4029 1809 4077 habitu
1830 4029 2080 4090 signorum
2107 4027 2352 4077 Herculis.

520 4100 616 4145 454
630 4114 730 4160 sqq.
767 4099 940 4144 Artem
957 4103 1116 4159 poetae
1135 4094 1190 4142 in
1211 4093 1398 4141 variato
1409 4109 1575 4143 rerum
1703 4093 1975 4140 461—4-63.
2014 4094 2191 4140 Limine
2217 4096 2277 4140 ab
2308 4097 2416 4150 alto,
2444 4102 2683 4157 perpetuo
2711 4101 2761 4141 et

455 4175 506 4208 et
527 4161 760 4209 orationis
781 4162 1058 4209 charactere
1078 4160 1293 4206 observa.
1353 4159 1502 4207 Lenis
1525 4168 1575 4207 et
1638 4157 1837 4222 proprio
1880 4156 2064 4205 liminis
2119 4156 2366 4222 epitheto;
2423 4172 2537 4206 nam
2582 4155 2759 4219 alioqui

455 4225 664 4289 simplex
686 4224 986 4287 candidaque
1008 4239 1139 4272 nunc
1161 4222 1268 4270 fluit
1295 4223 1463 4280 oratio,
1489 4239 1571 4270 eo-
1640 4222 1853 4271 aliemun
1878 4231 1983 4270 erat
2012 4238 2043 4270 a
2064 4237 2177 4270 casa
2200 4221 2378 4284 exigua
2410 4221 2562 4269 altum
2594 4221 2756 4270 limen.

453 4305 547 4352 que
567 4299 702 4337 tanto
725 4289 878 4351 mag-is
899 4298 1048 4350 grata,
1069 4287 1197 4350 quod
1218 4287 1504 4350 strepitibus
1523 4297 1577 4336 et
1640 4289 1895 4336 Seorsum.-
1933 4296 2123 4350 partem
2156 4285 2333 4334 :edium
2365 4285 2664 4342 interiorem,
2696 4284 2759 4333 ad

454 4353 742 4402 tumultibus
764 4352 992 4400 succedit.
1640 4367 1783 4414 quem
1822 4351 2027 4399 AEneam
2070 4350 2261 4414 vesperi
2302 4349 2583 4399 deduxerat.
2636 4351 2753 4399 Gen.

517 4417 790 4464 456-459,
840 4419 936 4464 Sub
973 4419 1178 4473 culmine,
1219 4415 1273 4464 in
1313 4415 1458 4465 domo
1495 4417 1575 4466 ¹vel
1638 4415 1705 4473 iv,
1730 4418 1841 4474 403,
1861 4418 1919 4464 In
1940 4422 2117 4464 secreta
2136 4417 2257 4463 senis
2278 4417 2454 4462 ducam
