3050 4934
459 203 594 268 438

1349 185 1919 270 mimi-Dos·

631 353 854 438 Hujus
883 375 1042 438 apes
1074 375 1390 418 summum
1417 353 1641 418 densae
1672 349 1985 434 (mirabile
2012 349 2245 432 dictu),

501 453 587 518 65
634 453 931 519 Stridore
961 455 1231 538 ingenti,
1262 453 1577 537 liquidum
1608 464 1787 518 trans
1816 451 2063 516 aethera
2092 460 2318 525 vectae,

635 555 980 620 Obsedere
1011 557 1296 640 apicem3
1342 567 1432 632 et,
1461 555 1743 640 pedibus
1774 575 1897 638 per
1924 562 2149 616 mutua
2176 552 2387 626 nexiS,

639 655 938 721 Examen
967 656 1256 720 subitum
1285 678 1465 720 ramo
1493 656 1839 720 frondente
1870 653 2209 737 pependit.

637 755 963 821 Continuo
991 767 1196 834 vates,
1229 755 1601 821 Externum
1628 756 1975 832 cernimus,
2004 754 2237 837 inquit,

635 856 1016 922 Adventare
1047 858 1276 934 virum,
1305 869 1375 922 et
1403 867 1625 942 partes
1655 868 1885 940 petere
1913 875 2145 938 agmen
2173 854 2441 917 easdem

509 958 594 1021 70
638 957 946 1024 Partibus
977 982 1063 1022 ex
1090 958 1323 1036 isdem,
1354 970 1422 1023 et
1451 980 1700 1023 summa
1729 956 2121 1022 dominarier
2148 976 2321 1018 arce.

636 1061 992 1138 Praeterea,
1024 1063 1222 1126 castis
1253 1060 1476 1126 adolet
1505 1061 1661 1124 dum
1690 1059 1919 1124 altaria
1948 1059 2164 1134 taedis,

639 1161 736 1226 Ut
755 1163 952 1246 juxta
979 1163 1338 1246 genitorem
1369 1162 1589 1226 adstat
1620 1160 1893 1225 Lavinia
1920 1161 2129 1242 virgo,

638 1261 803 1326 Visa
833 1262 1067 1346 (nefas)
1098 1262 1306 1346 longis
1336 1262 1806 1346 comprendere
1836 1262 2123 1325 crinibus
2151 1260 2390 1344 ignem,

638 1362 864 1447 Atque
895 1385 1148 1427 omnem
1177 1373 1473 1427 ornatum
1501 1362 1757 1426 flamma
1788 1362 2148 1446 crepitante
2180 1361 2471 1435 cremari,

510 1467 594 1529 75
641 1462 1058 1548 Regalesque
1090 1485 1364 1528 accensa
1379 1485 1630 1541 comas,
1662 1484 1937 1528 accensa
1962 1483 2288 1538 coronam,

639 1564 968 1649 Insignem
995 1565 1263 1648 gemmis
1287 1591 1303 1642 3
1349 1575 1486 1628 tuin
1516 1563 1763 1627 fumida
1790 1562 2029 1626 lumine
2058 1561 2237 1626 fulvo

645 1664 913 1741 Involvi‚
944 1687 1020 1729 ac
1049 1666 1203 1728 totis
1235 1663 1604 1729 Vulcanum
1636 1685 1947 1749 spargere
1978 1665 2189 1728 tectis.

643 1766 724 1830 Id
754 1788 909 1830 vero
934 1765 1335 1830 horrendum
1365 1787 1440 1829 ac
1471 1767 1614 1829 visu
1642 1765 1933 1829 mirabile
1962 1763 2153 1830 ferri:

644 1866 948 1951 Namque
979 1864 1120 1931 fore
1149 1864 1461 1931 illustrem
1492 1865 1663 1930 fama
1689 1865 1969 1949 fatisque
2001 1866 2321 1931 canebant

513 1970 599 2033 80
643 1967 899 2053 Ipsam3
951 1967 1068 2031 sed
1095 1965 1345 2051 populo
1371 1989 1676 2051 magnum
1706 1968 2099 2050 portendere
2128 1967 2389 2032 bellum.

644 2069 742 2133 At
770 2091 888 2133 rex
921 2067 1230 2132 sollicitus
1261 2069 1589 2144 monstriS,
1622 2066 1885 2132 oracula
1913 2065 2143 2144 Fauni,

645 2168 924 2232 Fatidici
951 2168 1286 2252 genitoris,
1319 2169 1477 2245 adit,
1508 2166 1819 2252 lucosque
1850 2169 1973 2232 sub
2005 2167 2137 2232 alta

648 2267 945 2333 Consulit
975 2265 1315 2345 Albunea3
1362 2290 1695 2333 nemorum
1726 2290 1874 2351 quae
1902 2289 2205 2332 maxuma
2234 2289 2419 2332 sacro

643 2370 852 2435 Fonte
883 2379 1094 2446 sonat,
1127 2390 1491 2453 saevamque
1521 2367 1787 2434 exhalat
1817 2391 2021 2454 opaca
2050 2369 2404 2454 mephitim.

471 2641 585 2690 ager
605 2639 758 2688 usque
793 2622 856 2672 ad
889 2637 1023 2672 mare
1058 2637 1115 2670 ac
1145 2621 1365 2670 Tiberim
1390 2623 1599 2669 Laurens

473 2691 552 2739 vel
587 2691 913 2744 Laurentium,
949 2685 1086 2734 silvis
1123 2694 1174 2733 et
1205 2683 1464 2748 paludibus
1495 2684 1596 2733 fre-

472 2767 642 2818 quens.
697 2750 1008 2800 Translatum
1033 2749 1282 2798 interdum
1318 2763 1496 2797 nomen
1536 2747 1599 2796 ad

473 2826 630 2866 totuin
667 2815 879 2865 Latium.
934 2817 1120 2862 Prinas
1158 2829 1302 2870 arces,
1341 2828 1453 2861 cuin
1489 2811 1595 2876 pri-

473 2896 608 2930 mum
623 2882 794 2929 urbem
813 2878 1056 2928 conderet.
1109 2876 1388 2925 Secundum
1403 2887 1601 2940 poetam

475 2945 598 2996 adeo
630 2944 836 2992 Latinus
865 2944 1036 2991 urbem
1071 2940 1303 2998 condidit,
1337 2950 1388 2988 et
1419 2956 1599 2992 nomen

475 3007 710 3072 imposuit
731 3024 762 3056 a
781 3006 946 3054 lauro:
981 3005 1122 3054 facile
1151 3004 1272 3052 adeo
1293 3004 1599 3068 intelligitur,

475 3076 653 3127 Picum,
677 3071 759 3134 qui
783 3079 898 3117 ante
917 3069 1148 3117 Latinum
1169 3067 1306 3126 vixit,
1325 3071 1603 3118 Lam-eutem

475 3153 520 3184 v.
551 3136 640 3185 171
665 3133 901 3209 appellari
916 3132 1109 3197 poetico
1195 3132 1362 3191 itheto,
1389 3149 1486 3181 non
1509 3149 1599 3182 iio·-

477 3199 610 3249 mine
660 3197 906 3246 historico.
981 3197 1126 3252 Quod
1223 3212 1366 3249 urum
1417 3198 1603 3246 Phoebo

475 3273 741 3318 consecrat,
797 3259 1051 3328 imniose
1104 3269 1251 3324 poeta
1297 3261 1476 3323 adJicit,
1521 3277 1600 3310 re-

477 3337 650 3440 ερῖσω
683 3325 748 3375 ad
782 3341 982 3381 suorum
1017 3334 1290 3388 temporum
1315 3325 1604 3389 religionem

477 3394 544 3441 lia
573 3390 658 3439 ito.

545 3455 754 3506 64—70.
790 3453 1015 3502 Examen
1037 3468 1198 3518 apum,
1217 3453 1406 3501 laurum
1430 3457 1601 3517 βοτρυ-

480 3523 564 3569 δὸν
597 3519 829 3576 insidens,
853 3517 1084 3582 praeclare
1105 3518 1322 3566 ornavit:
1359 3518 1454 3567 vid.
1480 3519 1602 3566 Geo.

479 3585 542 3642 iv,
569 3584 843 3633 656—658.
880 3583 974 3631 Est
997 3592 1160 3630 autem
1192 3582 1314 3630 illud
1348 3582 1478 3630 inter
1499 3581 1608 3630 dira

480 3649 670 3697 omina:
719 3647 817 3696 vid.
857 3647 984 3722 Plin.
1019 3647 1088 3704 ix,
1123 3646 1198 3722 ¹⁷:
1239 3649 1326 3695 18:
1363 3645 1599 3710 supersti-

479 3711 1004 3838 zwisaiffllzgfoebfle
997 3711 1116 3823 ‘1³22'ss
1114 3711 1605 3839 {fflffissffi

481 3845 704 3892 Partibus
724 3858 780 3888 ex
803 3839 958 3896 isdem,
983 3854 1012 3886 a
1034 3837 1158 3886 mari
1178 3838 1350 3886 infero.

548 3906 755 3956 71—80.
806 3902 1090 3966 Prodigium
1128 3903 1220 3950 hoc
1259 3901 1466 3962 flammas
1509 3903 1605 3951 fre-

483 3985 660 4032 quens:
686 3983 836 4033 supra
850 3967 1062 4016 vidimus
1084 3967 1168 4015 lib.
1187 3966 1239 4023 ii,
1257 3967 1356 4014 680
1371 3983 1472 4028 sqq.
1510 3968 1606 4014 Co-

482 4035 584 4098 gita
607 4049 723 4082 vero
749 4047 940 4081 sacrum
961 4031 1120 4079 facere
1137 4030 1368 4078 Latinum
1386 4031 1610 4080 adstante

486 4097 600 4145 fllia.
659 4095 808 4160 Nefas
841 4097 904 4144 de
937 4094 1161 4160 prodigio
1189 4096 1238 4143 h.
1261 4094 1292 4142 1.
1319 4109 1397 4143 res
1425 4095 1531 4143 dira
1562 4105 1614 4143 et

485 4161 821 4218 abominaiida,
868 4176 976 4223 quae
1022 4167 1202 4223 praeter
1251 4167 1476 4207 naturam
1521 4159 1605 4216 fit3

485 4233 654 4273 contra
677 4223 762 4285 fas
784 4225 846 4272 de
876 4237 1062 4272 naturae
1091 4239 1226 4271 inore
1249 4237 1300 4271 et
1319 4223 1607 4272 constantia.

490 4291 814 4348 comprendere
829 4289 878 4335 h.
893 4288 924 4336 1.
945 4287 1216 4351 concipere,
1236 4287 1452 4352 arripere
1469 4288 1606 4354 flani-

487 4367 632 4408 mam,
657 4351 795 4413 quasi
829 4367 892 4400 ex
927 4353 1034 4400 foco
1066 4353 1128 4401 ad
1159 4352 1384 4416 proxima
1405 4369 1606 4402 manan-

1662 2629 1777 2668 tem.
1834 2621 2041 2684 Vulgari
2061 2620 2283 2670 oratione
2310 2625 2433 2684 ignis
2454 2625 2783 2684 conprehendit

1662 2689 1830 2733 crinem
1844 2704 1863 2741 ,-
1896 2701 2027 2734 nunc
2058 2685 2267 2734 Lavinia
2292 2689 2305 2702 ’
2454 2689 2783 2749 emolienda

1662 2753 1879 2797 crinibus.
1939 2750 2103 2799 Verba
2124 2767 2168 2799 v.
2196 2750 2259 2800 74
2280 2758 2395 2798 sunt
2416 2765 2481 2798 ex
2502 2751 2699 2800 Lucret.
2720 2751 2783 2808 vi,

1667 2815 1774 2871 154,
1804 2815 2023 2861 Terribili
2042 2817 2194 2862 sonitu
2206 2817 2394 2875 flamna
2414 2819 2668 2876 crepitante
2690 2831 2785 2864 ere·

1664 2886 1830 2936 matur,
1854 2878 1915 2926 de
1938 2878 2103 2926 lauro:
2138 2886 2190 2925 at
2209 2879 2289 2926 hic
2325 2878 2459 2927 visus
2490 2889 2568 2928 est
2586 2878 2790 2942 virg-inis

1666 2951 1867 2990 ornatus
1903 2942 2111 2990 cremari
2145 2941 2367 2990 flamina:
2405 2959 2520 2992 nain
2554 2947 2659 3005 ipen
2690 2947 2787 2991 visa

1666 3014 1737 3054 eet
1768 3009 1963 3054 eremari
1986 3004 2159 3068 (κατὰ)
2180 3015 2403 3055 omasum
2462 3010 2683 3056 Coram
2714 3011 2784 3054 ἕκ-

1666 3073 1841 3132 signem
1870 3073 2074 3132 gummis,
2108 3071 2299 3134 regium
2338 3070 2563 3134 insignum
2611 3086 2788 3119 corona

1668 3134 1799 3182 enim
1816 3133 2197 3182 sacrificantium
2208 3133 2346 3183 vittis
2362 3145 2414 3183 et
2428 3135 2595 3184 infulis
2614 3136 2785 3184 saeris-

1668 3214 1761 3261 que
1794 3197 2047 3247 frondibus
2082 3198 2295 3263 implexa
2330 3211 2419 3258 est,
2452 3215 2553 3248 non
2584 3199 2789 3263 gemmis

1668 3273 1852 3310 ornata.

1736 3329 1943 3374 81—84.
1976 3327 2021 3374 ·1··
2022 3326 2139 3375 anni
2161 3327 2409 3375 oraculum
2432 3327 2483 3375 in
2506 3327 2618 3376 luco
2634 3327 2787 3376 Albu-

1668 3406 1775 3504 :²5⁸5
1790 3393 2259 3504 Effiffxm?
2266 3392 2791 3504 {2:3213301'1’205?

1669 3521 1831 3593 liunea
1850 3533 1955 3592 rem
1978 3518 2229 3593 ingeniose
2246 3527 2563 3594 commentus.
2584 3473 2795 3594 yScilicet

1668 3583 2167 3695 issfssffit'fissbimffimuss.
2177 3585 2797 3710 ἶζὲἓζῗεέἓὲἳίῗέθὲῗ

1668 3711 1933 3760 medicatae.
1993 3711 2074 3759 Ex
2110 3711 2301 3760 Albulae
2332 3711 2547 3760 fluminis
2582 3711 2795 3760 fontibus

1672 3777 1826 3838 major
1834 3778 2059 3833 Albunea,
2071 3775 2181 3824 fons
2192 3786 2245 3823 et
2257 3777 2501 3841 Nympha,
2516 3791 2579 3824 ex
2589 3775 2797 3826 Horatio

1670 3848 1787 3888 nota
1830 3839 1847 3886 i
1891 3840 2051 3888 Carni.
2095 3840 2140 3898 7,
2191 3843 2264 3888 12.
2338 3841 2627 3902 Subiaceliat
2674 3839 2795 3888 fonti

1675 3907 1803 3952 lucus
1825 3903 2063 3952 Albuneae
2096 3919 2249 3963 sacer,
2286 3905 2337 3952 in
2372 3920 2470 3966 quo
2500 3904 2617 3953 olim
2641 3904 2797 3979 Fauni

1676 3968 2797 4107 32⁹ffl.30,0535,3¹32”3.2.23221352‡“32

1677 4096 1913 4144 titudinis.
1988 4099 2234 4144 Nemorum
2272 4115 2374 4159 qm
2417 4115 2628 4146 matum
2670 4113 2800 4145 sacro

1674 4163 1817 4209 Fonte
1852 4168 1996 4219 sonat,
2032 4161 2081 4209 h.
2107 4177 2149 4210 e.
2182 4177 2291 4224 quae
2321 4161 2548 4210 Albunea
2586 4161 2801 4210 maxima

1710 4240 1764 4273 er
1808 4225 1891 4273 illa
1926 4241 2139 4284 nemora,
2182 4226 2234 4274 in
2276 4225 2369 4274 isto
2407 4241 2624 4282 nemore,
2660 4241 2801 4276 sacro

1674 4241 1808 4337 llmte
1830 4299 2008 4338 manat.
2061 4291 2106 4338 A
2122 4291 2355 4355 sulphure
2372 4305 2607 4352 aquarum
2628 4305 2801 4338 exsur-

1674 4353 1749 4414 git
1766 4353 1929 4415 gravis
1950 4353 2084 4413 odor,
2102 4371 2247 4418 quem
2268 4357 2503 4416 mephitim
2520 4352 2803 4419 appellavit.
