3050 4934
424 254 547 319 182

1238 251 1909 318 GEORGICON

417 406 549 467 420
593 404 865 487 Cogitur
894 403 1093 487 inque
1124 404 1301 467 sinus
1332 404 1570 468 scindit
1601 426 1746 469 sese
1773 406 1954 468 unda
1981 405 2328 479 reductos;

590 505 955 590 Deprensis
986 503 1135 567 olim
1166 506 1361 569 statio
1386 506 1709 569 tutissima
1736 506 1951 568 nautis
1975 529 1992 569 t

590 607 775 670 Intus
810 629 879 670 se
910 607 1077 669 vasti
1110 604 1393 670 Proteus
1424 608 1592 690 tegit
1621 607 1830 691 objice
1863 608 2028 669 saxi.

590 706 723 771 Hic
745 708 1053 791 juvenem
1081 708 1146 771 in
1176 706 1446 771 latebris
1476 728 1776 771 aversum
1806 729 1846 770 a
1873 706 2112 770 lumine
2142 702 2459 788 Nympha

592 806 924 872 Collocat:
970 809 1115 892 ipsa
1142 808 1369 892 procul
1400 807 1655 873 nebulis
1687 809 1970 872 obscura
1999 808 2264 871 resistit.

420 910 549 974 425
592 909 638 973 J
640 931 742 973 am
771 909 1041 993 rapidus
1073 920 1329 973 torrens
1361 909 1652 973 sitientes
1685 908 1894 972 Sirius
1925 908 2128 973 Indos

593 1009 928 1087 Ardebat3
976 1010 1143 1073 coelo
1174 1020 1243 1074 et
1270 1010 1556 1073 medium
1585 1007 1700 1072 Sol
1730 1010 1960 1093 igneus
1991 1010 2216 1073 orbem

592 1110 969 1187 Hauserat3
1015 1112 1289 1175 arebant
1315 1110 1563 1187 herbae,
1597 1120 1666 1174 et
1693 1131 1852 1173 cava
1879 1110 2143 1173 flumina
2171 1108 2356 1173 siccis

590 1212 919 1276 Faucibus
950 1212 1034 1274 ad
1062 1210 1282 1275 limum
1310 1212 1477 1275 radii
1506 1210 1836 1295 tepefacta
1863 1212 2269 1295 coquebant3

593 1312 817 1385 Quum
848 1312 1128 1375 Proteus
1155 1323 1471 1376 consueta
1498 1321 1732 1396 petens
1757 1334 1797 1377 e
1827 1311 2136 1376 fluctibus
2165 1321 2352 1375 antra

420 1414 551 1477 430
594 1412 779 1486 Ibat;
827 1434 979 1476 eum
1005 1414 1174 1476 vasti
1202 1414 1443 1477 circum
1470 1434 1634 1497 gens
1663 1413 1933 1478 humida
1961 1414 2148 1497 ponti

595 1512 957 1577 Exsultans
988 1535 1203 1577 rorem
1230 1512 1361 1579 late
1386 1514 1700 1598 dispersit
1727 1536 2036 1577 amarum.

594 1615 911 1681 Sternunt
941 1636 1010 1678 se
1043 1636 1269 1678 somno
1298 1616 1574 1679 diversae
1603 1616 1670 1677 in
1698 1614 1914 1679 littore
1946 1614 2198 1699 phocae.

595 1713 773 1799 Ipse,
798 1712 977 1778 velut
1006 1715 1247 1779 stabuli
1274 1726 1495 1779 custos
1524 1716 1594 1778 in
1620 1716 1950 1780 montibus
1979 1714 2152 1792 olim,

594 1814 858 1899 Vesper
887 1816 1003 1878 ubi
1028 1838 1067 1878 e
1094 1827 1293 1899 pastu
1320 1815 1557 1879 vitulos
1587 1816 1672 1880 ad
1705 1826 1880 1879 tecta
1905 1815 2186 1889 reducit,

423 1917 551 1980 435
594 1913 992 1997 Auditisque
1020 1915 1211 1997 lupos
1242 1926 1485 1979 acuunt
1512 1914 1841 1979 balatibus
1873 1916 2046 1997 agni,
2143 1947 2151 1955 ·

596 2015 895 2079 Considit
926 2013 1196 2097 scopulo
1224 2015 1502 2089 medius,
1535 2034 2002 2096 numerumque
2031 2023 2352 2075 recenset.

597 2115 803 2200 Cujus
834 2112 1121 2178 Aristaeo
1152 2116 1457 2197 quoniam
1486 2124 1590 2177 est
1619 2112 1838 2177 oblata
1867 2110 2140 2177 facultas
2165 2138 2184 2189 ς

598 2215 733 2279 Vix
764 2213 1026 2280 defessa
1058 2236 1278 2279 senem
1306 2236 1543 2297 passus
1573 2234 1963 2297 componere
1991 2212 2301 2288 membra,

596 2315 762 2379 Cum
792 2314 1069 2379 clamore
1101 2316 1233 2378 ruit
1256 2336 1514 2397 magne,
1547 2315 1942 2398 manicisque
1962 2313 2290 2397 jacentem

424 2418 553 2481 440
597 2418 922 2500 Occupat.
999 2415 1115 2480 Ille
1148 2438 1285 2480 suae
1315 2426 1544 2480 contra
1571 2437 1703 2480 non
1731 2416 2059 2479 immemor
2083 2415 2266 2490 artis,

597 2519 837 2583 Omnia
866 2517 1283 2581 transformat
1312 2539 1458 2581 sese
1486 2517 1555 2580 in
1584 2514 1891 2581 miracula
1919 2538 2160 2591 rerum,

596 2621 974 2703 Ignemque,
1006 2618 1509 2702 horribilemque
1540 2618 1768 2694 feram,
1798 2618 2194 2701 fluviumque
2223 2615 2594 2701 liquentem.

425 2794 521 2839 quo
542 2775 807 2841 plurimum
825 2775 970 2824 undae
995 2785 1247 2841 penetrat3
1284 2776 1385 2833 sed,
1408 2785 1541 2840 post-

424 2856 569 2904 quam
584 2839 796 2897 intravit,
818 2840 869 2887 in
894 2839 1060 2903 plures
1078 2840 1231 2898 sinus,
1245 2841 1293 2888 h.
1310 2840 1546 2889 cavitates

426 2904 555 2953 anu-i
591 2914 642 2953 et
664 2918 901 2961 recessus,
935 2903 980 2951 d·
1134 2904 1173 2951 't
1206 2920 1274 2961 se,
1312 2904 1543 2966 adeoque,

424 2974 597 3018 scindit
618 2985 726 3017 sex.
778 2968 919 3016 {dem
934 2968 1037 3016 fere
1050 2984 1221 3017 versus
1242 2968 1359 3016 AEn.
1382 2968 1415 3027 i,
1436 2970 1544 3016 161.

488 3036 600 3092 421,
625 3035 736 3081 422.
773 3032 899 3080 Haec
932 3032 1003 3081 ita
1040 3031 1277 3094 intelligo,
1314 3042 1368 3079 ut
1405 3040 1542 3079 ante-

428 3098 559 3146 riore
594 3098 741 3159 hujus
773 3112 995 3145 recessus
1032 3108 1187 3160 parte,
1226 3104 1427 3159 patente
1452 3097 1545 3145 sub

424 3162 521 3219 dio,
547 3161 745 3208 navium
766 3160 927 3217 statio,
947 3160 999 3208 in
1023 3160 1269 3218 interiore,
1285 3159 1416 3208 intra
1436 3176 1544 3209 sco-

426 3225 567 3289 pulos
580 3225 793 3281 reducta‚
808 3234 1002 3272 antrum
1022 3224 1173 3273 fuisse
1190 3224 1379 3272 dicatur
1392 3244 1407 3281 ;
1430 3224 1546 3272 huic

424 3304 515 3353 pro
536 3288 807 3336 munitione
829 3303 885 3336 ac
916 3287 1099 3336 foribus
1132 3288 1361 3353 scopulus
1382 3290 1542 3351 objec-

427 3364 505 3401 tus
538 3360 657 3409 erat,
684 3351 736 3399 in
767 3366 864 3413 quo
898 3353 1107 3401 Proteus
1132 3368 1175 3400 v.
1202 3352 1299 3400 436
1324 3353 1548 3401 considet

426 3417 487 3465 ad
510 3430 765 3464 recensum
798 3416 1142 3464 armentorum.
1196 3420 1435 3478 Deprendi
1454 3432 1540 3465 na-

424 3496 509 3529 ves
525 3488 816 3544 tempestate
830 3479 1153 3528 notissimum.
1212 3482 1361 3543 Τις-ἑὲ,
1378 3489 1543 3544 tegere

422 3544 691 3593 conmevit.
753 3544 925 3607 objice,
950 3544 1003 3592 in
1022 3560 1183 3609 prosa,
1206 3546 1399 3607 objectu.

490 3612 601 3666 423,
634 3610 746 3656 424.
790 3612 1013 3657 Avernum
1050 3626 1083 3658 a
1120 3612 1303 3667 lumine,
1340 3609 1394 3657 in
1436 3608 1544 3657 loco

424 3688 521 3735 quo
556 3674 723 3721 lumen
758 3674 819 3721 ab
851 3673 976 3723 ostio
1004 3673 1121 3722 inde
1150 3673 1279 3723 antri
1302 3688 1401 3721 non
1430 3688 1541 3737 per-

424 3746 569 3786 meat.
628 3740 741 3799 Ipsa
768 3740 933 3799 proc-ul
966 3741 1145 3786 nebulis
1177 3742 1381 3795 obscura,
1414 3738 1460 3785 h.
1492 3736 1546 3783 in

425 3802 630 3857 nebula3
666 3804 859 3859 resistit,
882 3808 993 3849 stat.

490 3868 605 3923 425,
624 3865 737 3913 426.
770 3868 959 3924 Sirium,
988 3880 1078 3927 pro
1108 3865 1211 3913 sole
1240 3865 1288 3913 h.
1324 3865 1354 3912 l.
1386 3865 1544 3929 accipi

424 3930 609 3978 volunt.
668 3928 911 3992 Equidem
933 3928 1151 3977 nondum
1173 3928 1331 3977 victus
1352 3928 1417 3977 do
1438 3945 1540 3977 ma-

424 4008 530 4043 nus.
592 3993 811 4042 Mediam
830 4002 1056 4041 -aestatem
1088 4002 1139 4040 et
1166 3993 1389 4042 aestivum
1411 3993 1540 4042 ealo-

422 4072 533 4169 {51‘2
550 4056 1542 4178 {ffissffimsfflff‘fbussol’ssessmffffi

422 4184 474 4233 in
502 4186 719 4233 Leonem
758 4195 879 4245 orto,
904 4186 1173 4251 AEgyptum
1216 4196 1268 4234 et
1302 4186 1540 4248 reliquam

425 4248 607 4297 Asi-ieie
624 4266 759 4297 uram
790 4266 983 4299 mmmo
1016 4260 1067 4299 et
1098 4250 1391 4299 intolerabili
1418 4261 1542 4298 aestu

423 4312 597 4377 premi,
632 4314 752 4363 satis
784 4324 981 4364 notum:
1026 4315 1191 4377 itaque
1224 4318 1419 4363 ardebat
1452 4313 1537 4376 ἔφ-

424 4386 559 4437 λεγε,
587 4380 737 4425 Sirius
763 4383 956 4440 rapidus
980 4382 1059 4437 (ut
1088 4380 1233 4436 calor,
1266 4380 1427 4436 aestus,
1450 4378 1539 4435 sol,

425 4444 630 4503 rapidus,
670 4440 801 4490 celer
842 4458 897 4490 ac
929 4442 1233 4503 vehemens),
1276 4454 1327 4491 et
1366 4452 1541 4492 torrens

1609 2779 1817 2824 sitientes
1851 2778 2004 2833 Indos,
2038 2776 2086 2823 h.
2127 2775 2400 2851 AEthiopes,
2421 2776 2517 2824 vid.
2551 2792 2658 2841 sup.
2684 2793 2729 2826 v.

1612 2841 1720 2897 293,
1754 2840 1875 2888 Geo.
1900 2840 1952 2896 ii,
1985 2840 2107 2896 1163
2143 2850 2194 2888 et
2226 2840 2310 2888 tali
2343 2841 2458 2889 anni
2493 2852 2728 2905 tempore,

1611 2903 1826 2952 medium
1863 2903 1962 2953 diei
1983 2914 2177 2968 tempus
2199 2903 2408 2967 subjicit,
2442 2908 2554 2953 eoelo
2571 2914 2620 2954 et
2637 2922 2728 2954 me-

1611 2971 1736 3015 dinm
1759 2971 1840 3015 Sol
1859 2972 2021 3032 igneus
2049 2972 2200 3016 orbem
2223 2972 2475 3026 Hauserat,
2499 2986 2728 3033 perag-ra-

1609 3042 1762 3089 verat,
1787 3047 2015 3082 ememus
2047 3042 2163 3080 erat.
2221 3036 2366 3081 Siccis
2389 3035 2631 3090 Faucibus,
2655 3035 2728 3083 al-

1609 3096 1728 3145 veis.
1785 3096 1961 3145 ornati
1993 3112 2194 3145 versus:
2230 3098 2290 3145 cf.
2328 3097 2472 3145 ovid.
2513 3098 2636 3146 Met.
2676 3098 2728 3157 ii,

1612 3161 1721 3218 262,
1747 3161 1858 3218 263,
1883 3170 1934 3210 et
1955 3162 2066 3209 269.

1677 3227 1787 3273 432.
1823 3228 2044 3282 Divum,
2077 3225 2131 3273 in
2164 3240 2324 3287 prosa,
2355 3224 2564 3275 diversis
2591 3225 2728 3286 locis,

1610 3289 1856 3353 partibus:
1893 3289 1988 3337 vid.
2015 3306 2058 3337 v.
2085 3288 2213 3351 367.-

1676 3354 1948 3401 434—436.
1992 3356 2160 3414 Vesper
2173 3356 2352 3401 reducit
2375 3356 2554 3413 vitulos,
2568 3354 2728 3419 poeti-

1611 3433 1738 3474 cum,
1777 3432 1881 3481 pro,
1959 3428 2092 3464 astor
2124 3416 2316 3464 reducit
2337 3418 2544 3481 vesperi,
2583 3428 2640 3467 ut
2676 3420 2728 3467 in

1608 3480 1806 3543 Eelogis
1829 3490 1880 3528 et
1905 3496 1936 3527 a
1953 3480 2036 3528 ibi.
2087 3482 2248 3534 Quam
2270 3491 2440 3528 ornate
2463 3484 2727 3547 expressit,

1607 3545 1798 3593 reducit
1808 3560 1924 3593 oves
1941 3544 2190 3592 balantes!
2225 3546 2476 3592 Numerum
2499 3556 2730 3596 recenset:

1607 3606 1901 3668 πεμπάς-παι
1933 3608 2154 3665 Homer„
2178 3624 2241 3655 ex
2261 3608 2424 3671 prisca
2436 3609 2538 3657 vita
2569 3612 2728 3674 petito

1611 3674 1776 3729 verbo,
1797 3682 1852 3721 ut
1873 3683 2214 3721 numeraretur
2233 3688 2323 3737 per
2339 3672 2616 3735 quinarium
2633 3692 2727 3725 nu-

1609 3752 1815 3795 merum,
1841 3746 1898 3785 ut
1917 3752 2007 3786 nos
2029 3754 2120 3801 per
2140 3736 2410 3785 denarium.

1675 3802 1948 3852 437—440.
1987 3802 2240 3850 Putandus
2273 3817 2404 3850 nunc
2439 3802 2645 3852 Proteus
2679 3804 2730 3853 in

1609 3874 1804 3913 antrum
1818 3866 2116 3914 concessisse
2135 3874 2186 3914 et
2201 3866 2264 3914 ad
2285 3882 2512 3917 somnum
2525 3883 2578 3916 se
2593 3884 2726 3916 com-

1607 3929 1844 3993 pomisse.
1881 3932 2084 3977 Manioi-s
2097 3939 2300 3991 occupat.
2317 3931 2484 3989 vincit,
2501 3932 2728 3993 adjuncta

1607 3994 1808 4042 nodone
1847 3994 2126 4043 celeritatis.
2195 3994 2562 4059 Impatientiam
2599 4012 2724 4060 prae-

1607 4058 1736 4169 {lare
1766 4058 2024 4107 memorari
2056 4057 2109 4106 in
2137 4061 2335 4121 juvene,
2359 4076 2502 4108 nemo
2531 4076 2630 4109 non
2651 4060 2724 4109 vi·

1641 4131 1706 4170 et.

1671 4188 1947 4235 441—444.
1982 4191 2040 4236 In
2069 4191 2294 4237 &acula
2311 4205 2478 4246 rerum,
2501 4188 2554 4237 in
2577 4189 2726 4237 miras

1605 4266 1700 4309 res,
1737 4252 1930 4301 formas.
1983 4256 2350 4317 Ηωνέὸὲἱωηςιισ
2365 4252 2538 4315 seram.
2568 4253 2726 4317 poesis

1605 4332 1746 4373 mn,
1768 4331 1831 4364 ex
1853 4332 1897 4364 v.
1925 4316 2035 4376 487,
2067 4317 2370 4380 intelligere:
2407 4317 2478 4365 sic
2511 4320 2598 4366 Gr.
2623 4316 2724 4378 θήρ.

1607 4380 1705 4427 Sed
1721 4380 1814 4429 hoc
1837 4381 2070 4445 argutiu-
2123 4384 2184 4429 In
2204 4399 2300 4431 sese
2321 4384 2447 4429 redit
2461 4402 2476 4428 .-
2511 4382 2564 4430 in
2587 4398 2726 4431 suam
2801 4442 2804 4447 Ι

1605 4443 1822 4493 formam.
1883 4445 2013 4493 Nam
2031 4445 2194 4508 agitur
2215 4446 2278 4495 de
2297 4459 2516 4510 eor-pore.
