3050 4934
493 219 622 284 592

1385 218 1914 284 AENEIDOS

663 370 945 455 Arguet,
979 369 1176 435 Iliaco
1203 371 1520 434 tumidum
1549 372 1663 455 qui
1690 392 1985 435 crescere
2016 369 2337 454 Thybrim

666 470 1019 555 Sanguine,
1051 483 1120 535 et
1149 471 1442 536 Evandri
1472 482 1676 535 totam
1700 494 1845 536 cum
1876 472 2079 555 stirpe
2110 471 2357 535 videbit

492 573 622 635 395
665 572 1104 637 Procubuisse
1135 573 1420 648 domum,
1451 584 1648 656 atque
1679 583 1914 636 exutos
1946 569 2244 634 Arcadas
2276 571 2509 634 armis?

604 713 618 726 ·
665 673 871 738 Haud
899 675 991 736 ita
1017 695 1121 736 me
1152 675 1409 756 experti
1439 673 1647 737 Bitias
1678 685 1745 737 et
1774 672 2117 736 Pandarus
2146 673 2399 756 ingens,

667 773 762 836 Et
791 797 955 857 quos
980 773 1148 836 mille
1178 773 1285 836 die
1316 775 1522 860 victor
1552 775 1674 838 sub
1705 773 1989 837 Tartara
2016 775 2181 849 misi,

665 874 963 939 Inclusus
995 875 1216 950 muriS,
1247 873 1598 958 hostilique
1628 895 1869 958 aggere
1902 886 2149 958 septus.

667 974 868 1039 Nulla
896 972 1070 1038 salus
1096 974 1314 1038 bello?
1387 973 1607 1059 Capiti
1636 996 1794 1039 cane
1823 973 1979 1038 talia
2007 975 2272 1038 demens

493 1077 624 1140 400
666 1075 1027 1152 Dardanio,
1057 1077 1386 1158 rebusque
1417 1077 1569 1138 tuis.
1646 1075 1931 1140 Proinde
1964 1075 2177 1138 omnia
2205 1097 2440 1158 magno

666 1175 776 1241 Ne
807 1199 992 1241 cessa
1021 1177 1287 1240 turbare
1317 1185 1517 1251 metu,
1552 1185 1746 1258 atque
1776 1175 2093 1239 extollere
2124 1176 2293 1239 vires

667 1277 904 1342 Gentis
934 1279 1034 1342 bis
1065 1277 1282 1352 victae;
1331 1285 1561 1339 contra
1587 1297 1883 1359 premere
1914 1297 2091 1340 arma
2123 1275 2365 1340 Latini.

663 1378 864 1442 Nunc
893 1389 962 1440 et
992 1377 1476 1460 Myrmidonum
1505 1397 1813 1460 proceres
1838 1375 2130 1460 Phrygia
2154 1399 2333 1440 arma
2360 1377 2763 1455 tremiscunt,

665 1459 864 1542 Nunc
894 1489 962 1543 et
989 1477 1310 1560 Tydides,
1344 1487 1412 1540 et
1444 1476 1810 1542 Larissaeus
1842 1476 2170 1556 Achilles;

493 1581 622 1644 405
665 1578 896 1643 Amnis
925 1591 994 1643 et
1022 1577 1388 1642 Hadriacas
1421 1588 1599 1641 retro
1627 1577 1794 1661 fugit
1825 1577 2112 1642 Aufidus
2144 1580 2374 1643 undas.

667 1679 796 1744 Vel
821 1702 1020 1763 quum
1050 1700 1120 1741 se
1151 1679 1456 1762 pavidum
1486 1688 1715 1742 contra
1744 1700 1887 1742 mea
1907 1679 2129 1764 jurgia
2154 1679 2345 1762 fingit

667 1779 962 1845 Artificis
993 1778 1228 1856 sceluS,
1261 1788 1330 1843 et
1357 1777 1697 1844 formidine
1728 1781 1969 1844 crimen
1998 1780 2285 1843 acerbat.

663 1881 1020 1966 Nunquam
1048 1881 1322 1944 animam
1351 1879 1547 1943 talem
1574 1881 1812 1944 dextra
1838 1881 1964 1944 hac
1992 1879 2261 1960 (absiste
2288 1880 2558 1962 moveri)

664 1981 986 2060 Amittes;
1031 1981 1285 2045 habitet
1311 1991 1551 2056 tecum,
1580 1991 1649 2044 et
1680 1982 1763 2044 sit
1792 1989 2059 2064 pectore
2089 1978 2157 2041 in
2186 1979 2337 2042 isto,

489 2085 620 2148 410
660 2085 862 2149 Nunc
889 2085 975 2148 ad
1007 2094 1095 2160 te,
1127 2095 1196 2148 et
1221 2094 1338 2148 tua
1365 2105 1621 2166 magna,
1651 2093 1861 2167 pater,
1892 2079 2193 2146 consulta
2220 2092 2533 2146 revertor.

662 2185 734 2248 Si
761 2184 1002 2249 nullam
1028 2185 1270 2248 nostris
1300 2182 1472 2248 ultra
1501 2205 1685 2268 spem
1711 2183 1901 2267 ponis
1930 2183 1999 2246 in
2024 2184 2255 2260 armis;

663 2284 734 2349 Si
765 2295 896 2349 tam
925 2285 1168 2348 deserti
1199 2307 1442 2360 sumuS,
1474 2294 1544 2347 et
1572 2282 1771 2347 semel
1800 2275 2053 2367 agmine
2082 2303 2273 2346 verso

661 2383 984 2450 Funditus
1017 2385 1389 2460 occidimus,
1420 2405 1635 2467 neque
1664 2383 1867 2448 habet
1896 2383 2159 2448 fortuna
2186 2404 2592 2467 regressum3

663 2485 947 2550 Oremus
979 2507 1227 2570 pacem,
1258 2495 1327 2548 et
1355 2485 1625 2548 dextras
1656 2485 1997 2548 tendamus
2026 2485 2291 2548 inertes.

490 2587 619 2650 415
663 2587 1077 2672 Quanquam,
1111 2609 1173 2662 0,
1207 2587 1260 2649 si
1290 2583 1496 2650 solitae
1525 2584 1882 2668 quidquam
1909 2585 2165 2648 virtutis
2198 2585 2485 2661 adesset,

663 2687 781 2752 Ille
811 2687 967 2751 mihi
997 2697 1146 2750 ante
1177 2685 1337 2749 alios
1369 2683 1869 2768 fortunatusque
1899 2683 2217 2761 laborum,

664 2787 1122 2872 Egregiusque
1153 2786 1366 2861 animi,
1400 2785 1535 2868 qui,
1565 2806 1648 2849 ne
1677 2786 1836 2868 quid
1867 2785 1995 2849 tale
2026 2786 2301 2862 videret,

665 2887 1028 2952 Procubuit
1053 2887 1356 2961 moriens,
1388 2895 1456 2948 et
1482 2883 1751 2949 humum
1782 2885 1979 2956 semel
2010 2908 2121 2950 ore
2152 2887 2517 2951 momordit.

575 3090 670 3137 898
685 3089 872 3136 —395.
931 3087 1112 3136 Omnia
1154 3086 1206 3134 in
1256 3089 1412 3148 majus
1455 3095 1611 3134 aucta.

493 3153 710 3201 Arcadas
731 3151 870 3210 dixit,
893 3166 1004 3198 cum
1026 3151 1088 3198 de
1119 3165 1216 3198 uno
1237 3149 1360 3198 duce
1384 3149 1615 3198 Evandro

491 3224 868 3342 coglggrelfiergit
889 3278 940 3326 in
963 3277 1258 3342 repellendis
1275 3277 1485 3326 Drancis
1504 3295 1612 3328 ver-

493 3344 597 3401 bis3
633 3353 684 3392 et
706 3359 835 3392 nunc
865 3341 928 3391 ad
953 3359 998 3390 v.
1026 3342 1135 3400 362,
1171 3345 1318 3390 Nulla
1339 3345 1465 3390 salus
1488 3345 1614 3391 bello.

498 3412 622 3458 Cane
655 3411 785 3466 talia,
814 3407 1030 3455 ominare
1063 3407 1169 3464 hoe,
1195 3406 1378 3454 nullam
1409 3405 1617 3455 salutem

493 3489 602 3522 esse
621 3472 762 3530 bello,
787 3469 1051 3535 pugnando
1082 3470 1241 3517 salvos
1264 3485 1370 3518 esse
1399 3485 1488 3518 nos
1517 3485 1616 3518 non

491 3554 651 3602 posse,
673 3537 846 3585 AEneoe
867 3545 918 3584 et
939 3533 1042 3583 tibi.
1085 3535 1294 3582 Vertant
1313 3533 1381 3581 dii
1407 3535 1458 3582 iu
1477 3543 1617 3582 tuum

493 3617 552 3649 ca
587 3603 667 3650 ut!

549 3619 828 3712 {oo—402.
887 3664 1043 3726 Perge
1083 3662 1261 3725 itaque,
1305 3662 1435 3724 quod
1480 3661 1612 3720 facis,

487 3739 672 3777 metum
696 3729 756 3776 de
779 3728 1004 3790 Trojanis
1030 3728 1298 3790 ingravare,
1323 3736 1413 3774 etc.
1451 3729 1616 3774 Gentis

491 3797 561 3842 bis
582 3797 728 3849 victe,
749 3793 810 3839 ab
829 3792 1048 3839 Hercule
1068 3791 1294 3854 primum,
1317 3791 1399 3852 (ef.
1425 3805 1531 3854 sup.
1552 3791 1615 3838 ad

486 3858 555 3915 ix,
581 3857 691 3914 599,
717 3857 804 3904 Bia
820 3859 948 3917 capti
963 3855 1196 3918 Phryges)
1212 3873 1230 3909 ‚·
1252 3863 1423 3902 contra
1444 3854 1608 3918 depri-

485 3937 622 3972 mere
643 3935 722 3969 res
747 3919 1046 3968 Latinorum.

553 3986 826 4033 403—405.
861 3982 1136 4046 Ῥητορικῶς
1155 3983 1259 4030 haec
1282 3982 1358 4030 vel
1381 3981 1607 4030 maxime.

491 4050 656 4112 Auget
675 4047 862 4097 scilicet
893 4061 984 4111 per
1015 4047 1222 4094 ironiam
1253 4045 1382 4108 quod
1404 4045 1606 4093 Diome-

483 4113 572 4161 des
595 4111 710 4160 belli
732 4111 1012 4160 societatem
1034 4111 1412 4158 detrectaverat:
1439 4119 1545 4157 erat
1566 4109 1608 4157 is

483 4176 615 4224 inter
655 4178 940 4223 Graecorum
989 4174 1254 4238 principes,
1335 4189 1389 4222 ro
1433 4173 1609 4235 quibus

486 4241 826 4304 Myrmidonum
846 4238 1025 4303 posuit,
1044 4239 1220 4300 quibus
1237 4253 1292 4286 so
1309 4253 1370 4286 us
1391 4237 1611 4286 Achilles

486 4301 770 4366 imperabat.
841 4305 1004 4350 Amnis
1041 4310 1088 4350 et
1126 4305 1392 4351 Hadriacas
1407 4322 1422 4350 :
1470 4303 1517 4351 h.
1562 4312 1612 4350 et

489 4376 736 4422 terrorem,
780 4380 875 4426 quo
921 4366 1188 4414 Diomedes
1229 4365 1398 4415 audito
1439 4367 1611 4416 AEneae

1679 3086 1879 3136 nomine
1898 3104 2157 3152 percussus
2190 3087 2354 3148 fuerit,
2378 3089 2624 3154 amplifica
2645 3091 2815 3141 verbis

1679 3167 1825 3213 quam
1864 3152 2087 3201 maxime.
2144 3153 2321 3202 Poetas
2359 3155 2411 3202 id
2448 3154 2577 3217 quod
2608 3155 2818 3220 populis

1680 3216 1759 3264 vel
1780 3216 1976 3279 regibus
2010 3216 2263 3290 proprium
2300 3227 2379 3266 est
2408 3218 2567 3276 terris,
2606 3218 2817 3268 tandem

1679 3289 1731 3328 et
1750 3279 1925 3338 fluviis,
1964 3281 2191 3339 tribuere,
2227 3292 2399 3330 notum
2432 3291 2534 3339 est;
2568 3281 2735 3346 itaque
2758 3283 2813 3332 h.

1680 3341 1713 3392 l.
1740 3353 1895 3392 terror
1930 3343 1992 3392 ad
2026 3343 2231 3392 fluvium
2256 3345 2491 3393 Aufidum
2526 3345 2813 3404 translatus,

1680 3407 2019 3470 phantasmate
2042 3408 2247 3472 poetico.

1746 3473 1857 3529 406,
1886 3472 1996 3522 407.
2040 3473 2125 3520 Vel
2156 3489 2291 3534 quum
2322 3489 2385 3522 ee.
2440 3473 2667 3537 Respicit
2696 3489 2813 3538 sup.

1684 3537 1777 3582 348
1802 3545 1849 3584 et
1868 3535 1975 3583 364.
2034 3536 2257 3600 Abrupta
2275 3552 2391 3585 vero
2409 3537 2565 3584 oratio
2582 3536 2697 3586 irati
2714 3539 2811 3586 ho-

1680 3597 1827 3646 minis
1848 3615 1952 3662 pro,
1976 3615 2089 3647 cum
2132 3609 2185 3648 tu
2216 3599 2361 3663 fingis
2394 3609 2469 3648 te:
2504 3604 2581 3648 vel
2594 3602 2724 3650 refer
2747 3603 2817 3651 ad

1678 3665 1790 3720 401,
1816 3665 1890 3711 Ne
1912 3680 2037 3711 cessa
2061 3667 2249 3712 turbare
2269 3673 2390 3712 metu
2409 3665 2652 3728 lingendo.
2704 3671 2813 3716 Ar—

1678 3730 1814 3786 tificis
1833 3729 1979 3776 scelus
2000 3744 2103 3792 pro,
2127 3728 2317 3776 artifex.
2372 3731 2545 3791 Jurgt'a
2570 3739 2689 3777 sunt
2708 3731 2813 3778 mi-

1678 3806 1755 3838 nae
1793 3807 1837 3839 v.
1877 3793 1998 3840 348:
2052 3801 2102 3839 et
2139 3791 2504 3840 criminationes
2544 3795 2819 3843 exacerbat

1673 3854 1904 3904 simulato
1924 3871 2117 3919 pavore.
2176 3855 2295 3904 Noli
2316 3867 2479 3904 tamen
2502 3855 2691 3906 timere.

1738 3921 1835 3966 410
1858 3936 1957 3981 sqq.
2018 3919 2187 3968 Utitur
2202 3921 2401 3968 Turnus
2416 3919 2591 3968 callido
2612 3930 2665 3969 et
2684 3923 2811 3972 sub—

1676 3982 1749 4030 tili
1770 3983 1906 4031 aditu
1939 3984 2001 4032 ad
2070 3984 2427 4032 ersuadendum
2463 3983 2517 4032 id
2551 3985 2681 4046 quod
2702 4001 2814 4036 uon

1672 4046 1821 4094 audet
1838 4047 2000 4110 palam
2058 4047 2212 4096 ‘cere:
2248 4049 2425 4096 melius
2444 4063 2551 4097 esse
2581 4049 2811 4108 interire,

1673 4115 2809 4240 ffxssiffissdffiffizfflezizzffiff

1740 4241 2013 4288 415—418.
2071 4241 2171 4288 Seu
2215 4240 2429 4290 turbavit
2470 4240 2669 4289 affeems
2712 4257 2815 4292 seu

1674 4303 1912 4353 calliditas
1932 4305 2123 4353 inflexit
2158 4305 2441 4364 orationem,
2465 4320 2573 4368 quae
2590 4305 2661 4354 sic
2684 4321 2809 4370 pro—

1674 4368 1847 4417 cedere
1872 4370 2103 4418 debebat=
2141 4369 2445 4432 Quanquam,
2469 4367 2563 4419 nisi
2598 4369 2807 4420 inertis-
