3050 4934
1122 265 1460 332 LIBER
1510 265 1645 330 XI.
2415 264 2542 327 607

411 412 672 496 Spicula
702 418 1053 500 torquebat
1081 416 1287 500 Lycio
1316 417 1644 499 Gortynia
1669 411 1908 478 cornui

410 506 674 578 Aureus
706 538 790 580 ex
822 516 1106 581 humeris
1138 527 1325 580 sonat
1354 539 1569 592 arcae,
1601 525 1670 579 et
1697 535 1895 577 aurea
1923 511 2074 576 vati'

240 611 367 674 775
412 611 721 692 Cassida3
769 627 905 681 tum
936 639 1229 682 croceam
1259 617 1790 701 chlamydemque
1824 616 2133 698 sinusque
2162 623 2506 699 crepantes

411 711 773 780 Carbaseos
806 717 981 782 fulvo
1012 721 1079 790 in
1104 721 1348 783 nodum
1379 717 1732 800 collegerat
1760 737 1943 790 aure,

413 813 639 878 Pictus
668 838 791 880 acu
820 819 1096 894 tunica8‚
1129 830 1199 882 et
1226 819 1507 882 barbara
1539 817 1822 900 tegmina
1849 837 2127 879 crurum.

412 913 609 980 Hunc
636 917 841 1000 virgo,
874 919 1009 982 sive
1037 929 1111 982 ut
1139 917 1395 1001 templis
1426 917 1800 1002 praefigeret
1827 938 2006 980 arma

411 1013 636 1093 Troia,
667 1019 923 1101 captivo
954 1019 1087 1081 sive
1118 1029 1192 1082 ut
1224 1041 1294 1082 se
1323 1018 1527 1082 ferret
1555 1019 1621 1080 in
1651 1038 1832 1092 aure,

241 1116 368 1178 780
413 1115 756 1193 Venatrix,
784 1140 983 1182 unum
1012 1140 1095 1182 ex
1126 1120 1296 1182 omni
1324 1119 1674 1183 certamine
1705 1139 1944 1202 pugnae

414 1216 607 1280 Caeca
636 1219 1068 1301 sequebatur3
1112 1229 1452 1303 totumque
1482 1220 1743 1282 incauta
1771 1239 1892 1302 per
1923 1239 2152 1302 agmen

412 1315 717 1382 Femineo
746 1320 991 1401 praedae
1020 1330 1089 1382 et
1118 1319 1471 1403 spoliorum
1499 1320 1775 1383 ardebat
1803 1339 2055 1396 amore3

410 1417 649 1482 Telum
676 1441 761 1482 ex
788 1420 1039 1484 insidiis
1070 1443 1271 1502 quum
1300 1421 1564 1484 tandem
1592 1431 1884 1502 tempore
1913 1430 2106 1503 capto

412 1517 733 1594 Concitat,
766 1528 833 1582 et
863 1540 1141 1603 superos
1171 1518 1431 1584 Arruns
1464 1521 1556 1583 sic
1587 1541 1743 1583 voce
1775 1530 2114 1602 precatur:

241 1620 369 1682 785
414 1619 676 1683 Summe
704 1618 921 1696 defim,
956 1621 1161 1684 sancti
1190 1629 1409 1684 custos
1442 1620 1731 1684 Soractis
1767 1618 2028 1703 Apollo,

414 1721 631 1792 Quem
656 1721 847 1803 primi
872 1719 1163 1797 colimus,
1194 1723 1299 1785 cui
1328 1722 1562 1804 pineus
1592 1722 1787 1785 ardor
1816 1742 2046 1784 acervo

415 1821 749 1897 Pascitur3
796 1831 865 1885 et
892 1823 1174 1885 medium
1203 1821 1353 1885 freti
1382 1823 1626 1906 pietate
1657 1843 1776 1905 per
1804 1823 2018 1904 ignem

413 1920 713 1984 Cultores
742 1921 943 1984 multa
971 1923 1319 2006 premimus
1350 1923 1622 2006 vestigia
1653 1943 1898 2006 pruna3

413 2021 545 2097 Da,
578 2032 786 2105 pater,
817 2020 945 2086 hoc
972 2023 1212 2086 nostris
1244 2022 1489 2087 aboleri
1520 2023 1808 2086 dedecus
1839 2023 2055 2098 armis,

241 2123 370 2188 790
414 2121 866 2205 Omnipotens·
944 2122 1099 2187 Non
1129 2124 1420 2200 exuvias,
1450 2123 1738 2206 pulsaeve
1769 2133 2088 2206 tropaeum

416 2221 727 2306 Virginis,
758 2233 873 2285 aut
902 2221 1109 2305 spolia
1136 2222 1268 2286 ulla
1294 2234 1470 2306 peto.
1547 2223 1717 2287 Mihi
1747 2234 1983 2288 coetera
2012 2223 2270 2290 laudem

412 2321 615 2399 Facta
642 2322 874 2386 ferent.
956 2323 1121 2385 Haec
1150 2323 1293 2386 dira
1320 2345 1465 2388 meo
1496 2324 1650 2388 dum
1681 2325 1946 2389 vulnere
1977 2328 2180 2409 pestis

414 2423 617 2488 Pulsa
644 2424 857 2499 cadat,
888 2424 1133 2507 patrias
1164 2425 1467 2488 remeabo
1495 2424 1806 2507 inglorius
1839 2426 2058 2488 urbes.

414 2523 668 2600 Audiit,
699 2533 767 2588 et
796 2525 927 2587 voti
958 2523 1254 2588 Phoebus
1289 2525 1642 2589 succedere
1672 2509 1948 2609 partem*

243 2627 371 2690 795
417 2625 645 2688 Mente
676 2624 893 2701 dedit3
940 2635 1191 2707 partem
1217 2623 1511 2688 volucres
1545 2625 1855 2707 dispersit
1882 2626 1949 2688 in
1979 2647 2206 2688 auras:

420 2725 756 2789 Sterneret
784 2735 857 2788 ut
888 2726 1103 2788 subita
1132 2727 1457 2790 turbatam
1486 2735 1694 2790 morte
1727 2725 2078 2802 Camillam,

242 2945 401 3003 ingens
436 2942 565 3000 rupis
598 2941 645 2986 in
669 2945 864 2984 antrum.
921 2938 1175 2998 Peregrina
1193 2935 1356 2997 ferru-
1425 2937 1544 2986 buit.
1621 2938 1754 2986 Hinc
1789 2954 1834 2986 v.
1871 2938 1968 2989 782
2003 2942 2212 2988 Femineo
2249 2957 2414 3002 amore,
2457 2943 2549 2994 im-

237 3009 347 3068 gae'ne
380 3011 425 3051 ee
458 3011 590 3060 ostro,
618 3002 661 3048 h.
698 3014 915 3066 purpura
947 2999 1233 3062 ferruginea.
1293 3001 1362 3048 Ut
1425 3002 1646 3064 patienti.

229 3067 475 3131 semagine
498 3069 650 3114 clarus
668 3067 847 3113 Hibera
869 3078 974 3127 sup.
1002 3063 1067 3120 ix,
1094 3065 1203 3110 582.
1252 3067 1358 3112 Cla-
1492 3065 1601 3115 785.
1641 3067 1718 3113 De
1741 3067 1938 3115 Soracte
1980 3077 2158 3126 monte,
2192 3078 2243 3117 et
2277 3069 2550 3136 Hirporum

244 3150 324 3180 ras
346 3133 393 3180 h.
420 3131 451 3180 1.
476 3130 779 3193 conspicuus.
1426 3129 1638 3186 familiis,
1661 3146 1770 3192 quae
1792 3131 2036 3194 Apollinis
2075 3149 2210 3182 sacra
2245 3134 2298 3182 in
2329 3151 2388 3183 eo
2409 3153 2550 3186 curs-

310 3194 581 3248 775—777.
634 3195 851 3241 Casside.-
892 3191 1046 3239 forma
1080 3191 1182 3238 haec
1218 3207 1359 3239 voca·-
1426 3193 1558 3250 bant,
1583 3209 1729 3256 super
1746 3195 2015 3244 ambustam
2033 3197 2154 3258 ligni
2177 3207 2362 3248 struem
2380 3202 2549 3251 ambu-

245 3261 346 3310 buli
396 3258 543 3308 etiam
598 3256 729 3322 apud
780 3254 1091 3320 Propertium
1140 3255 1361 3302 occurrit.
1426 3255 1598 3312 lantes,
1623 3255 1712 3304 loc.
1749 3255 1886 3305 class.
1921 3259 2071 3307 Plinii
2098 3259 2180 3318 vii,
2207 3263 2250 3318 2,
2276 3273 2327 3310 et
2349 3263 2550 3314 Salmas.

244 3324 522 3386 Collegerat
551 3321 605 3370 iu
638 3321 819 3368 nodum
851 3323 977 3367 sinus
1004 3321 1241 3366 carbaseos
1263 3335 1360 3366 cre-
1430 3319 1604 3366 Exere.
1633 3320 1758 3366 Plin.
1782 3337 1828 3383 p.
1853 3322 1929 3368 59.

239 3397 437 3450 pantes:
489 3386 550 3434 de
590 3385 759 3433 eadem
796 3382 1048 3446 chlamyde
1092 3397 1275 3438 crocea,
1311 3391 1365 3430 ut
1495 3383 1766 3432 786—788.
1801 3387 1952 3431 Primi
1978 3385 2224 3450 praecipue
2244 3387 2377 3436 inter
2407 3401 2549 3440 σεω-

244 3453 367 3500 adeo
389 3466 449 3500 ea
468 3449 535 3498 sit
554 3465 617 3498 ex
640 3447 773 3497 tenui
804 3447 971 3504 linteo,
994 3463 1167 3496 croceo
1188 3445 1362 3494 colore.
1430 3461 1536 3502 ros3
1573 3447 1700 3508 quod
1723 3447 1883 3510 vulgo,
1907 3448 2146 3512 inprimis.
2203 3454 2426 3499 Acer-num
2462 3469 2554 3517 pro

248 3515 479 3564 Linteum
504 3515 597 3562 hoc
620 3523 675 3560 ut
708 3520 877 3575 crepet
908 3521 959 3559 et
991 3511 1203 3559 sonitum
1237 3509 1361 3566 edat,
1430 3520 1564 3558 strue
1599 3509 1842 3622 Lignorum
1876 3512 2026 3560 dixit:
2065 3525 2115 3560 et
2149 3514 2261 3575 quia
2295 3529 2354 3562 ea
2389 3515 2549 3578 pinea,

244 3589 379 3628 mota
416 3578 681 3641 chlamyde,
717 3575 919 3624 intextae
952 3575 1137 3623 faciunt
1172 3575 1365 3622 lamine
1428 3574 1544 3622 hinc
1561 3585 1606 3622 tr
1671 3574 1780 3622 uxit
1795 3575 1854 3622 ad
1873 3575 2052 3638 ignem,
2069 3581 2232 3636 pineus
2249 3581 2399 3625 ardor.
2435 3582 2552 3628 Pre-

234 3641 767 3769 ffiffiaejssffngffi'iff
780 3639 1366 3751 d2”};¹1¹‚·..1'{”::.‚f'zm‘:f
1429 3639 2365 3767 ‚iss’ss'ss'hwfssssi‘izgssffisikss‘mssiff‘’
2389 3646 2554 3764 ‘'”ffi

246 3768 701 3884 {33:252213222?
722 3767 1007 3879 {mats
1034 3720 1363 3892 azias:
1430 3736 1616 3878 zzssss-z*
1651 3723 2556 3894 ffoephnmfflffm..

246 3899 355 3962 gio:
390 3897 451 3946 cr.
474 3913 579 3960 sup.
602 3896 671 3953 iii,
698 3898 807 3950 483,
832 3897 941 3942 484.
996 3895 1043 3942 A
1102 3893 1367 3957 Phrygium
1433 3865 1634 3942 εει-νῆά,
1655 3895 1880 3943 servavit.
1943 3895 2080 3942 Sacri
2095 3867 2240 3959 hujtis
2255 3897 2392 3959 origo
2413 3898 2554 3960 igno-

248 3962 343 4011 am'
514 3961 665 4008 etiam
698 3958 1007 4008 referendum
1030 3967 1118 4016 est,
1143 3958 1272 4019 quod
1307 3957 1369 4006 de
1434 3966 1584 4006 ratur.

248 4041 445 4076 crurum
476 4041 495 4072 ι
578 4023 826 4088 gumentis
857 4021 1101 4084 sequitur:
1152 4031 1199 4070 et
1230 4030 1371 4070 erant
1513 4021 1785 4072 790—793.
1833 4023 2000 4078 Palae,
2044 4033 2129 4072 aut
2165 4022 2399 4087 impulsae,
2441 4041 2556 4088 pro-

250 4094 450 4138 bat-bara
461 4089 531 4152 (h.
547 4087 991 4151 Phrygia)tegmina
1009 4103 1205 4134 crurum.
1234 4086 1369 4134 Bene
1434 4097 1613 4144 stratae,
1637 4095 1723 4134 aut
1745 4086 1935 4150 fugutoe,
1960 4096 2008 4134 et
2023 4087 2070 4134 h.
2085 4087 2117 4134 l.
2135 4086 2288 4136 victae.
2325 4089 2560 4151 Inglorffus

252 4163 413 4202 autem
452 4151 678 4200 Servius:
714 4155 833 4200 Sane
866 4167 1091 4198 armorum
1126 4153 1259 4212 longa
1287 4153 1367 4198 de-
1434 4160 1491 4198 ut
1528 4151 1764 4207 δυσκλεὴς
1807 4151 1868 4198 de
1910 4151 2276 4213 Agamemnone
2322 4151 2460 4200 Iliad.
2507 4157 2557 4212 β,

248 4219 440 4279 scriptio
458 4233 509 4264 eo
532 4223 724 4278 spectat,
747 4224 796 4263 ut
828 4217 878 4262 in
898 4231 1049 4263 eorum
1071 4217 1370 4275 cupiditatem
1441 4216 1546 4261 115.

250 4285 409 4330 merito
434 4283 631 4329 Camilla
652 4283 863 4328 videatur
882 4295 976 4326 esse
996 4295 1224 4326 succensa.
1260 4277 1366 4324 Sci·
1501 4277 1612 4334 794,
1638 4276 1746 4327 795.
1785 4276 1864 4324 Ad
1897 4277 2176 4334 Homerica,
2217 4279 2354 4326 Iliad.
2383 4297 2432 4336 π,
2465 4283 2560 4329 249

251 4346 379 4403 licet,
412 4343 505 4394 etsi
539 4343 693 4392 virilis
730 4341 881 4392 animi
913 4341 1107 4398 femina,
1147 4351 1307 4390 tamen
1342 4357 1372 4388 a
1434 4356 1539 4402 sqq.
1595 4343 1768 4396 Mente,
1797 4340 1969 4403 γνόμῃ,
1997 4341 2212 4399 consilio,
2237 4342 2432 4391 decreto
2455 4345 2559 4393 ani-

248 4409 383 4457 cultu
408 4419 457 4458 et
479 4418 653 4458 ornatu
674 4407 905 4456 intectam
924 4415 1139 4454 mentem
1162 4420 1259 4452 non
1283 4405 1367 4452 hs·
1438 4404 1533 4458 mi:
1571 4403 1706 4452 nullo
1728 4413 1890 4452 tamen
1915 4403 2054 4466 signo
2075 4405 2330 4454 declarato.
