3050 4934
474 238 605 303 304

1363 232 1893 301 AENEIDOS

472 389 602 453 520
643 387 1136 470 Tentamusque
1168 386 1356 461 viam,
1388 394 1456 449 et
1484 383 1774 449 velorum
1802 382 2147 467 pandimus
2176 382 2335 447 alas.

641 487 920 571 Jamque
950 486 1342 551 rubescebat
1371 484 1574 551 stellis
1605 485 1871 548 Aurora
1897 483 2168 567 fugatis,

640 588 865 661 Quum
894 586 1124 672 procul
1149 588 1462 653 obscuros
1495 584 1691 650 colles
1723 584 2159 668 humilemque
2191 578 2483 648 videmus

641 688 912 754 Italiam.
993 688 1244 753 Italiam
1273 690 1520 773 primus
1549 685 1908 751 conclamat
1938 685 2263 763 Achates;

641 789 894 854 Italiam
920 789 1075 854 laeto
1107 791 1264 854 socii
1289 789 1571 854 clamore
1604 787 1911 851 salutant.

471 892 600 955 525
643 890 819 955 Tum
847 902 1038 976 pater
1065 888 1390 955 Anchises
1421 912 1727 975 magnum
1756 897 2011 953 cratera
2039 908 2281 953 corona

648 992 891 1069 Induit,
922 991 1338 1077 implevitque
1367 1014 1571 1069 merc,
1602 992 1917 1074 divosque
1947 990 2199 1053 vocavit

655 1093 852 1157 Stans
885 1093 1059 1157 celsa
1089 1095 1156 1158 in
1184 1095 1429 1179 puppi:

643 1193 762 1271 Di,
794 1196 987 1257 maris
1019 1205 1088 1259 et
1119 1206 1312 1259 terrae
1341 1202 1931 1278 tempestatumque
1962 1201 2290 1276 potentes,

641 1293 839 1359 Ferte
871 1296 1036 1359 viam
1063 1306 1259 1359 vento
1289 1294 1563 1372 facilem,
1593 1305 1662 1358 et
1692 1296 1935 1378 spirate
1966 1293 2257 1359 secundi.

471 1395 602 1458 530
645 1394 1090 1460 Crebrescunt
1120 1407 1364 1481 optatae
1393 1418 1595 1473 aurae,
1626 1406 1989 1480 portusque
2018 1394 2299 1478 patescit

643 1496 688 1559 J
691 1518 792 1559 am
822 1497 1112 1581 propior,
1144 1496 1585 1582 templumque
1615 1506 1893 1579 apparet
1919 1496 1985 1558 in
2016 1516 2166 1559 arce
2196 1493 2538 1559 Minervae.

644 1596 814 1661 Vela
842 1596 1071 1681 legunt
1097 1598 1277 1675 socii,
1309 1608 1377 1662 et
1403 1619 1635 1682 proras
1668 1598 1752 1661 ad
1782 1596 2003 1661 littora
2030 1606 2360 1680 torquent.

643 1698 883 1762 Portus
915 1699 998 1762 ab
1031 1697 1259 1763 Euroo
1287 1698 1494 1764 fluctu
1520 1708 1829 1762 curvatus
1857 1698 1925 1761 in
1956 1717 2212 1775 arcum3

645 1802 949 1887 Objectae
980 1802 1151 1866 salsa
1183 1812 1484 1887 spumant
1512 1802 1907 1885 adspergine
1937 1812 2201 1865 cautesz

471 1906 599 1968 535
643 1903 796 1989 Ipse
824 1903 1020 1982 latet3
1065 1906 1321 1988 gemino
1350 1906 1701 1969 demittunt
1728 1901 1998 1967 brachia
2026 1924 2212 1967 muro

640 2003 894 2068 Turriti
924 2004 1197 2088 scopuli,
1230 2004 1603 2089 refugitque
1634 2006 1719 2067 ab
1751 2003 1969 2067 littore
1999 2000 2329 2088 templum.

641 2103 945 2177 Quatuor
973 2104 1103 2181 hic,
1135 2106 1414 2189 primum
1444 2126 1655 2181 omen,
1685 2125 1889 2188 equos
1920 2105 1988 2167 in
2014 2105 2305 2187 gramine
2334 2105 2466 2170 vidi

467 2276 788 2327 constantiam
812 2286 864 2325 et
881 2277 1166 2326 varietatem
1191 2278 1302 2327 coeli
1329 2278 1587 2337 ominetur,

468 2356 736 2390 occurrere.
782 2342 853 2389 At
875 2342 1088 2401 Servius,
1107 2347 1257 2391 omnia
1277 2346 1402 2391 videt
1423 2347 1591 2391 habere

469 2410 632 2455 coelum
672 2422 772 2469 quae
815 2410 1078 2470 significant
1116 2411 1420 2456 serenitatem.
1489 2410 1591 2455 Dat

468 2474 645 2519 clarum
667 2475 859 2533 signum.
905 2472 1063 2526 Quale
1082 2472 1172 2519 hoc
1187 2472 1346 2530 fuerit,
1365 2482 1591 2535 quaerunt

467 2536 570 2585 inte
631 2544 774 2593 retes,
811 2551 931 2583 num
970 2536 1074 2585 face
1113 2537 1314 2593 sublata,
1352 2552 1414 2585 an
1457 2538 1586 2585 tuba.

470 2600 582 2648 Hoc
669 2600 735 2647 ud
775 2600 920 2649 dubie
943 2616 1129 2660 verum,
1166 2610 1216 2649 et
1251 2602 1426 2665 probat
1457 2601 1585 2649 Bur-

467 2680 630 2712 mann.
689 2668 856 2711 Castra
889 2665 1130 2727 exquisite
1163 2666 1223 2714 de
1245 2664 1400 2728 copiis
1424 2665 1583 2713 nauti-

468 2728 539 2777 cis
574 2728 626 2775 in
661 2728 824 2776 littore
865 2730 1190 2777 tendentibus.
1256 2730 1464 2776 Velorum
1486 2732 1588 2776 alas

467 2792 516 2839 h.
552 2808 592 2839 e.
627 2801 870 2841 extremas
900 2793 1118 2841 velorum
1154 2802 1332 2857 partes,
1371 2792 1587 2851 lacinias,

465 2856 683 2919 angulos.
743 2856 905 2921 Vulgo
938 2867 1203 2922 exponunt,
1225 2856 1340 2919 quia
1361 2857 1469 2906 vela
1499 2872 1585 2905 na-

465 2920 541 2967 vis
563 2920 652 2968 alae
675 2936 782 2969 esse
805 2921 1046 2969 videntur.

531 2986 804 3033 521—528.
842 2986 922 3033 Ad
963 2996 1176 3034 castrum
1217 2985 1458 3033 Minervae
1497 3002 1584 3050 ap-

467 3048 658 3111 pellunt
685 3048 901 3109 Trojani,
933 3050 1024 3097 sub
1053 3049 1332 3112 Hydrunto‚
1354 3066 1449 3113 quo
1477 3050 1586 3099 loco

465 3112 667 3177 planum
711 3128 766 3160 ac
811 3112 956 3159 molle
997 3112 1164 3167 littusg
1217 3113 1330 3161 hinc
1374 3116 1587 3163 hamilem

466 3178 656 3223 Italiam
670 3194 688 3229 ,·
723 3176 826 3223 sive
849 3175 962 3237 quia
985 3176 1154 3239 procul
1174 3193 1237 3225 ex
1259 3178 1358 3226 alto
1380 3178 1583 3228 visenti-

464 3238 556 3351 Ἕκ
572 3248 704 3355 tera
723 3254 918 3303 semper
932 3240 1131 3289 humilis
1145 3240 1364 3291 videturt
1400 3242 1459 3291 cf.
1475 3259 1583 3308 sup.

466 3320 496 3352 a
568 3320 612 3352 v.
707 3338 720 3351 .

530 3368 802 3419 525—527.
838 3369 1000 3417 Aliter
1018 3386 1162 3432 quam
1185 3372 1247 3419 de
1269 3386 1450 3419 corona
1469 3387 1587 3420 vera

462 3432 640 3481 crateri
677 3448 740 3480 ex
777 3448 912 3481 more
951 3450 1197 3483 sacrorum
1238 3436 1466 3510 imposita
1501 3436 1587 3485 vix

463 3498 568 3546 haec
591 3496 820 3547 videntur
841 3514 984 3562 posse
1011 3498 1197 3563 accipi;
1233 3509 1324 3548 etsi
1347 3500 1585 3549 dubitatio

463 3562 680 3610 animum
702 3562 846 3619 subit,
871 3563 1002 3611 unde
1038 3562 1091 3611 in
1128 3564 1227 3613 alto
1247 3565 1421 3613 florum
1444 3566 1586 3629 copia

461 3626 622 3674 fuerit.
671 3627 771 3674 Sed
802 3628 894 3675 hoc
923 3628 1048 3676 forte
1075 3628 1362 3677 calumniari
1385 3638 1485 3677 est:
1523 3629 1583 3677 cf.

462 3706 568 3754 sup.
585 3690 646 3738 ad
669 3691 701 3748 i,
727 3690 838 3741 724.
879 3693 1006 3741 Cum
1022 3702 1125 3741 toto
1147 3704 1310 3741 autem
1329 3694 1436 3742 loco
1449 3709 1581 3745 come

459 3756 706 3819 parandus
721 3754 962 3804 Pindarus
977 3756 1030 3803 in
1052 3757 1218 3807 divino
1237 3758 1298 3805 de
1313 3759 1583 3821 Arg-ouant.

458 3819 689 3868 carmine.
716 3819 855 3882 Pyth.
872 3819 935 3877 iv,
956 3819 1009 3868 in
1033 3836 1162 3869 nona
1175 3822 1398 3885 strophe,
1419 3822 1521 3870 ἐπεὶ
1544 3822 1585 3869 δ’

464 3883 678 3943 ἐμβόλου
712 3880 954 3945 κρέμασαν
984 3884 1192 3947 ἀγκύρας
1231 3896 1321 3935 etc.
1359 3902 1452 3935 vss.
1489 3888 1587 3933 344·

517 3979 542 3995 .·
583 3946 728 4003 Quod
763 3955 926 3995 autem
961 3952 1010 3995 in
1040 3953 1187 4011 puppe·
1219 3959 1328 4008 stat,
1352 3950 1444 3997 hoc
1465 3950 1583 3999 inde

459 3962 802 4059 fflustnmdum
841 4020 930 4075 est,
969 4011 1098 4075 quod
1135 4013 1187 4061 in
1229 4014 1385 4089 puppi
1429 4014 1584 4063 tutela

457 4074 693 4124 collocata
708 4084 826 4134 erat,
851 4076 897 4124 h.
924 4092 964 4125 e.
990 4075 1030 4125 si
1101 4093 1184 4126 um
1207 4078 1423 4127 nummis
1443 4082 1583 4142 cujus

458 4139 624 4186 tutelae
647 4140 785 4188 navis
819 4150 922 4189 erat
945 4093 1143 4200 creffiia,
1168 4157 1264 4190 una
1287 4158 1402 4191 cum
1421 4142 1582 4192 foculo

459 4210 546 4311 tfiiut
566 4217 663 4250 ara.
721 4204 803 4251 Ad
824 4204 950 4253 hanc
975 4205 1126 4269 igitur
1148 4206 1317 4273 libatio
1340 4216 1391 4255 et
1411 4222 1583 4271 preces

502 4275 602 4312 unt.

484 4392 496 4403 ·
527 4330 636 4386 529,
671 4331 780 4377 530.
829 4330 1029 4392 Alfene,
1057 4334 1184 4393 date,
1217 4340 1350 4394 viana,
1384 4336 1582 4399 naviga-

461 4402 644 4442 tionem
667 4393 888 4452 faustam,
911 4406 1040 4445 vento
1060 4399 1108 4445 h.
1135 4414 1176 4447 e.
1204 4410 1350 4449 vento
1372 4401 1586 4458 secundo

1654 2278 1900 2333 immisso:
1954 2288 2007 2327 et
2048 2278 2307 2343 adspirate,
2352 2279 2525 2337 favete,
2564 2280 2783 2345 propitii.

1656 2344 1821 2391 Verba
1852 2342 2047 2407 sing-ula
2082 2360 2196 2392 cum
2232 2344 2429 2393 dilectu.
2494 2346 2668 2393 Portu
2690 2362 2782 2407 pa-

1656 2412 1803 2465 tescit,
1837 2407 1899 2455 ad
1925 2408 2176 2455 oculorum
2206 2423 2432 2457 sensum:
2466 2408 2563 2457 vid.
2588 2424 2697 2473 sup.
2720 2409 2787 2457 ad

1654 2474 1765 2519 411.
1817 2474 1986 2534 Portus
2008 2482 2084 2521 est
2104 2472 2283 2520 Portus
2307 2472 2532 2521 Veneris.

1720 2538 1830 2583 531.
1866 2538 1970 2584 Ara:
2002 2552 2092 2599 pro
2125 2546 2291 2584 monte
2326 2536 2407 2600 (ut
2437 2552 2543 2601 sup.
2578 2538 2701 2599 336)
2730 2537 2787 2585 in

1654 2615 1749 2662 quo
1772 2600 2007 2664 templum
2031 2600 2273 2649 Minervae
2291 2612 2410 2659 erat,
2431 2600 2561 2663 quod
2588 2602 2785 2650 Idome-

1654 2680 1775 2713 neus
1796 2664 2071 2713 condidisse
2094 2664 2352 2713 ferebatur.

1719 2730 1827 2776 532.
1864 2729 1947 2777 Ad
1967 2731 2117 2778 verba
2138 2729 2198 2777 ci:
2222 2744 2329 2793 sup.
2353 2746 2397 2778 v.
2424 2730 2534 2781 207.

1720 2794 1991 2841 533—536.
2026 2795 2218 2842 Portum
2242 2796 2431 2842 Veneris·
2450 2792 2685 2843 describit
2704 2810 2783 2843 sa·

1654 2856 1718 2905 tis
1756 2866 1939 2905 ornate.
2007 2858 2143 2906 Situs
2183 2868 2259 2907 est
2300 2872 2471 2907 versus
2510 2858 2783 2907 Orientem.

1656 2921 1880 2970 Efficitur
1910 2922 1994 2970 ille
2026 2922 2225 2971 sinuoso
2254 2922 2403 2971 maris
2434 2922 2580 2980 flexu,
2604 2938 2783 2987 scopu-

1652 2985 1714 3034 lis
1752 2986 1979 3048 utrinque
2022 2986 2420 3051 procurrentibus
2462 2986 2517 3035 in
2556 3002 2693 3035 mare
2734 2997 2787 3036 et

1649 3049 2017 3099 incurvantibus
2052 3067 2120 3108 se,
2162 3061 2220 3100 ut
2258 3051 2487 3113 utrinque
2524 3066 2617 3115 pro
2654 3052 2785 3100 mole

1650 3114 1751 3163 sint
1784 3115 1949 3179 portui
1982 3123 2238 3179 praetenta3
2264 3114 2328 3163 ad
2357 3132 2504 3179 quam
2540 3114 2691 3165 maris
2720 3132 2785 3165 ex

1650 3178 1750 3227 alto
1787 3178 1915 3227 allisi
1950 3179 2125 3228 fluctus
2162 3190 2438 3229 extrorsum
2471 3180 2782 3245 franguntur.

1650 3246 1804 3292 Euroo
1827 3246 1977 3305 fluctu
2006 3245 2067 3293 ab
2099 3244 2249 3303 Euro,
2277 3254 2346 3303 ut,
2374 3246 2602 3294 Arctous.
2672 3250 2781 3295 Soo-

1645 3310 1750 3369 puli
1786 3312 1963 3365 tun-iti,
1995 3308 2049 3355 in
2084 3308 2231 3357 turris
2262 3308 2459 3357 modum
2490 3308 2591 3367 alti,
2613 3313 2781 3359 denit-

1652 3380 1758 3419 tmet
1781 3376 1970 3421 brachia
1990 3389 2117 3421 muro
2134 3378 2325 3437 gemino,
2350 3374 2413 3422 ab
2434 3384 2641 3437 utroque
2663 3390 2780 3439 por-

1652 3445 1732 3484 tus
1770 3437 1922 3485 latere
1956 3448 2299 3501 procurrentes
2334 3437 2387 3486 in
2426 3454 2561 3487 mare
2596 3438 2781 3487 sensim

1650 3500 1951 3549 decrescunt.
2014 3501 2199 3549 Eadem
2234 3502 2337 3551 fere
2372 3518 2479 3567 sup.
2512 3503 2545 3563 i,
2582 3504 2677 3551 162
2708 3520 2779 3567 sq.

1650 3568 1777 3613 Hine
1798 3574 1934 3627 atque
1956 3568 2063 3613 hine
2088 3576 2231 3615 vastae
2256 3584 2394 3629 rupes
2424 3577 2515 3616 etc.
2570 3570 2781 3617 Brachia

1650 3630 1774 3677 bene
1808 3628 2089 3679 tribuuntur
2118 3632 2345 3695 scopulis,
2369 3632 2601 3695 quoniam
2622 3632 2777 3681 ambi·

1648 3702 1741 3741 unt
1774 3703 1945 3757 portus
1975 3694 2144 3754 latera,
2181 3710 2388 3759 eumque
2420 3712 2451 3745 a
2478 3696 2709 3745 fluctibus
2730 3709 2783 3747 et

1648 3758 1877 3821 procellis
1900 3768 2057 3807 tutum
2080 3769 2339 3823 proestant:
2370 3760 2519 3809 iidem
2540 3770 2659 3811 sunt
2678 3778 2776 3810 m-

1648 3839 1743 3879 m,
1768 3824 1905 3885 cujus
1938 3824 2152 3887 speciem
2182 3825 2440 3873 habebant.
2498 3824 2780 3890 &fingitque

1650 3890 1710 3934 ab
1742 3889 1895 3936 littore
1927 3892 2155 3949 templum,
2180 3889 2295 3937 dum
2320 3892 2381 3938 ab
2409 3890 2509 3939 alto
2538 3890 2777 3939 iumenti—

1647 3952 1739 3999 bus
1774 3952 1825 4000 in
1862 3951 1969 4016 ipso
2002 3952 2166 4000 littore
2196 3954 2345 4002 sinim
2369 3954 2639 4013 videbatur,
2662 3970 2775 4019 pro-

1645 4016 1759 4079 pius
1780 4016 2121 4065 accedentibus
2140 4018 2477 4068 retrocedebat
2494 4020 2649 4081 quasi,
2670 4024 2779 4083 quia

1644 4084 1785 4128 sitam
1813 4090 1884 4129 eet
1916 4084 1963 4129 in
1986 4084 2111 4139 colle,
2134 4087 2214 4144 qui
2245 4087 2411 4132 sensim
2434 4086 2601 4133 crescit
2628 4103 2661 4133 a
2694 4086 2775 4133 lit-

1646 4152 1757 4202 tore,
1783 4153 1840 4193 ut
1859 4147 1985 4195 bene
2008 4146 2143 4195 Serv.

1713 4208 1985 4261 537—541.
2042 4212 2273 4261 Anchise
2312 4212 2653 4278 interpretatio
2696 4228 2771 4261 os-

1650 4273 1775 4322 tenti
1814 4283 1865 4322 et
1904 4275 1985 4323 hic
2028 4276 2273 4327 tribuitur.
2344 4280 2499 4340 Equo·
2541 4280 2773 4337 candidos,

1650 4339 1780 4399 quod
1814 4339 1961 4389 fausti
1991 4340 2171 4389 ominis
2190 4351 2279 4400 est,
2302 4357 2419 4391 cons
2620 4342 2771 4391 inter-

1650 4414 1872 4465 pretatur
1906 4419 1995 4467 per
2027 4404 2155 4454 bella
2188 4406 2347 4471 primo
2380 4406 2434 4455 in
2460 4406 2619 4456 ltaliae
2638 4406 2773 4457 aditu
