3050 4934
456 246 585 307 516
1348 238 1874 305 AENEIDOS

626 393 837 457 Parva
868 402 1107 455 manet.
1182 390 1392 453 Casus
1422 388 1666 453 factum
1692 389 2082 473 quicumque
2115 396 2480 471 sequuntur
2501 410 2520 449 z

453 495 583 557 300
628 493 760 559 Per
789 502 987 577 caput
1013 491 1139 555 hoc
1160 492 1336 575 jure,
1368 512 1487 574 per
1516 489 1696 573 quod
1725 499 1913 574 pater
1941 499 2094 555 ante
2127 486 2416 553 solebat:

625 596 799 669 Quae
828 594 947 658 tibi
977 589 1289 676 polliceor
1318 591 1568 669 reduci,
1598 592 1926 674 rebusque
1959 590 2288 666 secundis,

626 696 794 759 Haec
824 695 1057 759 eadem
1084 693 1403 776 matrique
1432 702 1564 755 tuae
1591 693 1948 776 generique
1978 692 2354 755 manebunt.

627 797 737 860 Sic
766 798 856 861 ait
884 793 1303 870 illacrimans;
1348 792 1622 867 humero
1655 792 1842 857 simul
1871 794 2053 857 exuit
2081 814 2304 856 ensem

625 896 973 973 Auratum,
1006 895 1167 959 mira
1194 916 1388 978 quem
1417 893 1664 958 fecerat
1693 904 1832 958 arte
1865 893 2136 977 Lycaon

402 1030 409 1042 ’
452 999 583 1063 305
628 998 947 1073 Gnosius„
976 1008 1173 1080 atque
1200 994 1483 1059 habilem
1515 996 1746 1078 vagina
1775 992 2038 1079 aptarat
2064 995 2316 1059 eburna
2341 1018 2360 1056 z

626 1099 766 1163 Dat
798 1098 967 1162 Niso
998 1096 1391 1161 Mnestheus
1417 1095 1654 1180 pellem
1681 1096 2156 1179 horrentesque
2185 1093 2390 1157 leonis

626 1200 958 1277 Exuvias;
1004 1198 1255 1283 galeam
1284 1198 1459 1261 fidus
1490 1208 1817 1281 permutat
1845 1196 2098 1261 AleteS.

626 1300 954 1366 Protenus
976 1300 1213 1363 armati
1240 1299 1590 1376 incedunt;
1633 1322 1798 1381 quos
1829 1299 2034 1361 omnis
2063 1309 2292 1363 euntes

628 1401 993 1466 Primorum
1020 1422 1249 1463 manus
1278 1399 1365 1463 ad
1396 1409 1620 1482 portas
1641 1400 2084 1481 juvenumque
2117 1419 2472 1480 senumque

450 1504 581 1567 310
625 1502 1055 1587 Prosequitur
1085 1501 1273 1563 votis.
1348 1499 1496 1564 Nec
1526 1522 1658 1564 non
1687 1510 1756 1563 et
1785 1498 2058 1585 pulcher
2087 1498 2292 1575 IuluS,
2357 1504 2375 1520 ‘

623 1602 801 1667 Ante
830 1624 1035 1667 annos
1064 1602 1472 1685 animumque
1502 1623 1738 1685 gerens
1769 1624 2118 1686 curamque
2149 1598 2416 1676 virilem,

625 1703 844 1769 Multa
872 1704 1047 1787 patri
1078 1703 1401 1787 portanda
1430 1702 1634 1767 dabat
1661 1704 1986 1767 mandata.
2065 1702 2200 1767 Sed
2230 1722 2410 1765 aurae

627 1805 867 1870 Omnia
897 1805 1301 1897 discerpunt,
1328 1814 1396 1868 et
1425 1805 1708 1889 nubibus
1739 1805 1922 1869 irrita
1951 1806 2218 1869 donant.

712 1902 989 1991 Egressi
1018 1890 1334 1989 superant
1360 1904 1595 1981 fossas,
1627 1907 1966 1989 noctisque
1994 1925 2116 1988 per
2143 1903 2440 1969 umbram

450 2010 581 2074 315
624 2009 860 2073 Castra
888 2008 1143 2071 inimica
1171 2016 1429 2091 petunt,
1460 2005 1678 2071 multis
1709 2017 1924 2071 tamen
1951 2016 2104 2069 ante
2133 2003 2339 2069 flaturi

624 2110 874 2173 Exitio·
951 2108 1205 2171 Passim
1234 2129 1460 2171 somno
1488 2108 1766 2191 vinoque
1799 2128 1918 2191 per
1947 2106 2220 2170 herbam

624 2209 927 2293 Corpora
952 2208 1102 2273 fusa
1132 2208 1375 2284 vident,
1407 2218 1699 2273 arrectos
1729 2206 1946 2273 littore
1975 2228 2232 2282 currus,

624 2308 808 2373 Inter
836 2308 975 2373 lora
1002 2320 1309 2394 rotasque
1339 2310 1536 2386 viros,
1567 2308 1755 2373 simul
1780 2331 1980 2387 arma,
2003 2309 2250 2393 jacere,

624 2412 799 2477 Vina
828 2409 1037 2474 simul.
1114 2409 1305 2474 Prior
1334 2409 1734 2493 Hyrtacides
1766 2411 1858 2475 sic
1889 2432 2002 2475 ore
2030 2409 2326 2475 locutus:

451 2513 582 2577 320
627 2511 939 2597 Euryale,
971 2511 1349 2577 audendum
1374 2512 1629 2576 dextra.
1707 2510 1906 2576 Nunc
1933 2512 2080 2596 ipsa
2106 2520 2294 2575 vocat
2321 2530 2454 2574 res.

625 2613 777 2679 Hac
806 2615 932 2678 iter
961 2624 1085 2679 est.
1161 2612 1295 2691 Tu,
1326 2636 1409 2677 ne
1440 2636 1572 2696 qua
1597 2635 1827 2677 manus
1859 2634 1930 2677 se
1960 2610 2256 2677 attollere
2287 2612 2476 2677 nobis

622 2713 693 2778 A
721 2726 909 2799 tergo
939 2715 1171 2799 possit,
1202 2714 1482 2791 custodi,
1513 2724 1583 2778 et
1612 2712 1881 2778 consule
1910 2712 2128 2797 longe.

622 2814 793 2881 Haec
820 2837 948 2901 ego
975 2825 1159 2880 vasta
1189 2816 1384 2890 (labe,
1413 2826 1481 2878 et
1511 2813 1644 2878 lato
1675 2826 1739 2879 te
1767 2814 1966 2879 limite
1997 2816 2250 2880 ducam.

622 2918 732 2982 Sic
760 2926 1108 2994 memorat,
1125 2937 1481 3009 ‚vocemque
1510 2916 1782 3000 premit3
1831 2915 2019 2981 simul
2049 2939 2206 2981 ense
2239 2914 2596 3001 superbum

448 3019 579 3081 325
623 3016 1061 3081 Rhamnetem
1089 3017 1493 3101 aggreditur,
1526 3018 1640 3101 qui
1667 3016 1836 3081 forte
1865 3018 2196 3102 tapetibus
2226 3017 2373 3081 altis

622 3118 1026 3182 Exstructus
1058 3128 1201 3182 toto
1224 3117 1849 3203 proflabat-pectore
1881 3140 2210 3197 somnum;

624 3218 779 3282 Rex
807 3218 1003 3297 idem,
1034 3230 1103 3284 et
1130 3222 1271 3305 regi
1299 3221 1532 3287 Turno
1561 3224 1966 3307 gratissimus
1999 3244 2244 3307 augur:

624 3320 761 3384 Sed
790 3342 922 3385 non
953 3323 1230 3406 augurio
1256 3322 1475 3405 potuit
1503 3322 1834 3408 depellere
1865 3331 2138 3409 pestem.

444 3572 629 3635 putabo
648 3570 703 3620 in
719 3572 1011 3621 beneficium
1042 3582 1294 3637 acceptum
1316 3574 1425 3632 hoc,
1446 3574 1576 3637 quod
1640 3574 1904 3638 piendum:
1949 3584 2193 3639 antequam
2227 3578 2320 3637 ipsi
2347 3581 2572 3638 perirent.
2631 3580 2762 3629 Pre-

447 3635 597 3709 talem
632 3635 789 3684 fllium
827 3636 1035 3701 peperit.
1094 3638 1316 3687 Meretur
1348 3652 1576 3701 magnam
1640 3647 1738 3687 stat
1775 3638 2115 3702 interpretari:
2157 3650 2420 3703 antequam
2459 3642 2524 3691 nd
2557 3642 2770 3693 ΕΜ

444 3709 669 3763 granam,
692 3715 802 3761 quae
836 3710 885 3749 te
916 3701 1115 3763 genuit:
1151 3702 1229 3750 vel
1250 3712 1309 3751 ut
1328 3703 1464 3751 Serv.
1490 3705 1572 3751 de-
1639 3702 1970 3767 pervenirent.

447 3766 522 3813 bet
543 3767 605 3813 ab
625 3768 829 3813 omnibu
846 3768 949 3822 coli,
972 3782 1073 3826 qua
1096 3768 1232 3813 talem
1254 3770 1441 3815 creavit.
1703 3766 1976 3819 317—319.
2023 3771 2243 3817 Art-ector
2274 3786 2438 3819 currus
2475 3770 2672 3819 sublato
2713 3772 2767 3819 in

449 3890 461 3902 ·
512 3829 607 3877 303
630 3844 733 3890 sqq.
770 3828 895 3877 Haec
933 3844 997 3877 ex
1036 3829 1245 3877 heroice
1278 3830 1394 3879 vita
1437 3844 1576 3881 more
1637 3830 1792 3880 altum
1805 3834 1940 3895 jugo,
1965 3842 2018 3880 et
2053 3832 2286 3907 depressa
2323 3833 2378 3882 in
2412 3843 2594 3883 terram
2623 3846 2766 3900 parte

446 3890 749 3951 illustranda,
773 3908 871 3956 quo
942 3893 1121 3957 ropriis
1152 3893 1300 3942 armis
1320 3894 1473 3943 alium
1491 3896 1568 3943 in·
1635 3910 1808 3945 currus
1825 3904 2062 3953 extrema,
2083 3912 2126 3945 si
2149 3896 2278 3946 binis
2317 3896 2438 3947 rotis
2471 3898 2764 3949 inum

446 3965 635 4005 struere
658 3956 835 4005 summi
978 3966 1057 4006 tus
1078 3957 1259 4021 pignus
1274 3968 1392 4007 erat.
1634 3975 1832 4009 currum
1853 3958 2052 4023 cog-ites-
2075 3960 2082 3971 “
2117 3962 2250 4019 Vina,
2275 3978 2392 4011 vasa
2407 3962 2526 4011 vim.

510 4022 619 4094 313.
656 4024 905 4071 Numae.-
952 4021 1073 4071 dant
1104 4021 1279 4081 ventis,
1324 4022 1473 4082 auris,
1516 4033 1575 4072 ut
1704 4026 1976 4073 821—324.
2002 4025 2178 4074 Anteit
2190 4025 2370 4077 Nisus:
2395 4026 2614 4091 Euryalo
2625 4042 2764 4076 mn·—

446 4092 605 4133 toues.
1637 4089 1736 4147 dat,
1771 4098 1828 4137 ut
1857 4098 2090 4152 sequatur
2125 4098 2177 4139 et
2213 4106 2244 4139 a
2281 4100 2420 4154 tergo
2457 4091 2624 4140 omnia
2662 4100 2768 4140 tuta

509 4150 619 4195 315.
660 4148 953 4223 Impeditam
986 4150 1283 4201 sententiam
1324 4150 1441 4201 facit
1477 4168 1574 4201 vox.
1637 4165 1849 4218 praestet.
1901 4156 2104 4211 comate,
2124 4154 2366 4220 pro-pice,
2387 4155 2608 4220 provide.
2649 4156 2766 4205 Van·-

443 4220 566 4260 mue.
625 4213 839 4271 Servius,
876 4212 969 4263 etsi
1004 4213 1188 4273 durius,
1226 4214 1333 4265 vult
1367 4226 1425 4265 ut
1462 4226 1572 4266 ante
1639 4226 1690 4265 ta
1723 4221 1838 4266 aare
1869 4234 1960 4283 pro
1991 4218 2166 4276 tacere,
2189 4230 2396 4269 vastare.
2461 4222 2624 4269 Vocem
2649 4236 2760 4283 pn-

442 4275 895 4351 respiqiatjnt‘mn‘m,
920 4278 973 4327 in
995 4294 1093 4355 quo
1108 4280 1183 4329 vis
1212 4281 1377 4339 lateat,
1400 4282 1568 4346 perni-
1633 4286 1718 4331 mie
1735 4301 1750 4329 .·
1785 4283 2023 4333 submissa
2040 4299 2159 4333 voce
2179 4284 2406 4347 loquitur.

441 4354 575 4387 mosa
594 4354 731 4403 ipsas,
755 4343 885 4390 unde
916 4342 1123 4393 redituri
1148 4360 1245 4395 non
1268 4355 1439 4401 εει-ωτι
1474 4345 1568 4411 igi-
1701 4348 1812 4404 325,
1837 4348 1948 4396 326.
1983 4349 2185 4406 ornate,
2208 4348 2352 4398 docta
2371 4348 2632 4399 verbenam
2669 4348 2762 4398 im·

444 4412 525 4451 tur
546 4410 653 4452 ante
670 4406 827 4465 quoad
850 4407 1143 4457 sententiam
1162 4425 1225 4459 ex
1242 4425 1301 4458 ea
1314 4426 1433 4459 voce
1448 4424 1568 4474 sup-
1637 4412 1922 4471 mutatione,
1956 4428 2047 4476 pro
2069 4412 2284 4477 vulgari:
2323 4416 2371 4461 in
2408 4417 2642 4475 tapetibus
2667 4416 2766 4463 «lte
