3050 4934
493 271 625 337 650
1388 268 1916 336 AENEIDOS

666 421 777 487 Sic
807 420 1063 498 Turno,
1092 440 1498 506 quacumque
1528 421 1696 485 viam
1725 420 1964 483 virtute
1991 415 2245 501 petivit,

666 521 1055 587 Successum
1084 521 1211 586 dea
1240 522 1384 587 dira
1410 532 1632 606 negat.
1704 518 1884 585 Tum
1908 526 2176 603 pectore
2209 534 2438 581 sensus

492 623 623 687 915
666 622 1039 688 Vertuntur
1064 623 1245 687 varii.
1322 621 1612 687 Rutulos
1643 620 2011 705 adspectat,
2041 626 2114 683 et
2137 618 2392 693 urbem,

666 722 1161 808 cunctaturque
1190 732 1394 800 metu,
1424 722 1756 806 telumque
1783 723 2026 786 instare
2057 718 2406 793 tremiscit3

669 824 842 901 Nec,
873 846 1007 910 quo
1036 846 1109 889 se
1140 824 1396 909 eripiat,
1427 844 1572 900 nec,
1604 844 1734 907 qua
1763 822 1828 887 vi
1855 821 2084 887 tendat
2109 820 2179 884 in
2205 818 2486 893 hostem,

667 925 817 990 Nec
845 946 1077 991 currus
1106 946 1383 1009 usquam
1412 924 1615 1000 videt,
1645 924 2016 1007 aurigamve
2047 939 2354 985 sororem.

670 1026 1023 1092 Cunctanti
1051 1024 1254 1091 telum
1282 1024 1536 1091 AEneas
1567 1022 1764 1088 fatale
1792 1032 2117 1098 coruscat,

490 1128 627 1191 920
670 1126 955 1194 Sortitus
984 1126 1310 1192 fortunam
1340 1124 1544 1190 oculis
1569 1150 1586 1202 3
1631 1134 1700 1189 et
1727 1142 2004 1207 corpore
2031 1132 2174 1187 toto

668 1228 944 1295 Eminus
974 1230 1325 1312 intorquet.
1403 1224 1652 1290 Murali
1681 1226 1936 1290 concita
1963 1244 2295 1306 nunquam

664 1328 1025 1395 Tol-mento
1054 1330 1145 1393 sic
1177 1350 1339 1393 saxa
1366 1326 1675 1403 fremunt,
1706 1345 1829 1390 nec
1859 1322 2125 1389 fulmine
2153 1324 2318 1387 tanti

667 1429 1038 1495 Dissultant
1065 1430 1377 1513 crepitus·
1448 1426 1652 1493 Volat
1679 1428 1806 1490 atri
1833 1424 2111 1491 turbinis
2141 1424 2345 1487 instar

667 1530 964 1596 Exitium
993 1532 1207 1597 dirum
1235 1531 1428 1595 hasta
1454 1528 1698 1604 ferens,
1730 1547 2008 1610 orasque
2037 1522 2315 1589 recludit

490 1632 623 1697 925
669 1631 947 1709 Loricae,
976 1642 1046 1697 et
1074 1630 1265 1716 clipei
1294 1641 1623 1695 extremos
1655 1625 2094 1712 septemplicis
2119 1626 2348 1701 orbes;

661 1732 794 1797 Per
822 1733 1105 1798 medium
1134 1732 1417 1797 stridens
1446 1730 1684 1794 transit
1711 1728 1941 1793 femur.
2015 1726 2254 1793 Incidit
2276 1725 2444 1790 ictus

666 1832 907 1918 Ingens
938 1834 1026 1899 ad
1054 1844 1295 1897 terram
1322 1830 1658 1914 duplicato
1687 1827 1935 1913 poplite
1965 1826 2257 1891 Turnus.

658 1934 1085 2020 Consurgunt
1111 1934 1355 2018 gemitu
1386 1928 1646 2008 Rutuli,
1677 1940 1986 2013 totusque
2017 1927 2300 2011 remugit

663 2034 863 2100 Mons
894 2036 1159 2112 circum,
1190 2042 1259 2098 et
1279 2054 1503 2097 vocem
1531 2030 1661 2096 late
1693 2052 1956 2095 nemora
1985 2028 2115 2093 alta
2142 2028 2498 2093 remittunt.

486 2135 619 2199 930
661 2133 779 2199 Ille
808 2132 1065 2198 humilis
1098 2132 1509 2217 supplexque
1539 2130 1761 2196 oculos
1792 2130 2220 2214 dextramque
2250 2137 2628 2213 precantem

663 2234 1104 2311 Protendens,
1136 2232 1465 2317 Equidem
1492 2233 1723 2309 merui,
1753 2252 1876 2297 nec
1905 2231 2249 2315 deprecor,
2280 2228 2526 2315 inquit3

666 2333 875 2399 Utere
906 2344 1082 2399 sorte
1114 2343 1247 2399 tua.
1324 2332 1560 2398 Miseri
1589 2342 1654 2397 te
1683 2333 1737 2397 si
1766 2355 1898 2417 qua
1925 2332 2215 2416 parentis

668 2435 976 2522 Tangere
1002 2456 1161 2501 cura
1188 2443 1427 2520 potest,
1464 2456 1582 2499 oro
1613 2432 1761 2517 (fuit
1787 2443 1857 2499 et
1883 2433 2004 2497 tibi
2032 2430 2177 2497 talis

664 2535 992 2603 Anchises
1022 2536 1328 2621 genitor),
1352 2534 1582 2601 Dauni
1609 2535 1916 2599 miserere
1947 2544 2265 2611 senectae3

490 2639 621 2703 935
666 2638 761 2703 Et
789 2660 915 2715 me,
948 2658 1065 2701 seu
1092 2657 1330 2721 corpus
1364 2634 1712 2720 spoliatum
1739 2634 1978 2699 lumine
2007 2634 2233 2711 mavis,

660 2736 905 2804 Redde
933 2738 1117 2801 meis.
1190 2734 1463 2813 Vicisti;
1508 2746 1579 2800 et
1607 2736 1846 2800 victum
1875 2735 2148 2801 tendere
2177 2732 2423 2821 palmas

663 2837 944 2905 Ausonii
971 2838 1231 2917 videre3
1276 2848 1391 2902 tua
1420 2847 1523 2901 est
1555 2836 1828 2901 Lavinia
1855 2836 2133 2921 conjux:

494 2996 937 3147 nemrim.
888 3019 1065 3131 ..⁴23
1080 3018 1614 3138 affinitu-
1681 3033 1778 3139 2:¹2:
1795 3016 2024 3131 affl...
2031 3016 2216 3131 Ἓξ
2251 3015 2629 3145 mm...
2607 3018 2812 3132 mmm..

556 3148 667 3195 918.
700 3146 1071 3207 Quamcumque
1102 3144 1232 3193 viam
1272 3144 1387 3193 iniit
1419 3143 1612 3207 vulgari
1675 3164 1729 3209 χ,
1755 3148 1864 3195 328.
1913 3148 2241 3208 Supte-plicia.
2287 3146 2458 3208 Ajwis
2473 3143 2624 3196 edm:
2645 3146 2802 3196 ἔπο-

490 3211 635 3259 modo
656 3209 805 3258 dices.
1679 3208 1843 3265 βόειον
1864 3210 1975 3273 quis
1997 3210 2186 3259 nescit?

558 3276 671 3333 914,
696 3274 807 3323 915.
846 3272 1047 3322 Dictum
1078 3273 1369 3336 exquisitius
1401 3288 1492 3336 pro
1514 3272 1612 3320 sol-
1746 3274 1857 3325 927.
1898 3276 2150 3336 Duplieato
2187 3276 2378 3336 poplite,
2411 3273 2662 3337 eleganter
2707 3290 2806 3338 pro

497 3338 735 3396 lenniore,
780 3337 943 3395 vertit,
989 3346 1165 3395 versat,
1211 3337 1348 3387 varia
1396 3336 1617 3394 consilia,
1681 3337 1864 3387 inflexo
1884 3352 2043 3401 genu:
2079 3338 2140 3387 cs.
2163 3353 2271 3403 sup.
2289 3337 2360 3395 xi,
2378 3338 2488 3387 645.

495 3418 683 3459 sensus,
706 3401 871 3451 animo
892 3401 1103 3450 Turnus.
1743 3403 1853 3451 928.
1900 3405 2190 3465 Consurgunt
2229 3406 2406 3466 gendes
2449 3404 2616 3451 Rutula
2631 3420 2647 3449 .-
2697 3402 2800 3451 sol-

560 3466 832 3515 919-921,
868 3468 1101 3522 coruscat,
1116 3464 1288 3521 vibrat,
1302 3464 1484 3513 πάλλει
1502 3464 1610 3512 Ηο-
1677 3465 1814 3514 lenni
1945 3476 2009 3515 ω
2039 3482 2190 3524 more,
2221 3482 2318 3528 quo
2339 3480 2370 3515 a
2391 3465 2580 3528 vulg-ari
2613 3466 2800 3515 oratio-

495 3546 674 3589 merus,
705 3530 843 3579 Iliad.
868 3548 921 3591 χ,
947 3530 1058 3587 820,
1081 3528 1169 3578 sed
1190 3528 1344 3577 multo
1374 3527 1612 3585 ornatius,
1677 3544 1792 3579 nem
1813 3545 1842 3578 a
1909 3530 2024 3588 ucit,
2048 3546 2154 3594 pro,
2173 3531 2660 3593 gestimulum
2683 3546 2796 3579 ean-

497 3603 549 3642 et
568 3603 795 3657 respectu
817 3592 1209 3657 comparationis,
1233 3608 1379 3655 quam
1412 3592 1519 3656 ipse
1542 3590 1612 3639 ibi
1676 3597 1844 3657 surgit.

494 3656 740 3715 attulerat,
762 3658 917 3708 haste
932 3657 1003 3705 sic
1020 3656 1220 3705 vibrate
1240 3670 1353 3705 cum
1372 3655 1612 3705 Lucifero.
1743 3658 1840 3707 930
1883 3674 1986 3721 sqq.
2055 3656 2208 3707 Vides
2278 3656 2544 3707 Hectorem
2595 3672 2662 3706 ne
2715 3674 2800 3708 se-

496 3722 765 3779 Fortunau,
787 3722 837 3769 h.
862 3721 1023 3769 locum
1044 3720 1098 3769 in
1120 3734 1323 3785 corpore
1346 3735 1491 3782 quem
1514 3719 1612 3795 ξος·-
1679 3720 1878 3784 pultura
1919 3730 2098 3780 careat,
2143 3721 2516 3785 supplicantem,
2567 3721 2710 3771 niul.
2741 3741 2798 3784 χ,

498 3794 620 3833 tuna
640 3784 799 3833 dabat.
856 3785 985 3833 Tum
1006 3784 1231 3833 omnibus
1252 3783 1471 3848 corporis
1493 3798 1612 3833 vm·
1681 3786 1777 3833 888
1822 3801 1924 3848 sqq.
1982 3788 2144 3834 Οσιιὶω
2197 3783 2454 3844 convertit,
2489 3802 2652 3835 mus
2683 3802 2804 3848 pn-

497 3848 591 3897 bus
614 3848 796 3897 emittit
816 3848 1018 3897 hastam.
1681 3852 1844 3905 tendit,
1881 3849 1970 3898 sed
2008 3848 2132 3897 illud
2165 3846 2287 3898 latet
2319 3848 2374 3897 in
2409 3848 2528 3898 hoc:
2565 3858 2624 3899 ut
2652 3850 2808 3899 toties

564 3913 676 3970 924,
700 3914 811 3961 925.
849 3912 1010 3960 Hasta
1028 3912 1208 3975 trajicit
1218 3912 1433 3976 clipeum
1448 3913 1503 3961 in
1526 3926 1615 3961 ex·
1683 3912 1754 3961 fit.

500 3984 671 4035 trema,
697 3984 831 4039 puta,
1044 3984 1149 4023 tum
1183 3976 1349 4025 lorica
1382 3992 1534 4034 oram,
1568 3983 1620 4024 et
1747 3978 1858 4033 933,
1897 3977 2006 4025 934.
2057 3978 2169 4025 Fuit
2209 3984 2256 4025 et
2291 3980 2380 4025 ubi
2419 3978 2544 4025 talis.
2612 3977 2806 4026 Notum

498 4038 553 4088 in
588 4040 772 4088 femore
898 4050 963 4088 et.
1034 4040 1151 4103 Sup.
1188 4038 1271 4087 lib.
1312 4055 1363 4097 x,
1403 4040 1499 4091 587
1540 4055 1613 4103 sq.
1681 4038 1942 4088 artificium
1977 4040 2385 4104 supplicantium:
2424 4041 2488 4089 ad
2521 4042 2805 4105 exemplum

498 4102 661 4151 simile
682 4103 784 4152 fere
806 4102 984 4153 vulnus
1003 4103 1073 4151 ῆι
1132 4102 1342 4161 Scilicet,
1367 4104 1618 4166 quodiam
1681 4102 1804 4151 illud
1834 4102 2053 4153 omnium
2085 4104 2292 4153 aliorum
2324 4104 2806 4168 prumtissimam,

498 4164 583 4213 alii
604 4167 848 4225 viderunt,
872 4166 1029 4216 noluit
1060 4176 1208 4243 poeta
1228 4165 1406 4215 vulnus
1436 4166 1616 4218 lethale
1683 4168 1876 4224 Μνῆσω
1891 4169 2070 4231 πατρὸς
2091 4170 2194 4217 σεῖο
2217 4178 2308 4217 etc.
2347 4167 2487 4219 Iliad.
2510 4188 2562 4224 υ,
2585 4170 2700 4217 486.

500 4244 622 4302 esse,
656 4238 714 4279 ut
744 4231 879 4280 locus
910 4239 1041 4281 esset
1072 4246 1136 4279 us
1171 4245 1279 4293 quae
1316 4241 1614 4294 sequuntun
1746 4232 1856 4280 986.
1907 4234 1974 4281 Ee
2011 4249 2096 4289 nne,
2141 4249 2222 4281 m
2265 4248 2440 4295 eorpus.
2516 4232 2642 4281 Viro
2685 4233 2806 4282 forti

498 4292 674 4353 quibus
714 4294 776 4342 ad
791 4295 1010 4369 ‚tragice
1052 4294 1227 4343 fabualae
1270 4294 1456 4344 exitum
1496 4312 1617 4360 epos
1679 4295 1830 4359 digna
1851 4295 2032 4345 oratio:
2067 4306 2236 4359 aperte
2269 4305 2476 4345 mortem
2497 4311 2598 4345 non
2621 4297 2806 4362 depre-

498 4370 641 4403 suum
662 4368 865 4420 propius
896 4358 1127 4415 adduxits
1162 4358 1313 4407 simili
1344 4358 1447 4409 fere
1478 4374 1614 4411 more
1679 4369 1844 4415 catur,
1879 4358 1994 4408 vitoe
2017 4370 2178 4409 tamen
2201 4376 2344 4410 usum
2367 4376 2458 4409 nec
2479 4360 2660 4409 renuit.
