3050 4934
467 239 596 304 570
1363 235 1891 301 AENEIDOS

637 389 976 455 Turbidus
1009 388 1372 471 ingreditur
1401 407 1653 470 campo.
1732 385 1949 458 Quam
1978 403 2253 466 magnus
2278 383 2513 460 Orion,

647 491 869 564 Quum
900 490 1105 574 pedes
1135 487 1378 552 incedit
1407 487 1602 551 medii
1632 507 1753 570 per
1780 506 2081 549 maxuma
2108 482 2317 548 Nerei

465 593 593 655 765
639 593 884 676 Stagna
915 591 1081 654 viam
1113 590 1437 666 scindens,
1467 587 1741 652 humero
1772 586 2211 670 supereminet
2240 586 2491 662 undas3

637 690 800 767 Aut,
833 693 1094 757 summis
1127 688 1416 754 referens
1447 710 1757 754 annosam
1785 687 2113 752 montibus
2144 709 2397 764 ornum,

637 793 1139 876 Ingrediturque
1171 789 1310 854 solo
1337 801 1406 854 et
1436 801 1636 874 caput
1664 790 1833 854 inter
1861 787 2085 854 nubila
2112 789 2333 854 condit
2359 813 2373 852 ε

640 892 823 957 Talis
851 915 920 957 se
951 894 1150 957 vastis
1182 889 1378 955 infert
1408 891 1781 956 Mezentius
1810 891 2027 957 armis.

640 994 817 1058 Huic
849 1006 1074 1059 contra
1107 994 1376 1069 AEneas,
1409 990 1785 1079 speculatus
1815 993 1880 1054 in
1910 991 2163 1075 agmine
2194 987 2411 1074 longo,

471 1097 600 1160 770
643 1095 900 1160 Obvius
933 1096 1026 1158 ire
1052 1103 1260 1179 parat.
1339 1091 1571 1156 Manet
1597 1093 2072 1175 imperterritus
2100 1090 2231 1166 ille,

646 1196 928 1260 Hostem
955 1195 1430 1278 magnanimum
1459 1193 1831 1276 opperiens,
1864 1202 1933 1258 et
1960 1190 2127 1256 mole
2158 1213 2276 1256 sua
2306 1201 2477 1270 stat3

644 1295 868 1380 Atque
900 1294 1102 1359 oculis
1135 1295 1414 1378 spatium
1445 1297 1771 1369 emensus,
1802 1303 2115 1377 quantum
2146 1293 2303 1360 satis
2332 1292 2577 1358 hastae:

648 1397 929 1473 Dextra,
955 1393 1108 1458 mihi
1133 1396 1321 1468 deus,
1353 1404 1420 1458 et
1449 1391 1675 1470 telum,
1703 1393 1884 1477 quod
1910 1391 2153 1458 missile
2179 1392 2369 1470 libro,

644 1497 842 1562 Nunc
871 1497 1090 1560 adsint
1117 1499 1132 1558 Ξ
1178 1515 1382 1558 voveo
1413 1494 1743 1578 praedonis
1774 1516 2048 1578 corpore
2078 1495 2282 1579 raptis

474 1600 601 1664 775
647 1595 956 1662 Indutum
989 1593 1210 1679 spoliis
1241 1594 1453 1678 ipsum
1481 1607 1574 1670 te,
1610 1594 1851 1671 Lause,
1881 1606 2202 1680 tropaeum

475 1695 487 1700 ’
645 1699 898 1763 AEneoe.
976 1696 1202 1773 Dixit;
1249 1696 1765 1779 stridentemque
1796 1697 2045 1763 eminus
2076 1695 2331 1760 hastam

645 1801 859 1885 Injicit
885 1825 899 1863 ε
945 1797 1052 1862 illa
1085 1795 1308 1861 volans
1337 1794 1551 1881 clipeo
1580 1809 1683 1862 est
1712 1820 2013 1887 excussa,
2042 1797 2397 1882 proculque

649 1901 1007 1986 Egregium
1036 1896 1335 1962 Antoren
1367 1897 1538 1964 latus
1570 1900 1741 1962 inter
1768 1910 1836 1962 et
1864 1896 1971 1960 ilia
2000 1897 2181 1980 figit:

649 2000 954 2066 Herculis
987 1999 1286 2064 Antoren
1318 1999 1636 2074 comitem,
1670 1999 1781 2081 qui
1810 1999 2043 2062 missus
2074 1998 2161 2061 ab
2192 1993 2392 2082 Argis

475 2107 514 2166 7
520 2104 604 2167 80
649 2102 956 2167 Haeserat
987 2101 1323 2177 Evandro,
1353 2113 1553 2184 atque
1585 2098 1749 2163 Itala
1776 2099 2165 2165 consederat
2194 2100 2378 2164 urbe.

648 2203 975 2266 Sternitur
1003 2199 1226 2265 infelix
1257 2200 1466 2266 alieno
1497 2200 1785 2278 vulnere,
1818 2197 2183 2284 coelumque

647 2303 974 2386 Adspicit,
1007 2313 1076 2366 et
1104 2300 1330 2365 dulces
1361 2303 1641 2366 moriens
1672 2301 2103 2368 reminiscitur
2132 2299 2375 2385 Argos.

646 2404 820 2468 Tum
850 2404 998 2488 pius
1031 2401 1280 2466 AEneas
1310 2401 1567 2468 hastam
1586 2402 1782 2485 jacit:
1830 2399 1936 2466 illa
1966 2421 2087 2485 per
2116 2403 2339 2466 orbem

645 2504 810 2568 AEre
841 2525 1070 2569 cavum
1101 2503 1360 2588 triplici,
1393 2523 1514 2586 per
1540 2501 1711 2566 linea
1740 2513 1947 2586 terga,
1980 2503 2321 2586 tribusque

475 2607 605 2670 785
649 2605 942 2670 Transiit
971 2606 1290 2668 intextum
1321 2604 1524 2666 tauris
1558 2625 1751 2686 opus,
1780 2603 2037 2686 imaque
2068 2603 2239 2668 sedit

651 2707 919 2791 {nguine
947 2730 962 2782 ;
1011 2705 1128 2768 sed
1159 2705 1328 2767 vires
1358 2703 1537 2767 haud
1570 2700 1856 2786 pertulit.
1937 2702 2145 2767 Ocius
2172 2725 2391 2770 ensem

651 2806 927 2882 AEneas,
959 2806 1098 2868 viso
1127 2802 1455 2888 Tyrrheni
1487 2803 1802 2886 sanguine
1830 2801 2043 2880 loetus,

651 2907 868 2989 Eripit
896 2929 935 2968 a
966 2905 1224 2982 femine,
1253 2916 1324 2968 et
1351 2904 1705 2989 trepidanti
1735 2904 2023 2968 fervidus
2052 2907 2271 2970 instat.

650 3006 972 3088 Ingemuit
1002 3007 1134 3070 cari
1163 3005 1446 3088 graviter
1476 3005 1787 3088 genitoris
1818 3025 2061 3079 amore,

543 3239 654 3291 768.
695 3241 957 3288 rursiam:
981 3239 1112 3301 quod
1134 3239 1254 3288 sliss
1273 3241 1496 3299 seviens,
1521 3239 1597 3288 fu-
1664 3240 1759 3289 mis
1799 3239 2081 3290 induturum
2126 3256 2235 3290 esse
2270 3243 2486 3292 Lausum
2526 3243 2699 3304 fllium,
2741 3261 2799 3296 ut

478 3321 614 3354 rens·
631 3303 903 3368 ingreditur
915 3313 1015 3351 tam
1029 3319 1248 3379 mag-nus,
1263 3321 1398 3368 quan
1409 3321 1603 3368 uagum
1667 3304 1788 3352 adeo
1806 3304 1889 3351 ille
1912 3313 2139 3366 tanquam
2163 3314 2399 3369 tropeum
2422 3307 2595 3358 adstet.

481 3373 636 3417 Orion.
695 3369 828 3416 Nota
847 3377 924 3418 est
950 3368 1228 3444 prodigiosa
1257 3369 1458 3417 Orionis
1521 3384 1599 3416 ro·
1733 3321 2717 3446 777—779.1nteuigopmmhmam‚magua
2745 3375 2797 3426 vi

475 3432 1460 3579 Μῗιῖἒῗιξῖἇῖἳὲιὶἳὲᾯὲυῗὲἓυ.
1521 3433 1605 3543 ¹3²
1666 3441 1839 3546 353:
1854 3432 2660 3572 {ssff‘ffissssssm'mssffimmss
2624 3439 2799 3501 “¹¹³²''

477 3513 588 3610 ³131
605 3561 770 3610 oriens
787 3559 889 3608 ἐπ”
891 3563 1086 3609 mear&
1101 3558 1248 3608 πόδας
1265 3561 1384 3620 ἴσχε
1359 3579 1412 3616 ει,
1429 3569 1603 3609 utrem
1668 3558 1892 3620 mineris)
1912 3568 2103 3610 tantum
2118 3561 2391 3621 strinxisse.
2407 3563 2527 3616 hinc
2542 3519 2795 3626 mainz:

478 3625 683 3674 Theoor.
699 3623 839 3673 effert
853 3624 920 3672 vii
941 3624 998 3672 ld
1031 3624 1080 3672 u.
1099 3627 1178 3672 54.
1217 3623 1298 3672 Ad
1315 3623 1603 3688 Polyphemi
1668 3623 1983 3672 transversim
2005 3634 2177 3684 actam,
2196 3635 2247 3675 et
2266 3625 2319 3674 in
2340 3628 2793 3680 Ancora-udma-

474 3697 880 3751 staturamoorpo
1053 3703 1100 3735 m
1121 3687 1438 3741 manderet
1461 3689 1605 3736 Maro
1671 3701 1769 3736 tem
1786 3689 2051 3738 aberrasse.
2096 3659 2287 3747 Missus,
2306 3690 2571 3754 profectum,
2591 3703 2649 3742 ut
2669 3695 2797 3746 bene

609 3751 680 3808 iii,
705 3753 816 3799 664.
1674 3752 1839 3800 Serv-z
1876 3751 2021 3810 cfivi,
2042 3753 2153 3811 812,
2180 3755 2289 3803 818.

479 3767 820 3866 moa-276⁷
855 3817 1004 3862 Neres
1019 3823 1190 3877 stagna
1211 3816 1442 3878 supr-aad
1464 3815 1547 3863 lib.
1572 3815 1604 3873 i,
1739 3816 1848 3875 781,
1884 3815 1994 3866 782.
2051 3817 2239 3866 Versus
2282 3817 2566 3870 dulcissimi.
2630 3825 2801 3874 Alce-o

485 3881 590 3928 126.
653 3882 753 3928 Aut
783 3878 942 3940 (cum)
969 3879 1462 3941 ingreditur—Etiam
1493 3881 1603 3928 Ho-
1670 3882 1867 3939 vulnere,
1898 3880 2029 3942 quod
2058 3880 2208 3932 Silius
2234 3881 2337 3939 viii.
2367 3883 2479 3942 680,
2508 3887 2601 3934 telo
2626 3903 2716 3936 ιισιι
2748 3891 2799 3936 ius

481 3959 646 3992 merus
693 3941 930 3991 Orionem
975 3953 1258 3991 venatorem
1301 3943 1502 3993 exhibet
1553 3943 1605 3991 in
1670 3961 1755 3992 saa
1776 3947 1969 3992 vulnera
1986 3949 2134 3995 misso.

483 4008 670 4123 Νοῖἰι
689 4007 863 4070 Odyss-
886 4015 936 4063 λ,
959 4005 1069 4056 671.
1738 4007 2009 4058 vas-785.
2036 4009 2247 4060 Homeri
2268 4009 2474 4074 vestigia
2484 4012 2586 4073 jam
2608 4022 2799 4064 veteres

692 4073 816 4119 Mola
833 4077 1028 4122 metat
1049 4079 1265 4120 sumtum
1286 4085 1320 4118 a
1337 4085 1474 4134 rupe,
1497 4087 1609 4134 que
1672 4071 1751 4120 hic
1772 4083 2090 4133 agnoverunt,
2118 4073 2258 4124 Ilisd.
2281 4092 2335 4135 γ,
2358 4077 2455 4124 355

2474 4077 2797 4153 “st-³⁶¹⁰&

405 4164 417 4178 .
480 4151 569 4184 suo
589 4135 808 4199 pondere
835 4134 1011 4184 librata
1040 4133 1236 4183 firmum
1265 4133 1416 4182 situm
1444 4135 1603 4184 habet.
1671 4135 1873 4210 Clipeus
1892 4136 2130 4186 Mezentii
2144 4147 2331 4203 septem
2414 4091 2585 4197 xfult·
2620 4157 2687 4190 ex
2708 4151 2799 4192 tn-

483 4199 561 4248 De
593 4215 783 4261 msgnoe
827 4199 970 4247 molis
1007 4198 1208 4248 homine
1243 4207 1404 4246 stante
1441 4199 1607 4248 nmcio
1670 4199 1787 4264 plici
1809 4215 1919 4260 ere,
1944 4217 2009 4250 a
2037 4204 2381 4266 tegimento'
2386 4219 2492 4260 neo.
2428 4203 2799 4318 triplicique

481 4275 626 4323 quam
647 4263 772 4310 bene
791 4261 994 4312 diostun
1672 4265 1806 4314 corio
1839 4265 2031 4315 taurino
2062 4276 2359 4330 compastin-

547 4324 656 4376 775.
691 4327 820 4374 Cum
839 4326 924 4373 alii
947 4335 1130 4389 tropas
1151 4325 1203 4374 in
1225 4327 1428 4376 deorum
1449 4329 1603 4376 hono-
1670 4329 1817 4378 coriis
1840 4329 2059 4380 taurinis.

2428 4269 2796 4328 Tnbutmuis.

481 4403 586 4438 rem
615 4399 927 4444 consecrent3
955 4389 1234 4462 Mesentius
1255 4403 1414 4448 vovet,
1437 4407 1492 4440 ιο
1524 4409 1602 4440 ar-
1738 4395 1837 4444 789
1856 4411 1957 4458 sqq.
1999 4395 2059 4444 In
2080 4395 2173 4444 hoc
2194 4395 2305 4444 Mo
2324 4395 2385 4446 de
2418 4395 2609 4446 Lami'
2594 4412 2649 4446 m
2680 4397 2797 4446 Me»
