3050 4934
471 242 600 306 430

1367 243 1898 310 AENEIDOS

645 390 962 476 Adspice,
994 403 1068 456 ut
1093 393 1364 478 insignis
1397 393 1623 478 spoliis
1653 392 2009 458 Marcellus
2040 393 2271 477 opimis

647 491 1044 576 Ingreditur,
1076 495 1409 579 victorque
1439 495 1613 559 viros
1644 495 2083 578 supereminet
2106 513 2329 558 omnes
2347 494 2367 554 Ξ

645 593 778 658 Hic
807 615 945 658 rem
975 594 1362 672 Romanam,
1389 617 1627 678 magno
1657 597 1964 659 turbante
1994 592 2299 669 tumultu,

645 693 870 772 Sistet,
903 717 1105 778 eques
1139 707 1385 760 sternet
1413 696 1683 772 Poenos,
1716 693 2110 778 Gallumque
2140 691 2469 766 rebellem,

474 794 602 857 860
645 794 1005 879 Tertiaque
1036 818 1215 859 arma
1248 797 1420 880 patri
1449 795 1811 880 suspendet
1838 807 2033 879 capta
2062 793 2361 868 Quirino.

647 893 869 979 Atque
899 895 1006 959 hic
1037 896 1326 974 AEneas3
1373 917 1504 960 una
1534 919 1811 981 namque
1842 897 1936 960 ire
1968 895 2233 960 videbat

648 995 1008 1080 Egregium
1038 996 1246 1060 forma·
1267 998 1575 1080 juvenem
1603 1008 1671 1060 et
1700 995 2101 1080 fulgentibus
2137 995 2354 1070 armis,

647 1096 782 1160 Sed
811 1095 990 1160 frons
1021 1095 1172 1160 laeta
1203 1118 1452 1181 parum,
1485 1107 1553 1162 et
1583 1097 1843 1181 dejecto
1869 1096 2111 1160 lumina
2140 1094 2357 1159 vultu:

645 1196 838 1274 Quis,
868 1207 1080 1280 pater,
1113 1197 1242 1275 ille,
1275 1199 1480 1261 virum
1508 1199 1623 1281 qui
1653 1198 1745 1262 sic
1776 1197 2119 1262 comitatur
2144 1197 2449 1261 euntem?

475 1298 602 1361 865
645 1297 872 1375 Filius,
905 1320 1072 1362 anne
1102 1297 1333 1382 aliquis
1363 1320 1599 1381 magna
1628 1299 1713 1362 de
1746 1299 1949 1382 stirpe
1980 1299 2333 1381 nepotum?

649 1397 784 1470 Qui
813 1399 1124 1483 strepitus
1155 1399 1328 1462 circa
1353 1399 1694 1463 comitum!
1742 1409 2055 1482 quantum
2084 1400 2289 1462 instar
2316 1397 2557 1480 inipso
2584 1397 2717 1460 est!
2754 1390 2758 1394 ’

647 1499 784 1562 Sed
813 1499 972 1563 Nox
1002 1510 1144 1564 atra
1171 1509 1371 1584 caput
1399 1500 1567 1564 tristi
1597 1499 2014 1564 circumvolat
2042 1501 2291 1564 umbra.

646 1597 821 1662 Tum
849 1611 1040 1683 pater
1067 1598 1418 1678 AnchiseS,
1448 1599 1725 1664 lacrimis
1752 1601 2087 1684 ingressus
2120 1601 2401 1666 obortis:

649 1699 714 1764 Ο
745 1711 920 1776 nate,
951 1701 1278 1782 ingentem
1307 1701 1552 1765 luctum
1581 1725 1664 1765 ne
1694 1723 1915 1785 quaere
1946 1711 2241 1780 tuorum3

475 1803 605 1866 870
649 1802 1024 1866 Ostendent
1053 1803 1243 1866 terris
1271 1802 1446 1867 hunc
1477 1813 1729 1867 tantum
1757 1801 1914 1881 fata,
1944 1827 2157 1889 neque
2188 1803 2359 1867 ultra

647 1903 820 1967 Esse
853 1904 1085 1967 sinent.
1163 1903 1454 1968 Nimium
1483 1905 1668 1968 vobis
1700 1904 2001 1968 Romana
2028 1926 2325 1988 propago

646 2003 811 2068 Visa
840 2015 1100 2087 potenS,
1134 2006 1378 2088 superi,
1411 2005 1678 2089 propria
1706 2004 1849 2069 haec
1880 2007 1937 2070 si
1966 2007 2140 2070 dona
2169 2005 2467 2070 fuissent.

650 2105 953 2177 Quantos
985 2103 1091 2169 ille
1122 2105 1328 2169 virfim
1357 2128 1657 2190 magnam
1688 2105 2009 2172 Mavortis
2042 2109 2127 2171 ad
2158 2109 2387 2170 urbem

647 2205 934 2289 Campus
965 2217 1116 2289 aget
1146 2207 1460 2289 gemitus!
1509 2207 1611 2270 vel
1641 2230 1811 2291 quae,
1844 2207 2179 2285 Tiberine,
2211 2209 2461 2271 videbis

475 2307 602 2370 875
645 2305 928 2384 Funera,
960 2329 1159 2392 quum
1189 2307 1505 2372 tumulum
1534 2308 1996 2392 praeterlabere
2027 2311 2387 2373 recentem!

647 2407 796 2472 Nec
825 2430 992 2491 puer
1022 2406 1218 2471 Iliaca
1247 2409 1589 2491 quisquam
1619 2410 1703 2473 de
1734 2419 1929 2493 gente
1964 2408 2235 2474 Latinos

646 2507 726 2572 In
756 2517 1008 2572 tantum
1039 2530 1155 2592 spe
1185 2507 1368 2573 tollet
1397 2531 1593 2587 avos;
1637 2531 1759 2574 nec
1788 2508 2073 2573 Romula
2100 2511 2429 2593 quondam

649 2609 806 2674 Uno
836 2631 906 2672 se
937 2619 1188 2673 tantum
1217 2608 1408 2672 tellus
1430 2610 1708 2694 jactabit
1736 2608 2015 2674 alumno.

647 2710 807 2774 Heu
833 2711 1069 2794 pietaS‚
1099 2708 1232 2773 heu
1259 2711 1478 2794 prisca
1505 2709 1697 2787 fides,
1730 2711 2094 2795 invictaque
2124 2710 2299 2776 bello

475 2813 605 2877 880
649 2811 984 2875 Dextera!
1029 2833 1161 2874 non
1189 2810 1279 2873 illi
1311 2832 1380 2875 se
1411 2812 1754 2898 quisquam
1784 2812 2045 2896 impune
2077 2811 2335 2876 tulisset

477 2996 526 3044 N
531 2993 824 3043 arrationem
857 2993 919 3040 de
953 2992 1060 3040 loco
1093 2992 1186 3040 hoc
1211 3007 1374 3040 coram
1396 2992 1603 3041 Octavia

475 3059 603 3108 lecto
619 3059 769 3105 habet
781 3056 1182 3104 Pseudodonatus
1196 3055 1251 3102 in
1267 3057 1386 3104 Vita
1401 3056 1601 3121 Virgilii

479 3123 620 3183 §472
659 3120 754 3169 vid.
779 3129 830 3168 et
851 3121 986 3168 Serv.
1011 3120 1072 3168 ad
1095 3136 1138 3168 v.
1166 3119 1274 3167 862.

547 3185 818 3233 856—860.
855 3187 1024 3245 Spoliz‘ae
1054 3187 1227 3246 opimi-5,
1256 3184 1416 3232 occiso
1451 3185 1596 3234 Insu-

479 3249 639 3299 brium
657 3248 909 3297 Gallorum
931 3247 1054 3296 duce
1071 3247 1375 3297 Virdomaro.
1412 3249 1602 3298 Eadem

481 3323 597 3363 sunt
614 3329 658 3360 v.
685 3313 793 3370 860,
823 3314 984 3360 Tertia
1004 3329 1136 3360 ama
1155 3321 1306 3374 capta,
1330 3314 1376 3361 h.
1399 3329 1440 3362 e.
1459 3314 1604 3363 tertia

477 3377 635 3442 spolia
667 3377 830 3441 opima
862 3386 974 3441 post
1009 3377 1272 3425 Romulum
1305 3387 1357 3426 et
1377 3379 1601 3436 Cossum,

478 3444 721 3505 suspendet
759 3444 965 3499 Quirino,
1005 3441 1054 3490 h.
1093 3457 1134 3489 e.
1167 3441 1391 3490 Romulo.
1448 3442 1603 3505 Atqui

478 3523 542 3556 ex
579 3505 778 3555 Romuli
811 3505 1036 3554 instituto
1071 3505 1103 3554 J
1106 3505 1186 3554 ovi
1223 3506 1449 3554 Feretrio
1472 3507 1600 3555 fere·

478 3572 656 3621 bantur
674 3570 832 3646 spolia
851 3571 1026 3634 opima.
1086 3570 1183 3618 Sed
1251 3570 1377 3618 otuit
1403 3571 1603 3620 serioris

477 3636 570 3684 oevi
585 3635 759 3698 religio
775 3634 1040 3683 Romulum
1055 3635 1087 3683 J
1091 3634 1170 3683 ovi
1243 3637 1465 3698 jungere.
1503 3637 1599 3683 Tu-

477 3703 624 3748 multu
645 3708 808 3764 potest
826 3715 917 3764 pro
953 3699 1024 3747 rie
1039 3699 1225 3748 dictum
1245 3699 1414 3757 videri,
1437 3699 1599 3747 immi·

479 3775 628 3813 nente
672 3764 800 3813 bello
821 3765 868 3812 G
935 3763 1010 3811 ico
1045 3762 1097 3811 in
1136 3763 1293 3811 Italia.
1352 3767 1504 3826 Eques
1540 3779 1603 3812 ex

479 3829 672 3894 poetico
689 3843 914 3876 sermone
949 3827 1011 3874 ad
1045 3830 1276 3889 majorem
1313 3827 1601 3890 dig-nitatem

479 3910 584 3958 pro,
608 3892 826 3950 bellator,
850 3891 965 3938 dux.
1020 3891 1248 3939 Occurrit
1269 3900 1320 3938 et
1339 3891 1469 3940 alibi.

547 3956 818 4006 861—867.
861 3956 1062 4003 Summa
1093 3955 1262 4020 populi
1293 3955 1504 4004 Romani
1539 3956 1602 4004 de

480 4023 554 4071 M.
583 4020 820 4078 Marcelli,
845 4021 1069 4083 Aug-usto
1103 4035 1166 4068 ex
1197 4035 1364 4068 sorore
1393 4019 1601 4084 nepotis,

477 4086 740 4135 virtutibus
757 4095 982 4148 suscepta
995 4093 1101 4131 erat
1115 4083 1403 4147 expectatio.
1456 4087 1604 4133 Frons

481 4154 591 4200 lata
651 4167 832 4212 parum,
887 4163 1032 4196 omen
1091 4148 1262 4196 mortis
1315 4147 1600 4196 immature.

485 4219 715 4267 Quantum
735 4217 886 4262 instar
904 4217 953 4260 in
986 4216 1084 4274 ipso
1112 4221 1180 4261 est
1195 4231 1212 4260 .·
1245 4212 1508 4260 verisimile
1532 4213 1601 4270 fit,

480 4279 522 4328 si
545 4277 596 4324 id
618 4277 814 4340 cogites,
833 4277 962 4339 quod
983 4276 1240 4325 sententiae
1259 4277 1334 4325 vis
1355 4277 1603 4341 postulare

481 4340 686 4398 videtur,
723 4355 848 4388 nove
892 4341 940 4388 h.
976 4340 1007 4388 l.
1045 4343 1196 4389 instar
1229 4341 1442 4405 positum
1477 4357 1601 4400 esse,

479 4422 570 4471 pro
593 4405 816 4467 exemplo
839 4420 1027 4466 magnae
1041 4405 1308 4466 dignitatis,
1325 4406 1489 4470 specie
1512 4422 1599 4454 au-

1664 3002 1809 3055 gusta
1827 2991 2059 3057 corporis.
2116 2996 2223 3042 Nooe
2246 2993 2361 3057 (pro
2384 2993 2573 3056 Morte)
2594 2999 2783 3044 cirena-

1664 3060 1787 3105 volat
1823 3066 1975 3119 caput.
2033 3057 2195 3116 Nocti,
2237 3059 2432 3118 Somno,
2480 3059 2649 3117 Morti,
2688 3059 2788 3107 alas

1666 3121 1831 3178 tribui,
1852 3136 1984 3170 nunc
2006 3132 2123 3170 nota
2142 3136 2223 3170 res
2246 3132 2333 3170 est.

1732 3187 1826 3234 868
1848 3201 1950 3248 sqq.
1983 3187 2299 3250 Quantopere
2322 3185 2486 3235 omnia
2506 3187 2610 3234 hec
2632 3186 2693 3234 ad
2714 3186 2785 3234 af·

1666 3249 1845 3298 fectum
1870 3250 2229 3299 accommodata
2250 3260 2303 3298 et
2314 3250 2446 3300 dicta
2460 3251 2575 3309 sint,
2590 3265 2789 3300 monere

1667 3330 1866 3364 necesse
1888 3329 1987 3362 non
2009 3325 2099 3363 est.

1733 3378 2006 3429 872-878.
2040 3381 2253 3440 Propria,
2283 3388 2535 3443 perpetua.
2594 3381 2789 3440 Campus

1667 3451 1776 3505 agee
1801 3447 2001 3506 gemitus
2034 3447 2245 3500 virorum,
2282 3452 2399 3491 noto
2432 3457 2569 3491 more
2640 3458 2711 3502 ro,
2734 3442 2787 3490 in

1666 3517 2021 3632 ‘'iffpi’xfflff
2020 3519 2197 3632 ‘21323
2228 3510 2789 3620 iimffl‘iirssuffifffi

1704 3635 1765 3682 ed
1774 3633 1923 3696 sunus
1938 3651 2159 3684 seorsum
2176 3635 2475 3693 memoravit,
2495 3645 2546 3684 et
2559 3634 2789 3699 preclare

1666 3699 1729 3746 ad
1750 3699 1970 3747 Tiberim
1991 3699 2184 3748 retulit:
2218 3709 2399 3762 quanto
2419 3715 2533 3748 cum
2552 3708 2789 3763 apparatu

1666 3763 1813 3812 funus
1836 3763 2018 3812 factum
2052 3763 2255 3822 videbis,
2282 3780 2394 3813 cum
2422 3764 2507 3812 ille
2526 3763 2785 3812 tumulabi-

1667 3831 1773 3876 tur!
1812 3829 1981 3876 Funus
2002 3837 2167 3876 autem
2197 3829 2251 3876 in
2274 3829 2463 3892 Campo
2482 3828 2665 3876 Martio
2685 3827 2783 3875 fac-

1669 3904 1772 3940 tum
1794 3901 1870 3940 est
1888 3891 2075 3956 ingenti
2099 3907 2211 3940 cum
2240 3908 2305 3956 ap
2424 3901 2490 3940 tu.
2552 3894 2789 3940 Tum-clun

1666 3965 1901 4014 recentem,
1944 3957 2244 4004 mausoleum
2330 3956 2494 4020 ugusti
2532 3955 2584 4003 in
2618 3971 2791 4020 campo

1670 4021 1854 4068 Martio
1876 4019 1937 4068 ad
1968 4020 2011 4067 ri
2048 4035 2128 4068 em
2157 4019 2365 4079 Tiberis,
2390 4019 2518 4083 quod
2540 4028 2680 4068 sexto
2700 4035 2789 4068 suo

1667 4085 1921 4134 consulatu
1958 4085 1976 4140 (
2032 4119 2045 4132 .
2084 4085 2138 4132 C.
2179 4083 2315 4146 72⁶3)
2354 4093 2673 4133 exstruxerat.
2730 4085 2788 4132 In

1669 4157 1845 4198 tantam
1886 4165 1965 4212 spe
2010 4151 2137 4197 tollet
2180 4165 2315 4198 aooe:
2360 4165 2451 4212 pro
2494 4147 2697 4211 vulgari,
2735 4147 2787 4195 in

1670 4223 1853 4262 tantam
1894 4229 2033 4278 spem
2072 4212 2209 4261 tollet
2240 4229 2347 4268 eos3
2408 4221 2591 4261 tantam
2636 4211 2699 4260 de
2734 4227 2789 4260 se

1666 4293 1806 4341 spem
1827 4277 1987 4335 faciet,
2012 4287 2070 4326 ut
2090 4287 2140 4326 et
2160 4279 2247 4326 Gr.
2273 4277 2465 4326 ἐλπίσιν
2486 4277 2705 4339 ἐπαίρειν.

1732 4342 1844 4400 879,
1864 4345 1974 4391 880.
2010 4341 2222 4406 Egregia
2258 4340 2485 4398 inversio,
2520 4340 2641 4388 dum
2678 4349 2793 4404 poet

1666 4405 1763 4464 illa,
1780 4407 2027 4456 neminem
2046 4407 2381 4455 Romanorum
2390 4421 2503 4454 cum
2520 4403 2629 4468 ipoo
2644 4420 2791 4468 poue
