3050 4934
1179 271 1519 338 LIBER
1565 272 1697 338 VI.

2465 271 2584 334 431

456 420 711 484 Obvius
742 431 1013 496 armate,
1046 442 1163 486 seu
1192 445 1393 506 quum
1422 423 1628 506 pedes
1659 426 1783 488 iret
1811 425 1878 487 in
1907 423 2185 500 hostem,

456 520 591 585 Seu
622 522 980 605 spumantis
1010 523 1163 606 equi
1192 522 1451 588 foderet
1480 522 1839 588 calcaribus
1871 546 2108 588 armos.

457 620 635 698 Heu,
666 623 1031 686 miserande
1061 627 1267 707 puer!
1316 625 1371 688 si
1400 646 1529 708 qua
1558 624 1696 689 fata
1721 647 1956 710 aspera
1984 647 2273 710 rumpas,

457 720 568 785 Tu
600 720 957 787 Marcellus
985 724 1137 786 eris.
1214 723 1527 789 Manibus
1559 726 1712 789 date
1742 725 1872 789 lilia
1902 724 2150 809 plenis:

285 822 415 886 885
462 821 843 907 Purpureos
876 845 1180 906 spargam
1208 823 1429 902 flores,
1458 826 1862 909 animamque
1893 826 2150 910 nepotis

459 922 585 986 His
620 922 847 987 saltem
876 923 1271 988 accumulem
1301 926 1513 1002 donis,
1545 937 1614 989 et
1643 924 1878 1010 fungar
1913 927 2088 990 inani

460 1024 763 1090 Munere.
845 1025 953 1090 Sic
982 1037 1120 1090 tota
1150 1029 1392 1110 passim
1420 1029 1688 1111 regione
1717 1039 2038 1112 vagantur

460 1124 657 1190 Aeris
688 1128 755 1190 in
784 1127 1027 1211 campis
1056 1126 1227 1204 latis,
1262 1139 1457 1212 atque
1488 1131 1700 1192 omnia
1730 1128 2030 1194 lustrant.

462 1227 633 1299 Quae
660 1237 1011 1311 postquam
1040 1225 1366 1293 Anchises
1397 1240 1624 1294 natum
1651 1252 1772 1315 per
1803 1229 2056 1314 singula
2085 1231 2296 1308 duxit,

288 1329 420 1392 890
464 1327 891 1411 Incenditque
920 1329 1203 1392 animum
1230 1329 1419 1392 famae
1449 1331 1764 1395 venientis
1795 1353 2051 1409 amore3

464 1428 643 1493 Exin
672 1427 846 1492 bella
871 1429 1009 1493 viro
1037 1441 1349 1494 memorat
1376 1453 1525 1515 quae
1556 1431 1794 1497 deinde
1823 1432 2136 1515 gerenda,

464 1531 963 1616 Laurentesque
992 1531 1189 1594 docet
1216 1529 1519 1618 populos,
1553 1534 1912 1616 urbemque
1946 1533 2202 1610 Latini3

466 1631 564 1696 Et
590 1653 722 1717 quo
752 1653 1073 1714 quemque
1105 1631 1301 1696 modo
1329 1632 1666 1717 fugiatque
1696 1632 1992 1717 feratque
2019 1633 2332 1699 laborem.

550 1732 721 1796 Sunt
748 1733 1021 1816 geminae
1051 1732 1274 1797 Somni
1302 1743 1548 1818 portae3
1596 1756 1869 1818 quarum
1899 1733 2104 1798 altera
2131 1734 2341 1798 fertur

286 1936 601 2050 Z'Tffl’.
622 1935 1185 2050 §mdxxxix
1196 1938 1411 2066 3253?

294 2075 413 2122 tate,
436 2081 527 2114 nec
548 2065 659 2122 fide,
684 2079 775 2112 nec
798 2063 992 2112 virtute.

364 2131 475 2186 88³,
510 2131 619 2177 884.
668 2131 721 2176 Su·
760 2145 851 2192 qua
886 2129 964 2177 via
998 2143 1058 2177 ac
1092 2129 1281 2177 ratione
1306 2127 1420 2191 fata

294 2211 497 2255 rumpas,
520 2193 729 2240 fatorum
762 2192 983 2240 ordinem
1017 2192 1295 2250 dissolvere,
1320 2203 1420 2241 tam

294 2257 475 2306 durum
496 2257 649 2305 satum
670 2255 882 2319 effugere
898 2256 988 2305 tibi
1010 2257 1167 2313 liceat,
1188 2266 1242 2304 tu
1265 2257 1325 2304 ad
1346 2257 1417 2304 M.

298 2321 541 2378 Marcelli,
570 2321 695 2370 bello
719 2319 905 2368 Punico
936 2320 1153 2369 secundo
1172 2321 1305 2378 clari,
1331 2335 1417 2367 no-

296 2401 411 2434 men
434 2401 489 2434 ae
508 2384 715 2448 gloriam
748 2400 800 2433 es
864 2394 1167 2432 erventurus.
1226 2386 1422 2432 Nomen

298 2459 461 2498 autem
483 2465 582 2497 non
616 2448 711 2498 nisi
744 2448 796 2496 in
866 2463 928 2496 ne
960 2449 1155 2496 demum
1179 2463 1417 2496 memora-

298 2512 1393 2625 ’ὝὲῖἶῖἓὲἕᾟῖὶἓῗῖαἷὶῖἺέῗὲἱέιῖθῗιΐι

298 2641 421 2690 liora
442 2641 567 2689 sorte
589 2650 717 2698 sunt,
734 2657 878 2714 quam
898 2656 987 2704 pro
1010 2641 1241 2716 ᾼῃςὴὶειιῗ
1258 2641 1421 2714 herois

298 2706 962 2818 mammem
977 2705 1423 2832 {etism}

302 2833 384 2882 tia.
422 2834 549 2882 Sunt
565 2843 726 2881 tamen
748 2848 839 2896 per
859 2848 911 2880 se
928 2833 1267 2897 pulcherrima.
1302 2836 1421 2881 Am·-

304 2915 423 2946 mom
458 2899 731 2946 accumulem
764 2900 907 2954 donis,
940 2906 1055 2944 nota
1078 2896 1318 2960 elegantia
1335 2913 1425 2960 pro

303 2963 508 3025 vulgari,
532 2961 673 3019 dona,
693 2961 850 3018 flores,
867 2961 920 3008 in
936 2960 1149 3008 animam
1165 2960 1422 3009 cumulem.

306 3029 445 3074 Inani
466 3042 661 3082 manere,
682 3041 739 3074 eo
760 3041 923 3082 sensu,
939 3040 1035 3087 quo
1056 3024 1137 3073 lib.
1158 3025 1225 3082 xi,
1248 3027 1324 3083 51,
1343 3027 1421 3072 52.

372 3091 483 3138 888.
518 3093 657 3138 Aeris
687 3093 735 3137 in
764 3093 935 3151 eampis
971 3091 1093 3136 latis.
1140 3091 1269 3138 Cum
1292 3093 1426 3137 'aeris

302 3158 455 3216 campi
489 3152 717 3201 insolenti
754 3153 897 3201 modo
927 3153 1165 3210 dicantur,
1189 3152 1427 3201 malebam

306 3221 481 3266 Graece
504 3218 703 3273 dictum,
727 3233 817 3282 pro
838 3217 958 3265 locis
994 3215 1285 3280 caliginosis,
1308 3218 1356 3264 h.
1383 3232 1424 3264 e.

306 3281 491 3330 inferis.
540 3281 623 3330 Sic
646 3281 748 3343 ἆὴρ,
770 3279 949 3344 hemico
967 3295 1112 3344 saepe.
1162 3280 1331 3328 Sentio
1353 3289 1425 3328 ta-

308 3363 425 3395 men
460 3355 513 3394 et
548 3346 640 3393 hoc
684 3344 953 3393 molestiam
997 3345 1201 3393 habere:
1250 3359 1361 3392 cum
1399 3359 1429 3392 a

308 3409 495 3474 campis
532 3408 712 3472 Elysiis
750 3409 905 3472 caligo
948 3410 1116 3458 abesse
1156 3409 1343 3466 debeat,
1380 3417 1431 3456 et

306 3491 415 3540 sup.
440 3475 536 3522 640
556 3473 736 3522 lectum
770 3483 913 3531 esset,
938 3475 1138 3535 Largior
1160 3475 1234 3520 hic
1254 3469 1431 3534 campos

307 3543 455 3588 ether
487 3544 534 3586 et
573 3541 739 3585 lumine
773 3541 909 3586 vestit
938 3539 1189 3598 Purpureo,
1213 3539 1431 3598 colemque

306 3619 441 3652 mm
462 3609 509 3650 et
528 3605 683 3650 eidem
698 3605 877 3649 norant.
936 3601 1169 3648 Dicamus
1203 3617 1319 3664 ergo
1338 3601 1429 3648 hoc

305 3667 497 3716 dictum
518 3681 624 3714 esse
646 3665 707 3714 de
724 3665 843 3714 locis
861 3666 945 3727 qui
963 3665 1047 3713 tali
1064 3681 1175 3714 aere
1198 3681 1287 3729 pro
1308 3665 1431 3713 coelo

306 3731 566 3786 fruuntur3
601 3739 652 3778 et
673 3739 749 3778 est
778 3729 910 3778 idem
942 3745 999 3776 ac
1020 3740 1307 3803 prospectus
1327 3728 1429 3786 lati,

310 3804 370 3844 ut
390 3795 443 3842 in
462 3810 567 3842 cam
604 3794 661 3852 is,
686 3809 773 3842 seu
791 3803 1051 3857 campestri
1070 3793 1283 3856 regione.

377 3859 489 3916 891,
523 3861 552 3906 8
588 3861 632 3907 2.
687 3860 797 3906 Viro
827 3873 931 3922 pro,
968 3856 1027 3904 ei.
1098 3859 1435 3920 Laurentemque

311 3925 443 3972 docet
472 3925 658 3984 populos
673 3941 689 3969 .-
734 3931 849 3970 nota
878 3921 1119 3969 inversam
1151 3921 1434 3978 orationem,

312 4003 429 4099 m.
443 3987 714 4106 ffiksslfz
771 3985 937 4098 Lm}
958 3986 1433 4098 Zssffissmnflm

382 4117 479 4162 894
497 4131 598 4176 sqq.
636 4117 751 4162 Sunt
770 4118 963 4177 gemina
986 4117 1139 4162 Somni
1164 4120 1313 4176 ρον-ἑο
1344 4123 1435 4162 etc.

313 4179 441 4227 Cum
465 4194 563 4226 non
581 4178 723 4226 facile
745 4178 913 4226 eadem
937 4177 1030 4234 via,
1054 4193 1149 4239 qua
1171 4177 1233 4224 ad
1257 4177 1439 4226 inferos

312 4242 597 4300 deduxerat,
628 4243 859 4290 reducere
899 4241 1111 4289 AEneam
1147 4251 1293 4305 poeta
1320 4257 1433 4306 pos·

314 4316 406 4365 set,
446 4306 699 4368 ingeniose
740 4306 857 4354 satis
902 4306 1089 4353 exitum
1128 4305 1313 4368 reperit
1350 4321 1438 4368 per

310 4379 473 4432 portae
504 4373 667 4428 Sonmi,
690 4371 781 4418 hoc
816 4379 905 4426 est,
930 4372 1209 4417 Somniorum
1240 4369 1293 4417 in
1324 4379 1439 4417 noto

316 4433 425 4482 loco
462 4434 667 4482 Homeri
706 4435 877 4495 Odyss.
914 4451 961 4490 τ,
1000 4434 1096 4481 562
1131 4449 1232 4496 sqq.
1296 4433 1439 4488 Quod

1479 1937 1750 1994 inventum,
1770 1937 1812 1985 si
1836 1953 1898 1984 ex
1915 1937 2064 1985 animi
2083 1937 2328 1986 sententia
2347 1937 2608 1988 dicendum

1482 2011 1571 2058 est,
1596 2002 1796 2050 omnino
1825 2017 1998 2066 parum
2029 2001 2148 2050 felix
2171 2011 2222 2050 et
2247 2001 2476 2051 idoneum
2501 2019 2608 2052 esse

1482 2065 1703 2121 videtum
1755 2081 1866 2114 cum
1907 2082 1968 2115 ne
2009 2067 2072 2114 ad
2111 2066 2374 2130 mythicam
2411 2067 2610 2130 quidem

1482 2130 1590 2178 veri
1623 2129 2012 2193 probabilitatem
2049 2130 2164 2193 quid
2197 2145 2310 2178 uam
2347 2130 2397 2178 in
2436 2147 2494 2178 eo
2529 2132 2608 2180 sit.

1485 2194 1605 2242 Post
1637 2209 1749 2241 uam
1771 2197 1968 2242 eburnea
1995 2203 2134 2256 porta
2215 2194 2286 2242 lsa
2310 2195 2445 2243 exire
2478 2211 2608 2244 som-

1485 2257 1568 2305 nia
1641 2257 1747 2316 ixit,
1783 2259 1991 2320 subjicit,
2035 2259 2243 2306 AEneam
2279 2275 2390 2306 cum
2427 2258 2612 2322 Sibylla

1486 2321 1656 2369 eadem
1691 2335 1832 2384 porta
1854 2337 1960 2370 esse
1995 2322 2252 2378 emissum;
2289 2339 2384 2384 quo
2415 2323 2470 2370 in
2501 2338 2609 2371 eam

1486 2385 1778 2433 sententiam
1809 2385 2006 2434 adducit
2043 2385 2290 2444 lectorem,
2333 2386 2456 2434 velle
2499 2402 2612 2435 eum

1484 2448 1707 2511 intelligi,
1731 2449 1853 2496 falsa
1874 2465 1982 2497 esse
2005 2449 2167 2497 omnia
2185 2465 2293 2511 quoe
2314 2449 2452 2497 dixit.
2488 2451 2612 2505 Quae

1484 2513 1527 2561 si
1565 2523 1722 2576 poetae
1753 2527 1892 2560 mens
1927 2512 2032 2567 fuit,
2058 2512 2180 2559 nihil
2203 2527 2416 2574 unquam
2439 2529 2468 2561 a
2489 2530 2608 2575 quo-

1486 2576 1618 2642 piam
1659 2585 1802 2640 poeta
1847 2575 2002 2638 magis
2045 2574 2296 2623 sinistrum
2340 2577 2612 2641 profectum

1486 2657 1595 2689 esse
1627 2640 1862 2694 arbitron
1899 2655 2010 2687 cum
2033 2639 2192 2687 omnis
2218 2655 2282 2687 ex
2309 2641 2609 2703 praestantis-

1487 2705 1612 2754 simo
1641 2704 1860 2769 episodio
1889 2711 2120 2768 percepta
2155 2703 2378 2768 voluptas
2399 2705 2491 2753 hoc
2513 2720 2613 2753 uno

1486 2785 1634 2817 versu
1651 2768 1920 2832 perimatur
1937 2777 1988 2816 et
2003 2767 2266 2831 juguletur.
2312 2768 2428 2816 Non
2449 2779 2612 2817 tamen

1488 2833 1688 2881 defuere
1727 2833 1826 2895 qui,
1871 2848 1984 2881 cum
2021 2831 2277 2880 consilium
2320 2832 2413 2880 hoc
2456 2842 2614 2896 poetae

1488 2896 2613 3024 ἕξὲἒέἒὲἱῖῗῗὶῗξηῗ’2ξὲξὲζῖᾘὲἳὲῗο

1488 3035 1614 3082 rent,
1654 3025 1835 3090 quippe
1874 3024 1954 3087 qui
1997 3035 2096 3074 tam
2129 3039 2424 3089 perspicacis
2462 3025 2614 3074 animi

1487 3090 1651 3148 luerit,
1688 3099 1743 3137 ut
1779 3090 1954 3138 Manes
1991 3099 2042 3137 et
2070 3090 2254 3138 Orcum
2284 3089 2472 3138 fabulas
2507 3104 2614 3138 esse

1490 3153 1692 3202 videret.
1750 3153 1853 3201 Alii
1887 3153 2137 3216 vulgarem
2167 3153 2229 3201 de
2261 3164 2420 3217 poetae
2454 3154 2616 3202 studio

1490 3217 1811 3281 philosopliiae
1833 3218 2091 3328 Εξῗουτεω
2122 3218 2402 3292 opinionem
2426 3219 2478 3265 in
2499 3234 2613 3282 par·
2633 3237 2642 3246 ·

1491 3292 1567 3328 tes
1587 3291 1830 3329 vocarunt.
1931 3282 2046 3329 olim
2066 3283 2290 3344 equidem
2309 3293 2468 3346 poetae
2498 3299 2612 3330 cau—

1492 3360 1598 3393 sam
1627 3345 1980 3393 defendendam
2009 3346 2282 3421 susciperem
2323 3347 2416 3394 hoc
2451 3357 2616 3394 tamen

1494 3409 1616 3456 mihi
1649 3408 1766 3457 satis
1801 3408 2075 3472 intelligere
2106 3410 2291 3467 videor,
2314 3425 2518 3458 acumen
2555 3410 2614 3458 il-

1493 3472 1594 3530 lud,
1615 3473 1746 3533 quod
1763 3473 1970 3535 Virgilio
1992 3473 2138 3522 nimis
2158 3473 2424 3521 liberaliter
2445 3473 2506 3521 de
2529 3489 2618 3522 suo

1496 3537 1719 3585 tribuunt
1739 3536 1832 3584 viri
1865 3537 2009 3593 docti,
2033 3546 2089 3584 ut
2114 3536 2286 3584 callide
2310 3552 2508 3584 monere
2529 3553 2615 3585 vo·

1494 3600 1656 3655 luerit,
1690 3600 1784 3648 ista
1817 3601 1978 3648 omnia
1999 3600 2060 3646 de
2097 3599 2267 3648 inferis
2301 3609 2494 3648 narrata
2527 3616 2618 3664 pro

1495 3665 1698 3713 somniis
1735 3673 1784 3712 et
1817 3663 1992 3712 fabulis
2027 3679 2080 3712 se
2113 3665 2306 3722 habere,
2331 3665 2392 3712 ab
2423 3679 2482 3712 eo
2512 3679 2619 3713 esse

1496 3728 1862 3778 alienissimum.
1928 3728 1976 3775 N
1981 3743 2036 3775 ec
2071 3727 2123 3776 in
2162 3727 2324 3776 verbis
2357 3727 2620 3790 quidquam

1499 3803 1576 3842 est
1609 3792 1737 3855 quod
1760 3808 1819 3839 eo
1849 3807 1939 3840 nos
1973 3791 2184 3850 inducat,
2209 3807 2298 3840 nec
2331 3792 2384 3840 in
2421 3801 2618 3840 senten-

1500 3857 1598 3914 tiis,
1621 3873 1712 3905 nec
1745 3857 1796 3904 in
1820 3865 1977 3921 poetae
1997 3857 2215 3905 consilio.
2271 3856 2368 3904 Sed
2400 3856 2508 3920 ipsa
2541 3871 2623 3905 res

1501 3920 1706 3969 deduxit
1727 3937 1838 3970 eum
1859 3921 1912 3968 in
1934 3920 2079 3968 talem
2101 3921 2276 3978 locum,
2295 3921 2425 3969 unde
2449 3919 2623 3984 pedem

1498 3986 1681 4034 referre
1713 4001 1812 4033 non
1845 3995 1944 4033 tam
1980 3985 2120 4033 facile
2156 3995 2272 4032 erat.
2329 3985 2624 4033 Educendus

1501 4059 1609 4098 erat
1645 4050 1829 4097 AEneas
1871 4064 1934 4097 ex
1970 4049 2090 4098 locis
2133 4048 2302 4096 inferis
2345 4064 2436 4112 per
2477 4047 2624 4096 aliam

1500 4123 1692 4190 portam
1715 4129 1856 4176 quam
1881 4129 1976 4176 qua
1995 4113 2224 4160 subierat.
2279 4111 2460 4160 Incidit
2480 4123 2626 4176 poeta

1504 4193 1556 4226 m
1588 4187 1752 4242 portas
1775 4176 1958 4225 Somni.
2019 4178 2106 4224 Eae
2125 4175 2345 4240 duplices
2374 4187 2514 4232 sunu
2551 4176 2622 4225 al-

1500 4251 1606 4290 tera
1663 4257 1718 4289 er
1745 4257 1890 4303 quam
1916 4245 2036 4288 veris
2065 4243 2238 4288 umbris
2271 4240 2432 4288 exitus
2453 4242 2623 4298 datur:

1500 4321 1592 4371 per
1669 4320 1758 4352 anc
1804 4305 1986 4352 AEneas
2031 4314 2080 4352 et
2131 4304 2328 4367 Sibylla,
2375 4321 2482 4366 quae
2527 4320 2626 4354 non

1504 4378 1644 4417 erant
1673 4385 1792 4416 verae
1813 4371 1998 4426 ambrae,
2026 4368 2183 4417 emitti
2219 4367 2509 4432 nequibant:
2545 4385 2624 4418 re-

1504 4435 1665 4482 stabat
1696 4433 1859 4494 itaque
1895 4441 1950 4481 ut
1985 4448 2075 4496 per
2107 4433 2308 4482 alteram
2330 4443 2520 4497 portam
2550 4434 2623 4482 di—
