3050 4934
1099 250 1548 318 ECLOGA
1592 250 1724 316 IV.

2494 251 2572 312 19

423 399 806 466 Nascantur
831 401 1032 466 flores
1055 427 1080 479 ς
1119 411 1187 465 et
1217 400 1522 486 Phyllida
1552 399 1729 466 solus
1758 399 2025 464 habeto.

423 500 595 565 Pu„
641 502 802 566 Non
829 513 1126 566 nostrum
1154 503 1326 566 inter
1353 525 1468 566 vos
1499 512 1716 566 tantas
1748 521 2138 585 componere
2168 498 2351 564 lites:

423 601 565 666 *Et
593 601 796 667 vitula
824 613 896 666 tu
928 603 1192 687 dignus,
1223 615 1292 668 et
1318 602 1460 680 hi03
1507 615 1576 668 et
1604 604 1897 688 quisquis
1928 603 2223 666 amores*

261 703 382 766 110
424 701 614 767 *Aut
640 713 887 768 metuet
917 702 1166 782 duleeS,
1199 716 1314 769 aut
1343 706 1721 788 experietur
1750 705 2070 770 amaros!

423 803 730 870 Claudite
747 805 886 890 jam
915 806 1112 882 riv'os,
1141 807 1365 890 pueri:
1413 818 1514 870 sat
1545 816 1735 890 prata
1764 807 2091 870 biberunt.

249 973 704 1100 &aiffa-⁸2¹
717 975 1381 1102 ᾎᾋἛιὶῗαῗῖῧὶἔέιῒξ

251 1101 470 1149 hmenta
501 1102 860 1160 adumbrarem,
883 1103 988 1152 sive
1021 1111 1078 1151 ut
1105 1104 1306 1154 Aturrus
1338 1120 1376 1152 s.

251 1167 420 1226 Ajac'm
459 1181 642 1214 nomen
677 1181 964 1230 expressum
1005 1175 1148 1225 esset,
1187 1177 1378 1217 veteres

249 1230 618 1277 memorabant:
665 1229 725 1278 cf.
764 1230 910 1278 ovid.
952 1231 1076 1279 Met.
1117 1229 1222 1289 xiii,
1265 1233 1374 1281 398.

249 1295 414 1356 Reges,
450 1293 604 1342 duce·
623 1295 908 1343 Graeeorum
939 1310 1060 1343 voce
1095 1295 1376 1344 Homerica.

247 1357 402 1422 Apud
423 1357 718 1406 Ciceronem
739 1360 1079 1421 Agamemnon
1101 1375 1184 1408 νει
1205 1377 1375 1422 regan.

247 1423 494 1483 Phyllida,
517 1437 664 1484 quam
687 1431 890 1486 uterque
917 1422 1122 1472 amicam
1151 1422 1246 1472 sibi
1267 1424 1376 1474 vin-

249 1483 456 1542 dam-at,
484 1501 526 1532 v.
551 1485 614 1536 76
637 1502 739 1548 sqq.

315 1551 427 1596 108.
473 1551 580 1596 Non
619 1559 835 1608 mmm,
873 1550 977 1598 scil.
1019 1559 1106 1598 est.
1179 1551 1380 1601 Servius

247 1623 414 1660 tamen
457 1613 712 1661 contendit
749 1613 1196 1678 interpungendum
1237 1631 1375 1664 esse:

247 1679 352 1724 Nea
369 1696 389 1724 .-
423 1677 566 1738 quaai
585 1677 938 1740 interloquatur
953 1679 1120 1741 Judex,
1141 1682 1261 1739 Νοη,
1281 1695 1380 1728 non

249 1741 452 1788 lnbebit
469 1741 545 1788 Ph
577 1741 696 1789 uida
713 1751 804 1790 ete.
819 1751 1020 1790 nothum
1039 1755 1114 1791 est
1127 1743 1382 1792 arbitrium

251 1803 392 1852 ferre.
465 1805 500 1851 S
595 1805 688 1852 boe
715 1805 918 1854 durum:
955 1823 1044 1855 nec
1077 1807 1195 1855 satis
1217 1818 1380 1872 potest

251 1869 534 1917 confirmari
573 1883 602 1915 e
639 1869 846 1918 Theoer.
880 1886 927 1928 v,
967 1873 1074 1928 138,
1107 1871 1380 1921 παύσασθαι

250 1931 458 1992 κέλομαι
475 1933 566 1980 τὸν
583 1932 796 1992 ποιμένα.

319 1999 430 2054 109,
463 1999 570 2044 110.
607 1997 678 2044 Ut
699 1998 801 2046 baec
824 1999 972 2046 verba
991 2013 1081 2063 per
1102 2015 1156 2048 ae
1178 2015 1378 2050 sensum

249 2060 368 2108 satis
399 2059 604 2108 obvium
641 2061 866 2118 babeant,
907 2078 1004 2110 non
1045 2073 1222 2122 tamen,
1261 2065 1380 2126 quid

249 2123 310 2171 ad
341 2124 584 2186 reliquam
621 2125 914 2174 sententiam
949 2126 1142 2186 faciant,
1181 2130 1242 2176 ab
1281 2128 1380 2176 ullo

249 2186 522 2251 interprete
545 2189 785 2236 monitum
804 2199 890 2237 aut
906 2190 1090 2238 dictum
1113 2201 1201 2248 est,
1225 2207 1382 2254 neque

251 2267 470 2314 umquam
517 2252 614 2300 dici
663 2269 806 2317 porse
858 2254 1100 2303 existimo.
1177 2256 1382 2304 Referre

249 2315 580 2390 interpretum
597 2327 872 2391 commenta
887 2319 958 2366 nil
975 2319 1178 2375 attinet;
1203 2320 1382 2384 frigere

249 2395 380 2426 emm
417 2397 477 2428 ea
509 2397 622 2428 cum
655 2396 764 2444 ipso
795 2382 1010 2430 cannine
1051 2399 1249 2432 necesse
1286 2395 1373 2432 est.

251 2444 438 2491 Verum
455 2437 702 2494 Palaemon
720 2447 956 2508 eJusmodi
975 2447 1232 2496 arbitrium
1247 2448 1374 2508 facit,

251 2517 304 2554 ut
339 2519 605 2571 utrumque
639 2525 808 2573 parem
848 2527 956 2559 esse
990 2511 1135 2570 dicat,
1169 2521 1226 2559 ut
1256 2512 1376 2561 adeo

1446 975 1585 1033 alter,
1630 975 1899 1034 Menalcas,
1938 978 2101 1034 vitula,
2144 976 2205 1023 ab
2250 975 2479 1024 Damoeta
2518 975 2571 1024 in

1443 1039 1709 1103 sponsione
1738 1039 1912 1104 posita.
1942 1040 2193 1088 Damoetaa
2222 1049 2385 1088 autem
2412 1043 2575 1101 poculo

1443 1103 1609 1166 fag-ino
1662 1103 1901 1152 Menalcae
1951 1103 2129 1166 dignus
2169 1103 2325 1152 videri
2378 1103 2569 1152 debeat.

1441 1167 1572 1224 Jam,
1611 1183 1841 1229 quorsum
1882 1166 2071 1279 reliqua
2100 1168 2193 1215 boc
2235 1176 2285 1215 et
2317 1183 2387 1229 sq.
2426 1182 2571 1216 versu

1443 1239 1681 1296 spectent,
1698 1247 1797 1280 non
1819 1231 1961 1280 facile
2014 1231 2126 1279 'cam
2170 1232 2417 1286 Quorsum
2438 1229 2571 1278 enim

1442 1305 1647 1360 repente
1699 1299 1912 1344 amores?
1978 1296 2057 1344 De
2108 1305 2257 1343 cantu
2306 1295 2567 1358 agebatun

1443 1359 1699 1423 praemium
1722 1360 1990 1409 debebatur
2008 1358 2055 1408 ei
2070 1358 2153 1421 qui
2177 1369 2325 1408 cantu
2346 1359 2570 1422 superior

1444 1434 1603 1472 esset:
1658 1439 1789 1472 nunc
1833 1433 1997 1472 autem
2046 1424 2187 1471 ambo
2240 1432 2387 1470 cantu
2430 1431 2573 1470 erant

1479 1504 1601 1546 ares,
1649 1503 1749 1536 non
1792 1504 1956 1536 amore
2000 1487 2166 1535 felices
2210 1495 2295 1534 aut
2334 1485 2570 1534 infelices.

1506 1552 1577 1599 ihi
1600 1551 1764 1615 itaque
1789 1552 1908 1601 satis
1939 1550 2124 1614 liquere
2148 1550 2341 1598 videtur
2361 1550 2459 1598 duo
2480 1551 2571 1598 hos

1444 1632 1617 1665 versus
1646 1632 1753 1664 esse
1786 1617 1956 1664 foetum
1985 1613 2303 1678 grammatici,
2336 1614 2417 1677 qui
2450 1629 2567 1678 aup-

1443 1680 1582 1744 plere
1605 1681 1798 1728 volebat
1818 1678 2112 1728 sententiam
2137 1678 2350 1726 breviter
2371 1694 2402 1726 a
2426 1689 2573 1741 poeta

1447 1743 1764 1792 enuntiatam.
1848 1742 2031 1791 Melius
2084 1743 2288 1790 Theocr.
2341 1742 2390 1790 vi
2444 1751 2568 1790 extr.

1445 1807 1570 1866 Νίκη
1586 1807 1682 1868 μὰν
1698 1807 1793 1855 οὐδ’
1808 1807 1973 1862 ἄλλος,
1989 1810 2101 1854 vicit
2118 1813 2289 1862 neuter,
2306 1803 2569 1853 ἂνάσσατοι

1444 1872 1484 1920 δ’
1509 1869 1748 1932 ἐγένοντο.
1810 1870 2069 1919 Meliorem
2093 1883 2283 1931 quoque
2306 1868 2434 1916 viam
2458 1869 2571 1916 iniit

1445 1937 1632 2000 Popius
1654 1935 1841 1984 Pastor.
1867 1935 1900 1992 i,
1926 1936 1989 1983 92
2012 1949 2113 1996 sqq.

1513 2001 1619 2048 111.
1660 2003 1873 2048 Claudite
1891 1999 1999 2062 jam
2028 2002 2161 2046 rivos.
2202 1996 2381 2046 Exisse
2413 1996 2567 2044 Palae-

1441 2079 1559 2112 mon
1582 2063 1944 2126 intelligendus,
1970 2071 2026 2110 ut
2046 2062 2203 2110 servis
2224 2060 2327 2110 suis
2357 2060 2568 2123 impera-

1443 2141 1534 2186 ret,
1551 2137 1604 2176 ut
1622 2128 1751 2176 rivos
1770 2144 1858 2176 seu
1876 2127 2069 2182 canales
2088 2126 2148 2173 ad
2168 2125 2414 2188 irriganda
2432 2133 2573 2190 prata

1447 2192 1721 2256 aperirent3
1758 2191 1947 2240 interea
1969 2207 1997 2238 a
2022 2189 2249 2238 Menalca
2269 2199 2320 2237 et
2343 2189 2572 2236 Damoeta

1447 2257 1630 2304 arbiter
1650 2257 1927 2313 advocatus,
1951 2270 2095 2311 nune,
2120 2253 2260 2302 finito
2288 2252 2571 2309 certamine,

1445 2321 1508 2368 ad
1532 2337 1698 2368 servos
1720 2337 1835 2368 suos
1863 2320 2041 2368 iterum
2062 2334 2115 2366 se
2145 2317 2399 2366 convertit.
2468 2316 2572 2364 Alii

1441 2384 1723 2447 intelligunt
1752 2385 1843 2432 hoc
1876 2383 1969 2432 alle
2035 2383 2133 2430 rice
2166 2382 2365 2438 dictum,
2400 2390 2451 2428 et
2481 2396 2568 2427 ex-

1441 2449 1652 2513 plicant:
1710 2449 1921 2496 Cantnre
2000 2445 2189 2504 esinite,
2234 2445 2395 2492 satiati
2438 2444 2570 2492 enim

1442 2511 1685 2561 audiendo
1704 2527 1886 2561 sumus.

833 3029 1285 3093 ECLOGA
1331 3030 1462 3096 IV.
1558 3026 1999 3094 POLLIO.

1108 3261 1713 3310 ARGUMENTUM.

253 3366 312 3421 ln
335 3373 428 3420 bae
463 3371 634 3434 ecloga
665 3371 1033 3436 interpretanda
1054 3371 1152 3420 dici
1175 3373 1260 3421 vix
1279 3381 1456 3437 potest,
1481 3389 1627 3436 quam
1659 3372 1855 3422 inanem
1887 3387 2087 3437 operam
2111 3380 2163 3421 et
2182 3371 2301 3419 olim
2323 3385 2566 3434 gramma-

311 3453 396 3500 tici
419 3463 472 3500 et
491 3451 610 3500 binc
633 3452 726 3500 viri
750 3451 882 3500 docti
908 3467 1036 3500 vana
1058 3451 1296 3516 relig-ione
1317 3453 1448 3518 capti
1469 3452 1773 3502 navaverint.

249 3535 461 3582 Carmen
495 3532 772 3581 bucolicum
803 3532 866 3580 ad
887 3533 1152 3590 consulem,
1177 3549 1322 3596 quem
1343 3549 1388 3582 v.
1420 3534 1474 3583 ll
1502 3533 1777 3582 Pollionem
1801 3531 2033 3591 nominat,
2058 3547 2112 3580 se
2135 3546 2423 3580 exorsurum
2458 3545 2567 3578 esse

311 3613 574 3676 profitetur
599 3611 756 3670 Maro,
787 3613 924 3660 1—3.
977 3612 1076 3676 Agi
1118 3629 1248 3661 nunc
1290 3613 1513 3676 ultimam
1546 3623 1741 3660 aetatem
1781 3629 1812 3659 a
1847 3612 2030 3674 Sibylla
2063 3619 2407 3658 memoratam:
2454 3609 2569 3657 inde

311 3691 532 3740 melioria
554 3691 712 3740 aetatis
735 3691 888 3740 vitam
907 3693 1124 3740 humano
1143 3693 1310 3756 generi
1336 3692 1607 3741 redituram
1638 3707 1746 3739 esse
1768 3689 2076 3754 pronuntiat3
2112 3688 2257 3751 idque
2280 3697 2571 3736 eventurum

311 3787 420 3820 ene
443 3787 601 3836 puero
621 3771 784 3834 aliquo
803 3781 934 3830 nato,
959 3772 1012 3820 in
1037 3773 1273 3822 Pollionis
1295 3773 1492 3836 quidem
1519 3771 1793 3829 consulatu,
1818 3771 1993 3820 4—14.
2066 3767 2159 3817 Ille
2182 3767 2455 3831 adscriptus
2476 3768 2573 3816 erit

311 3850 560 3908 heroibus,
597 3861 646 3899 et
681 3852 812 3900 orbis
847 3861 1088 3901 terrarum
1109 3853 1270 3917 pacati
1305 3853 1399 3901 erit
1431 3861 1674 3916 regnator,
1714 3851 1918 3902 15—17.
1987 3851 2017 3899 J
2022 3866 2101 3898 am
2136 3865 2253 3898 vero
2280 3846 2456 3894 melior
2491 3847 2577 3896 illa

310 3941 444 3988 mn,
460 3930 592 3978 aetati
613 3947 776 3980 auree
795 3948 852 3980 ac
871 3933 1114 3981 Saturniae
1129 3933 1318 3990 similis,
1333 3949 1424 3997 per
1441 3933 1623 3996 gradus
1642 3933 1884 3988 succedet,
1900 3931 1970 3978 ita
1982 3940 2039 3978 ut
2051 3945 2207 3994 puero
2220 3937 2337 3974 nato
2356 3927 2572 3986 exordia,

321 4013 536 4068 18-253
573 4010 878 4061 incrementa
900 4029 1018 4062 vero
1040 4029 1129 4062 sua
1150 4013 1375 4061 habitura
1405 4012 1470 4060 sit
1492 4013 1687 4075 quando
1720 4011 1803 4060 ille
1836 4008 2118 4066 adoleverit,
2144 4007 2337 4054 26—36
2352 4026 2365 4064 ς
2400 4023 2571 4056 cumu-

311 4091 416 4138 lata
435 4099 602 4138 autem
623 4101 682 4138 ut
701 4091 767 4140 ait
793 4101 844 4140 et
865 4094 1080 4158 perfecta
1101 4093 1186 4142 ubi
1209 4092 1292 4142 ille
1315 4092 1376 4140 ad
1399 4091 1591 4141 virilem
1612 4101 1805 4140 aetatem
1836 4087 2131 4154 pervenerit,
2158 4087 2363 4138 37—45.
2433 4087 2571 4136 Reli-

315 4187 414 4234 qua
435 4180 552 4219 sinit
573 4172 842 4222 exultantis
865 4173 1038 4222 laetitia
1058 4183 1110 4222 et
1131 4183 1244 4222 vota
1265 4171 1490 4222 facientis
1506 4188 1565 4220 ac
1586 4170 1876 4236 gratulantis
1896 4179 2069 4233 poem,
2092 4169 2157 4217 46
2181 4169 2241 4216 ad
2262 4169 2345 4216 fin.

251 4253 364 4300 Iam
388 4252 440 4300 in
463 4251 542 4300 bis
561 4251 704 4302 facile
737 4270 970 4318 agnoscas
991 4255 1154 4319 primo
1173 4263 1369 4319 poetam
1389 4255 1731 4318 phantasmata
1752 4253 1813 4300 ab
1834 4265 1993 4298 aureae
2022 4251 2181 4299 etatis
2212 4249 2573 4298 narrationibus

317 4332 547 4396 petiisse:
585 4343 690 4382 tum
713 4351 844 4392 vero,
870 4351 981 4384 eum
1007 4335 1090 4384 illa
1111 4335 1384 4384 cumulasse
1407 4334 1460 4381 in
1482 4343 1617 4382 certo
1650 4332 1813 4394 aliquo
1834 4331 1909 4379 sui
1936 4331 2167 4395 temporis
2198 4338 2378 4378 eventu
2410 4329 2571 4378 decla-

323 4411 493 4470 rando,
526 4429 674 4476 quem
715 4415 882 4480 paullo
922 4415 1174 4466 obscurius
1207 4413 1496 4478 designavit,
1536 4411 1764 4475 quoniam
1804 4411 1855 4458 in
1892 4410 2171 4460 vaticinium
2210 4425 2316 4458 rem
2350 4409 2573 4467 mutavit,
