3050 4934
491 241 622 306 588

1381 241 1911 308 AENEIDOS

491 391 622 456 285
667 391 738 455 Si
762 393 894 456 duo
923 403 1244 478 praeterea
1267 391 1430 458 tales
1458 391 1640 457 Idaea
1670 391 1927 457 tulisset

664 491 879 557 Terra
906 494 1102 570 viros,
1133 493 1306 558 ultro
1335 493 1638 558 Inachias
1668 495 1953 558 venisset
1980 493 2065 557 ad
2097 494 2295 557 urbes

666 593 1047 671 Dardanus,
1079 607 1149 659 et
1177 596 1380 660 versis
1408 595 1666 678 lugeret
1696 594 1960 658 Graecia
1986 592 2160 658 fatie.

667 693 1008 778 Quidquid
1039 696 1217 780 apud
1248 698 1436 760 durae
1457 707 1784 760 cessatum
1812 705 1915 758 est
1942 695 2182 758 moenia
2210 694 2459 778 Trojoe,

666 794 978 860 Hectoris
1008 797 1374 880 AEneaeque
1401 819 1597 860 manu
1627 797 1895 861 victoria
1924 795 2201 860 Graium

490 897 620 960 290
663 896 902 973 Haesit,
934 909 1002 961 et
1027 899 1095 961 in
1124 899 1467 962 decumum
1495 898 1770 981 vestigia
1799 896 2023 961 retulit
2050 919 2309 961 annum.

675 996 892 1062 Ambo
923 999 1171 1075 animia,
1203 1001 1394 1063 ambo
1424 1000 1710 1083 insignes
1742 999 2203 1083 praestantibus
2232 999 2459 1074 armis3

679 1099 812 1164 Hic
841 1099 1085 1184 pietate
1115 1101 1314 1184 prior.
1393 1100 1645 1163 Coeant
1674 1101 1739 1162 in
1769 1099 2023 1163 foedera
2050 1100 2327 1175 dextrae,

684 1198 838 1271 Qua
867 1199 1096 1278 datur3
1143 1210 1246 1264 ast
1274 1201 1466 1263 armis
1497 1211 1887 1263 concurrant
1913 1221 2114 1276 arma,
2146 1212 2391 1264 cavete.

674 1299 768 1364 Et
795 1321 1112 1384 responsa
1143 1299 1330 1364 simul
1357 1323 1506 1384 quae
1538 1301 1687 1376 sint,
1718 1321 1837 1364 rex
1868 1300 2131 1382 optime,
2162 1301 2337 1384 regis

495 1401 625 1465 295
668 1397 960 1477 Audisti,
993 1411 1060 1464 et
1087 1423 1236 1485 quae
1267 1403 1350 1464 sit
1374 1423 1609 1486 magno
1640 1401 1960 1464 sententia
1988 1399 2183 1464 bello.

754 1500 888 1563 Vix
918 1522 998 1564 ea
1025 1501 1262 1585 legati3
1307 1502 1653 1590 variusque
1682 1523 1805 1584 per
1834 1523 1949 1564 ora
1979 1503 2267 1566 cucurrit

667 1600 1084 1666 Ausonidum
1112 1603 1377 1666 turbata
1407 1601 1676 1666 fremor:
1724 1623 1869 1678 ceu,
1904 1623 2063 1665 saxa
2092 1612 2425 1666 morantur

670 1700 891 1774 Quum
921 1702 1185 1786 rapidos
1215 1725 1458 1778 amnes,
1489 1702 1569 1766 fit
1596 1701 1819 1766 clauso
1848 1703 2107 1786 gurgite
2134 1725 2445 1779 murmur,

668 1801 1047 1888 Vicinaeque
1077 1803 1361 1868 fremunt
1387 1804 1548 1888 ripae
1578 1804 2047 1888 crepitantibus
2078 1804 2293 1868 undis.

499 1905 631 1969 300
676 1903 774 1968 Ut
802 1905 1080 1989 primum
1106 1905 1345 1989 placati
1375 1906 1593 1982 animi,
1624 1916 1692 1970 et
1720 1905 1979 1988 trepida
2008 1925 2123 1967 ora
2154 1904 2484 1995 quierunt,

675 2004 1002 2069 Proefatus
1033 2006 1218 2069 divos
1249 2005 1410 2070 solio
1437 2028 1557 2070 rex
1586 2006 1730 2070 infit
1758 2006 1843 2069 ab
1874 2003 2041 2068 alto:

659 2137 664 2140 ·
763 2103 940 2169 Ante
970 2107 1274 2188 equidem
1303 2129 1551 2188 summa
1580 2107 1663 2171 de
1692 2127 1765 2169 re
1798 2105 2126 2181 statuisse,
2160 2103 2405 2182 Latini,

678 2205 772 2268 Et
799 2204 1048 2281 vellem,
1081 2215 1148 2269 et
1177 2207 1394 2272 fuerat
1417 2206 1683 2284 melius3
1726 2229 1857 2271 non
1888 2215 2183 2290 tempore
2212 2204 2327 2270 tali

674 2306 930 2391 Cogere
957 2305 1318 2386 concilium,
1349 2331 1549 2391 quum
1576 2331 1795 2372 muros
1826 2307 2073 2372 assidet
2100 2307 2331 2371 hostis.

504 2407 634 2471 305
680 2405 936 2472 Bellum
961 2408 1422 2492 importunum,
1454 2410 1651 2486 cives,
1683 2431 1831 2474 cum
1858 2419 2052 2493 gente
2084 2408 2357 2473 deorum

681 2508 1076 2593 Invictisque
1105 2511 1258 2574 viris
1289 2511 1596 2594 gerimus,
1628 2533 1795 2594 quos
1826 2509 2001 2574 nulla
2029 2507 2305 2593 fatigant

682 2606 952 2686 Proelia,
982 2631 1104 2674 nec
1134 2611 1286 2674 victi
1313 2622 1592 2694 possunt
1613 2610 1933 2675 absistere
1966 2609 2161 2674 ferro.

683 2710 906 2794 Spem,
942 2710 996 2773 si
1025 2732 1220 2794 quam
1248 2711 1515 2775 adscitis
1548 2709 1847 2775 AEtolfim
1873 2709 2195 2776 habuistis
2224 2711 2291 2775 in
2318 2713 2537 2790 armis,

683 2809 957 2886 Ponite:
997 2833 1148 2896 spes
1175 2813 1299 2876 sibi
1321 2813 1619 2897 quisque.
1682 2811 1814 2876 Sed
1838 2810 2004 2889 haec,
2026 2834 2221 2896 quam
2242 2824 2542 2899 angusta,
2559 2815 2821 2882 videtis.

507 2913 645 2975 310
689 2911 944 2976 Caetera
975 2935 1106 2995 qua
1135 2934 1350 2977 rerum
1372 2913 1638 2997 jaceant
1666 2911 1968 2998 perculsa
1994 2914 2203 2990 ruina,

507 3125 556 3168 in
577 3123 785 3182 clipeum,
809 3121 922 3184 quia
941 3123 1068 3170 elato
1091 3123 1142 3170 in
1165 3123 1318 3172 altum
1340 3125 1498 3190 clipeo
1520 3127 1633 3174 has-

509 3194 607 3232 tam
641 3183 826 3232 vibrata
875 3201 1084 3248 namque
1115 3187 1158 3236 is
1199 3189 1433 3238 nami-alis
1473 3199 1635 3239 motus

511 3257 600 3306 est,
625 3257 676 3296 et
697 3247 758 3296 nd
775 3265 950 3314 corpus
973 3250 1208 3300 tuendum
1231 3252 1374 3302 valet.

575 3312 848 3362 287—290.
905 3317 1158 3364 Dardanus
1189 3331 1278 3382 pro
1325 3317 1632 3366 Dardanius:

510 3386 560 3425 et
578 3377 672 3425 hoc
689 3393 780 3442 pro
803 3378 1080 3437 Dardanii&
1099 3381 1338 3443 Trojanis.
1387 3385 1635 3445 Quidquid,

511 3449 761 3504 quantum,
785 3443 862 3506 ἐφ’
884 3443 1013 3501 ὅσον,
1035 3459 1126 3508 per
1147 3459 1292 3493 omne
1315 3455 1522 3521 tempus,
1546 3462 1639 3510 per

511 3506 640 3568 quod
662 3515 884 3555 cessatum
905 3516 976 3556 est
988 3527 1006 3562 ,·
1040 3523 1147 3571 quae
1169 3524 1304 3558 mora
1328 3510 1507 3558 excidii
1534 3511 1633 3558 sac-

510 3580 590 3626 ta3
626 3573 772 3629 haesit,
797 3571 1040 3620 retardata
1070 3582 1160 3630 est,
1185 3574 1404 3623 substitit
1431 3575 1637 3622 victoria

511 3633 826 3694 Achivorum,
852 3645 904 3684 et
922 3640 1084 3685 retulit
1105 3641 1222 3686 vesti
1261 3643 1272 3654 '
1303 3673 1316 3697 ,
1336 3640 1529 3704 relapsa
1546 3647 1634 3696 est,

510 3697 726 3761 adeoque
748 3699 896 3748 dubia
919 3709 970 3748 et
992 3701 1180 3751 incerta
1257 3703 1298 3752 it
1323 3703 1557 3752 Hectoris
1588 3713 1639 3751 et

517 3763 688 3810 AEneae
710 3779 870 3827 opera.

577 3828 687 3875 295.
763 3831 875 3880 Qua
918 3833 982 3877 sit
1027 3847 1192 3893 magno
1236 3836 1464 3880 sententia
1509 3835 1637 3880 bello.

509 3893 642 3939 Bello
731 3891 832 3940 ullo
853 3892 1022 3942 durius
1054 3909 1143 3942 seu
1176 3895 1320 3944 tertio
1351 3911 1481 3953 casu,
1507 3897 1635 3958 quod

510 3955 573 4003 ad
595 3955 672 4004 bel
692 3970 775 4003 um
797 3957 985 4016 attinet,
1009 3973 1098 4006 seu
1119 3973 1221 4022 pro,
1245 3959 1307 4007 de
1329 3960 1471 4008 bello.

575 4020 848 4068 296—298.
899 4021 1143 4070 Sollennis
1179 4023 1283 4070 haec
1320 4024 1633 4088 comparatio,

509 4092 760 4146 proeeunte
785 4085 1005 4133 Homero
1029 4085 1168 4134 Iliad.
1203 4091 1252 4144 β,
1283 4088 1376 4134 144
1405 4103 1524 4152 sqq„
1550 4088 1633 4136 ubi

511 4161 610 4194 non
628 4148 792 4222 minus
808 4159 883 4197 est
901 4159 1074 4198 ornata
1086 4169 1106 4224 ς.
1133 4151 1222 4198 sed
1240 4151 1384 4198 Maro
1401 4153 1637 4216 phamas-

510 4222 968 4325 ιᾟὲἕῗῖῗᾷζὲἑῖ
987 4214 1634 4338 Ἢῗῗῗιέῗῖἓωέἒῗ-ελῗᾲ

515 4339 680 4384 clamo
712 4345 914 4401 gurgite,
951 4357 1078 4404 proec
1098 4357 1188 4390 uso
1221 4360 1453 4406 aquarum
1489 4361 1636 4395 cursu

511 4415 736 4450 saxorum
762 4403 1042 4462 objectione.

1769 3128 1884 3175 301.
1920 3125 2156 3190 Praesam
2209 3131 2350 3186 divos,
2400 3129 2643 3192 praeclnre,
2686 3143 2829 3178 more

1701 3191 1916 3254 antiquo,
1939 3192 2086 3240 etism
2122 3207 2153 3240 a
2180 3192 2419 3242 Romanis
2438 3203 2645 3252 servato,
2668 3193 2723 3241 in
2740 3209 2827 3242 ee-

1700 3265 1821 3304 natu
1859 3265 1909 3304 et
1958 3255 2265 3305 comitiorum
2304 3257 2637 3306 habendorum
2677 3273 2831 3307 cau-a

1698 3319 1839 3368 factis
1857 3321 2031 3369 verbis.

1766 3386 1863 3432 302
1880 3400 1980 3447 sqq.
2017 3384 2223 3433 Latinus
2257 3385 2319 3433 de
2355 3385 2481 3435 bello
2502 3395 2691 3434 temere
2710 3401 2825 3434 sns-

1698 3459 2185 3574 sssss'ffnffigffit‘ffi
2192 3448 2830 3577 Ρῐὶεᾜᾜᾘὲῗζῗῖ

1700 3576 1785 3623 det
1798 3576 2077 3625 ineundam.
2136 3580 2375 3636 &anais-se,
2398 3593 2489 3642 pro
2510 3577 2828 3627 delibet-ane.

1704 3641 1833 3688 Nam
1856 3640 2036 3689 bellum
2060 3641 2273 3706 aggressi
2302 3652 2419 3690 sunt
2450 3642 2617 3694 Latini
2639 3641 2829 3691 tumul·

1704 3705 1861 3753 tuario
1898 3706 2057 3765 modo,
2076 3721 2190 3754 cum
2230 3705 2354 3754 nihil
2390 3706 2495 3770 ipse
2534 3707 2829 3766 rationibus,

1703 3769 1879 3882 {gilbus
1932 3770 2253 3829 dissuadebat,
2295 3770 2533 3820 efficeret:
2584 3787 2693 3834 sup.
2738 3771 2829 3830 vii,

1768 3899 1877 3945 304·-
1919 3901 2065 3949 Quum
2087 3915 2237 3947 unctos
2270 3901 2444 3947 assidet
2466 3903 2622 3947 lavetis.
2658 3898 2833 3948 Facile

1698 3960 2002 4024 intelligitur,
2027 3963 2268 4011 rhetorico
2300 3978 2435 4010 more
2467 3964 2559 4011 hoc
2590 3963 2689 4011 dici
2720 3963 2828 4012 fac-

1701 4033 1818 4081 tum,
1844 4024 1971 4087 quod
1994 4026 2243 4075 minantur
2258 4027 2457 4089 'Pl-ojani
2478 4027 2652 4076 facere.

1701 4091 1873 4200 AE305.
1918 4092 2062 4138 Gema
2106 4095 2303 4149 deorum,
2349 4090 2441 4140 σὺν
2486 4092 2622 4140 παισὶ
2674 4095 2799 4142 0⁶3»-
2814 4111 2829 4141 ε

1770 4167 1875 4200 nea.

1766 4217 1875 4268 307.
1911 4221 2109 4267 Possunt
2148 4223 2386 4278 absistere,
2422 4219 2583 4284 simpl.
2606 4235 2698 4285 pro
2736 4220 2831 4268 ab·

1702 4281 1901 4338 sistunt3
1918 4299 1955 4330 s.
1972 4299 2063 4346 pro
2084 4298 2181 4330 non
2200 4294 2406 4348 possunt
2422 4285 2513 4332 sibi
2536 4294 2835 4348 temperare,

1702 4363 1764 4395 ne
1787 4349 2038 4396 rebellent.

1768 4414 2037 4459 309—311.
2076 4413 2221 4461 Nunc
2256 4429 2647 4476 unumquemque
2678 4413 2731 4460 in
2770 4428 2835 4460 se
