3050 4934
389 219 517 283 202

1278 216 1807 285 AENEIDOS

563 365 738 430 Hinc
769 377 964 450 atque
996 365 1145 429 hinc
1173 377 1376 430 vastae
1405 388 1606 450 rupes
1637 365 2001 450 geminique
2032 365 2356 428 minantur

560 467 636 530 In
663 466 896 531 coelum
929 465 1202 550 scopuli,
1236 489 1512 551 quorum
1544 466 1668 530 sub
1698 466 1937 529 vertice
1968 464 2099 528 late

561 567 866 652 AEquora
894 577 1034 631 tuta
1065 566 1290 646 silent3
1336 578 1476 631 tum
1507 566 1681 630 silvis
1714 586 1909 629 scena
1937 565 2227 628 coruscis

395 668 517 730 165
561 668 895 751 Desuper,
925 667 1344 751 horrentique
1376 678 1589 731 atrum
1618 687 1843 730 nemus
1875 665 2159 728 imminet
2185 665 2437 728 umbra.

557 768 801 832 Fronte
835 769 957 831 sub
987 769 1264 832 adversa
1295 767 1579 853 scopulis
1610 766 2047 852 pendentibus
2077 775 2369 842 antrum3

558 869 744 932 Intus
777 891 963 952 aquae
994 868 1243 946 dulceS,
1274 871 1547 952 vivoque
1580 868 1807 932 sedilia
1838 889 2036 944 saxo;

556 969 1014 1053 Nympharum
1041 969 1295 1032 domuS.
1374 969 1505 1033 Hic
1536 968 1743 1032 fessas
1772 990 1905 1032 non
1932 965 2187 1030 vincula
2213 986 2411 1029 naves

559 1069 712 1133 Ulla
741 1080 1002 1146 tenent;
1049 1091 1218 1133 unco
1249 1090 1380 1132 non
1409 1069 1629 1152 alligat
1658 1067 1943 1132 anchora
1970 1089 2214 1130 morsu.

395 1170 517 1233 170
562 1170 716 1234 Huc
747 1180 998 1253 septem
1025 1168 1279 1233 AEneas
1309 1168 1595 1233 collectis
1624 1168 1897 1233 navibus
1929 1168 2102 1231 omni

563 1269 672 1333 Ex
701 1291 969 1333 numero
999 1269 1210 1346 subit3
1257 1291 1356 1345 ac,
1387 1291 1624 1352 magno
1652 1267 1901 1332 telluris
1932 1288 2151 1331 amore

563 1371 859 1455 Egressi,
889 1379 1114 1453 optata
1143 1370 1483 1452 potiuntur
1512 1368 1727 1432 Troes
1760 1389 1980 1444 arena,

562 1472 656 1535 Et
687 1471 819 1535 sale
849 1473 1148 1536 tabentes
1181 1481 1361 1533 artus
1393 1470 1458 1532 in
1486 1468 1705 1533 littore
1735 1478 2009 1553 ponunt.

561 1572 666 1636 Ac
696 1573 974 1656 primum
1005 1571 1164 1635 silici
1193 1568 1531 1642 scintillam
1560 1569 1827 1632 excudit
1856 1567 2175 1643 Achates,

397 1675 516 1737 175
562 1673 996 1757 suscepitque
1025 1673 1239 1754 ignem
1268 1669 1460 1746 foliis,
1493 1681 1689 1754 atque
1720 1669 1905 1734 arida
1930 1669 2171 1733 circum

387 1882 546 1925 onem,
583 1867 811 1930 quoniam
844 1865 1004 1914 insula
1035 1865 1222 1926 obJecta
1253 1873 1508 1912 ventorum

387 1940 439 1978 et
465 1930 700 1979 fluctuum
725 1930 826 1978 vim
858 1927 1067 1992 excipitz
1104 1931 1326 1976 lateribus
1357 1928 1505 1986 enim,

387 1993 450 2041 ad
479 1993 652 2042 insulae
683 1995 849 2052 latera,
883 1996 1025 2041 omnis
1057 1995 1194 2048 unda,
1231 1991 1420 2049 fluctus,
1447 1995 1508 2040 ab

387 2053 732 2119 altofranga'tur
743 2075 758 2104 .·
783 2057 872 2104 hoc
887 2055 1091 2104 ornavit.
1125 2058 1183 2104 In
1197 2059 1324 2103 sinus
1339 2059 1507 2104 scindit

387 2137 482 2166 sese
517 2123 642 2168 unda
675 2124 884 2168 reductos
897 2140 915 2174 ,-
948 2119 1146 2168 sinuoso
1178 2118 1308 2166 flexu
1331 2119 1505 2168 fluctus

385 2183 648 2239 recedunt;
707 2200 814 2232 sese
847 2185 900 2231 in
949 2184 1086 2232 sinus
1131 2183 1358 2231 reductos
1399 2183 1502 2231 vol-

388 2256 536 2294 vunt:
571 2247 632 2295 cf.
670 2247 732 2296 ad
765 2250 884 2295 Geo.
909 2247 973 2305 iv,
997 2249 1107 2294 420.
1167 2246 1337 2294 Solent
1375 2246 1508 2294 enim

387 2309 562 2358 fluctus
588 2309 714 2360 allisi
750 2311 896 2374 longo
932 2319 1090 2358 tractu
1125 2319 1390 2358 retrorsum
1411 2309 1508 2358 acti

385 2373 601 2422 dissolvi.
657 2375 826 2424 Insula
858 2391 956 2422 non
991 2384 1067 2423 est
1097 2389 1125 2422 a
1161 2409 1173 2421 .
1213 2374 1414 2422 Homer.
1453 2373 1506 2421 in

387 2437 494 2486 loco
550 2454 661 2486 uem
683 2439 762 2487 hic
786 2439 1040 2502 expressit,
1062 2439 1105 2486 Ο
1141 2454 1234 2512 yss.
1259 2455 1301 2495 ν,
1323 2436 1400 2495 97,
1419 2437 1506 2485 sed

387 2510 464 2549 est
547 2501 620 2550 ’us
660 2503 808 2560 locus,
846 2518 990 2565 quem
1024 2511 1076 2550 et
1105 2502 1184 2549 luc
1207 2511 1320 2548 ante
1343 2501 1508 2549 oculos

386 2565 569 2624 habuit,
602 2567 654 2614 in
688 2566 1017 2629 descriptione
1052 2574 1194 2612 terrae
1223 2565 1506 2640 Cyclopum,

387 2629 560 2692 Odyss.
586 2649 614 2686 ι,
645 2631 750 2677 116.
811 2631 890 2677 Ex
914 2630 1082 2677 eodem
1115 2629 1222 2676 loco
1250 2643 1396 2686 cervi,
1421 2627 1506 2676 inf.

389 2693 496 2748 184,
521 2703 678 2754 poetae
699 2693 751 2740 in
776 2703 989 2742 mentem
1013 2707 1204 2740 venere.

456 2756 547 2801 162
566 2772 668 2818 sqq.
705 2757 851 2805 Nunc
883 2757 944 2805 ad
977 2773 1206 2813 secessum,
1238 2771 1276 2802 s.
1303 2755 1511 2804 interius

387 2817 537 2874 littus,
557 2820 854 2868 continentis
875 2821 1120 2877 nimirum,
1137 2819 1374 2894 procedit.
1418 2821 1511 2868 Est

385 2881 475 2928 hoc
495 2881 700 2944 rupibus
721 2883 975 2942 consitum,
993 2883 1382 2946 prominentibus
1403 2887 1509 2931 hinc

385 2952 522 3006 atque
543 2949 662 3004 hinc,
687 2946 748 2994 ad
777 2945 998 2994 dextram
1028 2955 1080 2993 et
1099 2947 1360 3004 sinistram,
1384 2947 1503 2996 duo-

385 3009 476 3056 bus
517 3010 757 3074 scopulis3
804 3009 969 3057 omnia
1003 3007 1138 3056 silvis
1178 3009 1347 3057 obsita.
1419 3011 1504 3058 In-

383 3073 565 3133 gressis
599 3087 844 3120 recessum
879 3073 1008 3119 hunc
1045 3087 1108 3118 cx
1141 3072 1358 3131 adverso,
1398 3075 1505 3130 166,

385 3136 596 3184 occurrit
617 3145 812 3184 antrum
833 3136 1000 3183 subter
1021 3134 1183 3182 littore
1205 3137 1472 3199 scopuloso.

455 3199 561 3256 164,
591 3199 697 3246 165.
733 3198 968 3262 Superior
1001 3197 1179 3245 littoris
1215 3201 1380 3262 ruposi
1421 3217 1508 3249 ora

384 3260 522 3310 silvis
537 3262 696 3310 obsita
712 3271 801 3310 est.
856 3263 952 3309 Pro
974 3260 1374 3324 interpretatione
1392 3275 1508 3313 sunt

389 3340 481 3373 vss.
513 3327 622 3384 310,
652 3328 761 3373 811.
828 3328 1015 3373 Scenam
1049 3339 1173 3372 nove
1205 3325 1332 3372 dixit
1363 3337 1508 3388 poeta

386 3388 448 3436 de
477 3399 741 3453 prospectu
768 3388 916 3452 longo
949 3389 1077 3436 inter
1105 3390 1258 3446 silvas,
1283 3389 1330 3436 h.
1355 3405 1396 3436 e.
1426 3406 1502 3438 ar-

385 3452 542 3500 bores.
611 3453 756 3500 Hanc
793 3469 984 3510 scenam,
1017 3453 1065 3499 h.
1102 3467 1143 3499 e.
1179 3461 1504 3526 prospectum,

385 3519 603 3564 silvarum
632 3533 932 3574 emeat-um,
957 3515 1164 3564 tremula
1193 3525 1322 3564 mter
1351 3516 1504 3565 inter-

384 3579 513 3628 valla
541 3579 652 3628 luce
677 3580 960 3628 micantium
991 3580 1108 3628 dum
1131 3587 1277 3628 vento
1306 3596 1506 3629 moven-

385 3653 479 3701 tur,
510 3653 560 3691 et
587 3644 679 3692 hoc
712 3661 878 3702 nemus,
909 3643 1146 3707 Virgilius
1177 3659 1240 3691 ex
1268 3659 1366 3691 una
1403 3645 1510 3693 olea

385 3721 462 3770 ap.
490 3707 694 3756 Homer.
713 3708 745 3756 l.
766 3724 806 3755 c.
837 3709 930 3755 102
949 3707 1250 3771 propagavit,
1278 3715 1506 3770 tanquam

385 3785 449 3817 ex
471 3771 678 3819 stu-culo.

455 3835 723 3882 166—168.
761 3835 875 3882 Hoc
897 3843 1090 3882 antrum
1117 3833 1286 3882 itidem
1309 3849 1372 3882 ex
1397 3835 1503 3882 Ho-

384 3913 521 3945 mero
551 3914 595 3945 v.
631 3899 898 3945 loa—112.
959 3897 1056 3944 Sed
1084 3897 1214 3960 apud
1244 3898 1375 3945 hunc
1409 3907 1508 3947 tam

385 3970 592 4036 augusta
622 3961 715 4009 loci
745 3961 907 4018 facies,
941 3969 1038 4008 tam
1071 3960 1348 4008 veneranda
1376 3962 1502 4009 anti-

383 4025 583 4086 quitatis
621 4025 864 4082 sanctitas,
904 4032 961 4072 ut
995 4022 1233 4086 Virgilius
1267 4025 1328 4072 ab
1363 4035 1505 4074 antro

383 4087 602 4137 ornando
632 4089 778 4153 plane
809 4087 1088 4137 abstineret.
1146 4088 1298 4150 Atqui
1332 4097 1382 4135 et
1412 4089 1505 4138 hoc

374 4151 615 4213 iudicium
635 4151 800 4214 magni
815 4161 972 4216 poetoe
989 4159 1076 4198 est.
1125 4153 1293 4199 Fronte
1313 4153 1398 4199 sub
1416 4155 1500 4199 ad·-

381 4229 512 4262 vena
528 4232 543 4260 .·
567 4213 630 4262 de
647 4212 878 4263 interiore
891 4213 1187 4263 continentis
1202 4213 1366 4262 littore
1381 4215 1502 4276 (non

383 4278 444 4325 de
466 4277 650 4336 insula)
670 4278 762 4325 hoc
785 4287 860 4326 est
879 4277 1242 4354 accipiendum3
1278 4277 1406 4340 quod
1429 4287 1504 4328 est

383 4340 640 4389 adversum
655 4339 949 4390 inti-antibus
965 4356 1141 4390 sinum.
1187 4343 1502 4404 Nympharum

1573 1867 1728 1912 domus
1760 1863 1908 1910 etiam
1942 1862 2116 1926 Odyss.
2148 1880 2198 1922 μ,
2233 1863 2343 1921 318,
2376 1863 2439 1911 de
2472 1872 2612 1912 antro
2645 1863 2696 1912 in

1573 1927 1734 1975 insula
1764 1926 1919 1974 Solis:
1956 1925 2068 1974 ἔνθα
2096 1925 2136 1973 δ’
2160 1923 2278 1974 ἔσαν
2298 1925 2533 1990 Νυμφέων
2556 1927 2698 1976 καλοὶ

1572 1992 1711 2054 χοροὶ
1742 1989 1827 2048 ἠδὲ
1870 1988 2035 2038 θόωκοι
2068 1989 2141 2050 (h.
2178 1993 2415 2050 planities,
2449 2007 2595 2053 quam
2634 1991 2700 2040 ad

1572 2056 1774 2102 choreas
1796 2070 1825 2101 a
1862 2063 1958 2102 tam
1982 2053 2184 2111 diceres,
2208 2061 2255 2101 et
2275 2055 2479 2116 sedilia).

1640 2119 1746 2176 168,
1784 2120 1805 2165 1
1846 2119 1889 2166 9.
1936 2119 2047 2174 Hic,
2088 2131 2187 2164 non
2230 2117 2283 2164 in
2328 2126 2475 2176 astro,
2517 2118 2604 2166 sed
2645 2119 2700 2166 in

1572 2183 1678 2230 loco
1699 2183 1829 2230 inter
1850 2181 1989 2229 littus
2016 2189 2067 2228 et
2088 2179 2311 2238 insulam,
2336 2181 2419 2242 qui
2440 2197 2531 2245 pro
2551 2191 2700 2246 portu

1573 2262 1660 2294 seu
1700 2255 1807 2294 tuta
1844 2245 2043 2293 navium
2087 2244 2296 2293 statione
2336 2254 2453 2302 erat,
2492 2245 2543 2292 in
2586 2246 2698 2294 sinu

1574 2325 1703 2372 pone
1736 2309 1960 2366 insulam,
1988 2308 2040 2354 in
2074 2325 2249 2357 secema
2278 2309 2369 2356 159
2402 2319 2695 2357 memorato:

1571 2373 1631 2422 cs.
1656 2374 1829 2436 Odyss-
1847 2391 1896 2433 μ,
1921 2373 2026 2428 100,
2051 2373 2157 2419 101.
2208 2371 2361 2420 Vides
2383 2372 2561 2434 ubique
2579 2373 2695 2420 Vir-

1571 2437 1757 2499 gilium,
1790 2437 1831 2484 si
1867 2436 2111 2484 sententia
2140 2445 2327 2483 certare
2361 2451 2461 2484 non
2490 2446 2696 2500 poterat,

1571 2503 1829 2548 verborum
1872 2507 2045 2548 ornatu
2081 2515 2193 2547 cum
2232 2499 2453 2548 Homero
2492 2511 2695 2548 conten-

1571 2564 1717 2612 disse.
1772 2563 1926 2612 Vides
1947 2566 2129 2612 vincula
2154 2572 2200 2610 et
2220 2567 2477 2620 anchoram,
2502 2564 2588 2612 sed
2616 2579 2694 2612 or-

1574 2637 1714 2676 nate:
1774 2645 1885 2676 unco
1926 2645 2013 2676 non
2064 2630 2231 2690 alligat
2276 2631 2475 2676 anchora
2517 2645 2664 2676 morsu
2680 2649 2696 2682 ,-

1575 2691 1808 2740 translato
1825 2691 2041 2754 epitheto
2058 2692 2283 2739 anchorae
2298 2691 2356 2739 ad
2376 2707 2579 2739 morsum.
2618 2692 2696 2739 Si-

1574 2755 1689 2803 mile
1724 2756 2050 2818 Nymphaeum
2086 2755 2145 2803 ad
2189 2755 2447 2803 Heracleae
2483 2755 2700 2804 Ponticae

1574 2833 1716 2882 agros
1754 2818 2103 2867 transtulerant
2138 2828 2327 2867 veteres
2362 2827 2531 2882 poetae,
2568 2821 2699 2883 quod

1572 2882 1772 2946 repetiit
1804 2899 1865 2931 ex
1896 2882 1957 2930 iis
1986 2883 2201 2938 Quintus
2232 2883 2336 2932 Cal.
2360 2883 2425 2942 vi,
2449 2882 2560 2941 470,
2584 2899 2695 2932 ver-

1573 2947 1708 2995 sibus
1728 2962 1827 2995 non
1850 2945 2005 2994 malis.

1642 3012 1747 3062 170.
1790 3013 1969 3072 Septem
2000 3014 2222 3058 navibus.-
2258 3026 2357 3059 una
2388 3027 2483 3074 qua
2512 3011 2697 3060 AEneas

1572 3075 1852 3132 vehebatur,
1871 3083 1969 3122 tres
1992 3090 2019 3122 e
2042 3073 2257 3137 scopulis
2278 3091 2309 3122 a
2329 3075 2546 3131 Tritone,
2571 3083 2694 3122 tres-

1571 3153 1666 3199 que
1688 3136 1797 3185 aliae
1826 3153 1853 3185 e
1884 3138 2109 3201 syrtibus,
2134 3153 2222 3186 seu
2245 3138 2381 3187 vadis
2412 3139 2641 3196 arenosis,
2665 3155 2697 3187 a

1573 3202 1809 3264 Neptuno
1826 3201 2079 3265 expeditae.
2125 3203 2339 3250 Caeteras
2354 3212 2532 3266 praeter
2548 3217 2697 3250 unam

1572 3275 1787 3314 servatas
1816 3281 1931 3313 mox
1952 3264 2251 3322 videbimus;
2286 3266 2381 3314 fuit
2409 3265 2541 3316 enim
2572 3266 2695 3328 (vid.

1572 3345 1617 3376 v.
1644 3327 1779 3390 381,)
1804 3338 1906 3376 tota
1926 3329 2093 3378 classis
2114 3345 2183 3378 xx
2204 3329 2417 3378 navium.

1640 3391 1906 3443 171—173.
1926 3396 2097 3450 Arena,
2112 3393 2271 3442 littus:
2294 3403 2345 3440 et
2358 3396 2540 3442 telluris
2555 3411 2696 3454 amor,

1571 3453 1727 3513 πόθος,
1752 3455 2059 3514 desiderium,
2084 3456 2176 3504 soli
2206 3457 2479 3520 attingendi
2501 3459 2694 3522 cupidi-

1576 3527 1661 3566 tas.
1740 3521 1963 3566 Tabentes
1998 3529 2129 3568 arm
2165 3523 2292 3574 sale,-
2334 3521 2468 3570 unda
2505 3522 2699 3571 marina

1572 3597 1836 3644 respersos,
1878 3581 2111 3640 madidos,
2152 3582 2452 3646 simpliciter.
2529 3587 2699 3635 Poetae

1574 3645 1705 3693 enim
1728 3649 1877 3693 tabem
1904 3646 2101 3710 proprie
2130 3647 2191 3694 de
2215 3648 2419 3696 humore
2448 3660 2695 3712 corrupto,

1572 3723 1687 3756 mox
1710 3709 1771 3756 de
1824 3724 2092 3772 uocunque,
2116 3709 2342 3773 inprimis
2363 3712 2572 3762 sordido.

1634 3774 1663 3846 ⁸1
1672 3770 1749 3846 721¹,
1772 3725 1879 3822 125.
1916 3773 2253 3837 Reprehendit
2263 3775 2354 3850 hic·
2364 3784 2414 3823 et
2428 3775 2481 3824 in
2496 3791 2597 3840 sqq.
2614 3777 2695 3826 in-

1571 3837 1972 3974 ww..
1991 3837 2699 3963 ffifssffzffiuzfflszf

1572 3963 1719 4011 tionis
1748 3970 1987 4026 gravitate
2020 3977 2101 4010 res
2134 3963 2344 4013 humiles
2382 3975 2561 4023 narrat,
2598 3983 2699 4030 qua

1656 4025 1776 4074 ndes
1803 4035 1853 4073 et
1880 4025 2125 4075 sublimes.
2184 4028 2354 4077 Voluit
2380 4045 2497 4078 sane
2524 4031 2692 4094 Virgi-

1606 4105 1665 4138 us
1679 4090 1771 4137 hoc
1794 4090 1902 4154 ipso
1918 4091 2177 4139 verborum
2195 4101 2367 4140 ornatu
2386 4093 2693 4144 nobilitatem

1569 4152 1797 4202 tenuibus
1826 4154 1971 4202 rebus
2001 4153 2193 4204 addere.
2242 4155 2402 4204 Aliter
2426 4157 2691 4218 Homerus,

1568 4216 1653 4278 qui
1669 4216 1937 4265 orationem
1954 4219 2100 4267 rebus
2118 4219 2471 4276 accommodat;
2497 4230 2548 4269 et
2596 4237 2690 4270 1·ae-

1568 4289 1763 4343 ceptum
1793 4295 1910 4330 sane
1931 4282 2145 4345 primum
2175 4283 2228 4330 in
2252 4283 2336 4332 tali
2358 4299 2413 4332 re
2445 4293 2532 4341 est,
2576 4301 2693 4334 eves

1568 4359 1647 4392 res
1666 4344 1841 4393 leviter
1862 4359 1969 4394 esse
1990 4344 2311 4408 attingendus,
2332 4357 2387 4395 ut
2402 4347 2559 4396 obiter
2579 4358 2688 4397 tan·
