3050 4934
1120 261 1459 332 LIBER
1504 262 1690 330 XII.

430 408 765 476 Mortalin’
790 411 1013 476 decuit
1041 411 1265 478 violari
1292 411 1560 480 vulnere
1590 413 1853 478 divum?

427 509 573 576 Aut
600 533 823 578 ensem
853 511 1037 596 (quid
1064 514 1235 578 enim
1264 514 1403 579 sine
1432 523 1499 580 te
1529 512 1820 580 «Iuturna
1847 511 2094 578 valeret
2109 513 2164 595 2)

428 611 753 698 Ereptum
780 614 971 680 reddi
999 613 1253 692 Turne,
1284 624 1355 680 et
1384 615 1511 680 vim
1541 635 1838 680 crescere
1868 614 2098 678 vietis?

258 712 389 776 800
432 713 684 780 Desine
706 715 845 799 jam
874 716 1159 793 tandem,
1189 717 1628 800 precibusque
1659 713 1992 780 inflectere
2021 715 2297 780 nostris:

427 814 577 879 Nec
609 825 674 880 te
706 826 925 882 tantus
954 817 1111 882 edat
1140 817 1401 880 tacitam
1430 814 1656 893 dolon-3
1701 827 1770 880 et
1797 814 1953 880 mihi
1981 835 2160 880 curae

428 914 623 999 Saepe
652 926 767 981 tuo
799 916 973 983 dulci
1004 917 1225 982 tristes
1256 937 1341 980 ex
1367 939 1481 981 ore
1510 926 1871 980 recursant.

430 1013 720 1082 Ventum
749 1019 835 1083 ad
866 1039 1241 1104 supremum
1269 1027 1393 1082 est.

1471 1017 1702 1082 Terris
1731 1018 2004 1101 agitare,
2035 1015 2140 1082 vel
2169 1017 2384 1094 undis,

431 1115 757 1202 Trojanos
786 1119 1094 1203 potuisti;
1138 1117 1475 1184 infandum
1502 1119 1862 1184 accendere
1892 1116 2156 1195 bellum,

260 1217 389 1281 805
434 1217 821 1284 Deformare
850 1219 1135 1296 domum,
1166 1231 1237 1284 et
1262 1219 1442 1286 luctu
1472 1220 1744 1286 miscere
1773 1219 2180 1304 hymenaeos:

437 1318 731 1384 Ulterius
762 1330 1015 1386 tentare
1046 1331 1217 1386 vet0.
1290 1321 1399 1388 Sic
1427 1320 1694 1405 Jupiter
1723 1343 1950 1398 orsus;

436 1419 545 1484 Sic
575 1422 701 1486 dea
732 1421 1054 1486 submisso
1082 1431 1310 1484 contra
1339 1420 1648 1486 Saturnia
1671 1420 1890 1485 vultu:

435 1520 575 1585 Ista
602 1520 866 1604 quidem
896 1521 1051 1603 quia
1079 1532 1233 1586 nota
1260 1520 1418 1586 mihi
1448 1533 1586 1598 tua,
1613 1541 1870 1606 magne,
1899 1522 2222 1600 voluntas,

435 1620 722 1705 Jupiter,
752 1633 821 1686 et
851 1620 1151 1686 Turnum
1182 1633 1251 1688 et
1282 1633 1491 1687 terras
1520 1623 1722 1686 invita
1748 1622 2000 1707 reliqui.

264 1723 395 1786 810
436 1722 585 1786 Nec
616 1733 688 1786 tu
716 1744 820 1787 me
850 1723 1026 1786 aeria
1056 1721 1257 1786 solam
1284 1743 1457 1788 nunc
1490 1722 1648 1788 sede
1679 1723 1934 1788 videres

434 1823 659 1907 Digna
686 1824 953 1907 indigna
982 1824 1155 1909 pati;
1202 1823 1320 1888 sed
1349 1822 1621 1888 flammis
1653 1824 1863 1888 cincta
1891 1823 2016 1888 sub
2044 1824 2250 1907 ipsam

438 1924 693 1990 Starem
722 1925 946 2001 aciem,
978 1923 1433 2008 traheremque
1464 1925 1718 1988 inimica
1743 1925 1810 1988 in
1839 1923 2072 2008 proelia
2099 1923 2418 1988 Teucros.

436 2024 787 2092 Juturnam
813 2027 1073 2101 misere,
1104 2023 1337 2100 fateor,
1370 2045 1752 2088 succurrere
1779 2022 1967 2088 fratri

438 2126 655 2204 Suasi,
682 2136 751 2192 et
780 2149 903 2210 pro
932 2127 1064 2190 vita
1090 2125 1339 2209 majora
1366 2124 1613 2190 audere
1643 2125 1952 2208 probavi3

269 2226 396 2290 815
441 2226 599 2290 Non
628 2238 703 2291 ut
732 2225 861 2292 tela
890 2237 1128 2302 tamen,
1160 2247 1293 2288 non
1322 2237 1395 2290 ut
1422 2225 1850 2290 contenderet
1878 2247 2136 2291 arcum:

336 2441 607 2493 797—799.
643 2441 786 2492 Prior
817 2455 987 2490 versus
1008 2447 1199 2504 spectat
1230 2437 1293 2488 ad
1322 2437 1391 2498 id,

303 2506 400 2554 uod
436 2505 599 2570 paullo
637 2515 751 2553 ante
792 2503 971 2552 vulnus
1010 2503 1249 2552 inflictum
1290 2512 1394 2550 erat

270 2523 459 2619 ffssneae.
529 2569 829 2632 Ambiguum
868 2583 977 2616 esse
1012 2577 1189 2632 potest,
1230 2567 1393 2641 sintne

262 2649 451 2748 ³5¹⁸ss
451 2632 958 2756 ‘ftmizsffli
975 2632 1395 2744 2233?ssssss

269 2763 455 2812 dictum
478 2762 574 2810 erit
604 2777 731 2810 nova
752 2761 1033 2826 acceptione
1064 2776 1159 2824 pro
1188 2760 1391 2808 vulnere

270 2825 545 2882 mortiferm
581 2841 645 2874 an
668 2828 834 2883 divum,
868 2835 1041 2899 quarto
1072 2841 1189 2873 casu
1218 2840 1387 2888 accep-

271 2900 391 2948 tum,
423 2890 571 2938 deum
602 2888 814 2952 aliquem
848 2889 1019 2937 molari
1050 2891 1233 2936 vulnere
1270 2905 1387 2936 mor-

274 2957 376 3013 tali,
401 2970 431 3004 a
462 2953 655 3004 mortali
686 2953 849 3008 illat03
885 2963 937 3002 et
968 2961 1073 3002 tum
1100 2955 1233 3001 deun
1264 2951 1390 3001 acei-

270 3017 379 3084 pies
423 3017 683 3081 aliquando
728 3017 963 3073 futurum,
1010 3017 1233 3066 AEnearn.
1315 3017 1394 3066 Ita

272 3099 391 3134 vero
410 3081 767 3146 argumentatio
788 3091 865 3132 est
887 3080 1027 3130 valde
1046 3080 1196 3130 levis:
1232 3079 1391 3192 indiq-

272 3163 387 3198 nam
418 3163 523 3196 rem
544 3161 653 3198 enee
675 3149 841 3204 dinan,
864 3144 1083 3195 fumi-um
1103 3145 1265 3202 deum,
1288 3161 1351 3194 vu
1372 3171 1393 3182 -

272 3228 393 3262 nere
430 3227 463 3262 a
502 3209 694 3260 mortali
736 3209 873 3260 illato
918 3224 1025 3258 esse
1066 3209 1233 3258 ictum.
1303 3207 1395 3257 Vis

271 3274 642 3340 argumentandi
675 3273 881 3349 requirit
912 3273 1031 3321 hoc:
1078 3287 1109 3320 a
1139 3271 1232 3319 deo
1262 3287 1393 3320 mor-

272 3341 421 3392 talem
453 3337 701 3390 vulnerari
738 3337 995 3402 indignum
1031 3345 1119 3386 est.
1182 3335 1213 3384 J
1218 3335 1395 3384 anonis

272 3404 442 3454 fraude
462 3419 553 3468 per
582 3404 847 3452 Juturmun
878 3401 1067 3452 illatum
1090 3409 1197 3450 erat
1216 3399 1395 3448 vulnus

274 3469 464 3527 AEneoe,
482 3479 533 3518 et
548 3469 787 3518 haetenus
807 3469 991 3516 cubuere
1012 3468 1165 3514 divam
1186 3463 1395 3512 violatus

274 3543 381 3584 erat
410 3536 631 3582 nov-talio.
687 3531 922 3596 Apertior
952 3530 1121 3592 utique
1152 3527 1397 3578 sententia

274 3606 419 3656 esset,
458 3596 505 3647 si
547 3596 785 3660 scriptum
820 3595 947 3646 foret
983 3597 1231 3642 mortalem.
1308 3593 1391 3640 In·

274 3661 427 3712 ducor
448 3671 505 3712 ut
534 3659 745 3718 credam,
772 3661 1029 3708 Maronem
1054 3657 1267 3722 primum
1288 3657 1336 3706 h.
1360 3657 1392 3704 1.

276 3741 449 3775 ausum
482 3729 717 3774 mortalem
748 3739 838 3789 pro
872 3723 1037 3772 lethali
1075 3721 1251 3771 dicere.
1319 3723 1399 3770 Ita

275 3789 472 3840 tandem
494 3789 739 3840 sententia
758 3788 911 3851 digna
938 3796 1084 3850 poeta
1102 3785 1217 3834 exit.
1276 3785 1399 3834 Erat

274 3854 445 3918 utique
466 3855 597 3918 quod
618 3853 878 3902 miraretur
898 3851 1109 3924 Jupiter,
1133 3851 1163 3899 J
1167 3863 1395 3906 urionem,

278 3935 387 3968 cum
410 3919 559 3969 sciret
590 3919 698 3982 ipsa
720 3917 931 3966 AEnenm
964 3914 1287 3962 immortalem
1320 3913 1394 3961 fu-

278 3993 455 4042 turum,
472 3994 639 4032 tamen
657 3991 855 4044 putasse
876 3995 931 4028 se
948 3987 1277 4028 assecuturum
1292 3977 1399 4034 hoc,

278 4057 335 4159 gt
354 4047 437 4096 ille
463 4047 559 4096 telo
578 4061 838 4111 percussus
860 4044 1063 4094 vulnere
1082 4040 1251 4092 lethali
1273 4040 1401 4090 occi-

312 4121 431 4160 eret.

344 4177 455 4234 801,
478 4177 589 4223 802.
624 4177 727 4222 Nee
748 4183 793 4222 te
814 4175 923 4222 edas
942 4175 1101 4222 dolor.-
1134 4169 1268 4228 alins,
1292 4169 1397 4219 ani-

278 4255 413 4288 mum
448 4249 602 4289 tuum.
664 4239 728 4287 In
762 4253 865 4300 sqq.
900 4245 947 4286 et
978 4241 1093 4285 nihi
1124 4252 1249 4283 eura
1271 4237 1401 4296 Sapo

280 4312 357 4352 eno
378 4307 503 4352 dulci
535 4307 693 4352 maten
714 4319 773 4350 ex
790 4319 867 4350 ore
888 4309 1135 4357 ret-mem,
1158 4309 1233 4348 est
1254 4299 1399 4348 reite-

278 4367 402 4415 ratio
430 4365 765 4416 antecedentis
798 4364 1173 4414 enuntiationis:
1208 4381 1291 4412 nee
1322 4372 1397 4412 to-

283 4431 373 4479 ties
407 4447 484 4480 me
517 4430 729 4493 querelis
763 4430 859 4478 tuis
891 4429 1074 4492 fatiges.
1140 4429 1293 4477 Fraus
1326 4437 1399 4476 est

1456 2437 1585 2488 faeta
1616 2437 1671 2488 in
1693 2454 1766 2497 eo,
1791 2438 1921 2502 quod
1941 2447 1990 2488 et
2021 2439 2334 2502 subjunctum
2355 2451 2445 2500 eet,
2469 2458 2581 2491 cum

1458 2503 1685 2568 negativa
1705 2519 1786 2551 nec
1819 2503 2082 2567 repetenda
2104 2513 2245 2552 esset.
2305 2505 2458 2568 Atqui
2486 2508 2578 2554 hoc

1458 2581 1639 2615 novum
1661 2582 1760 2616 non
1780 2575 1868 2615 est.
1910 2567 1992 2614 Sic
2013 2566 2099 2614 inf.
2123 2569 2231 2625 825,
2255 2576 2340 2616 aee
2360 2585 2451 2632 pro
2472 2585 2577 2618 nec.

1456 2633 1726 2687 Recurrent,
1748 2631 2001 2680 iterentur.

1520 2697 1792 2743 803—805.
1827 2697 1983 2743 Terris
2004 2697 2200 2757 agitare.
2248 2695 2467 2746 Consilia
2483 2700 2514 2746 J
2519 2714 2574 2747 u-

1454 2759 1626 2808 nonis:
1661 2758 1875 2834 primum
1897 2773 1988 2822 per
2017 2767 2116 2806 tem
2179 2769 2356 2809 etatem
2390 2761 2576 2812 immis-

1454 2839 1720 2936 3223?
1734 2823 2050 2951 rafim&
2074 2833 2306 2946 νὶῑῗᾲῗὲῗ
2321 2825 2582 2944 ἐῗέῗῒέ

1458 2951 1582 3000 tium
1638 2951 1701 3000 ad
1744 2950 1965 3000 Lavinia
2018 2951 2216 3014 nuptias
2268 2969 2380 3002 cum
2421 2954 2582 3004 AEnea

1457 3015 2180 3141 ἱῗᾝᾞῖἳέηῗῖῗι.
2191 3018 2583 3132 ῗῖοξᾛὲ

1460 3159 1525 3194 ex
1547 3145 1740 3194 Amne
1771 3115 2057 3208 suspendio:
2071 3161 2280 3206 qmcum
2309 3117 2506 3208 squalor
2526 3164 2583 3196 ac

1458 3206 1742 3257 deformitas
1763 3210 2034 3270 conjuncta.

1524 3273 1637 3329 808,
1662 3273 1771 3320 809.
1809 3272 1921 3320 Hoc
1955 3287 2053 3319 non
2077 3273 2318 3336 respicere
2341 3284 2504 3338 potest
2525 3293 2584 3326 ea

1458 3349 1568 3398 quae
1603 3335 1696 3383 hoc
1737 3333 1863 3383 libro
1900 3334 1962 3383 de
2001 3335 2213 3384 Junonis
2253 3337 2492 3388 descensu
2529 3341 2583 3388 in

1458 3408 1674 3448 montem
1700 3398 1960 3456 Albanum,
1979 3409 2030 3448 et
2049 3399 2264 3464 acceptis
2282 3401 2312 3449 J
2317 3401 2422 3450 ovis
2444 3419 2582 3452 man·

1459 3462 1601 3522 datis,
1625 3463 1687 3511 ad
1721 3463 1983 3528 Olympum
2019 3462 2180 3512 reditu
2211 3464 2348 3512 fuere
2371 3476 2582 3525 narrata,

1460 3543 1568 3592 sup.
1591 3543 1637 3576 v.
1667 3529 1773 3586 133,
1803 3529 1910 3586 169,
1938 3527 2057 3583 1603
2093 3527 2180 3574 sed
2211 3527 2274 3575 ad
2304 3528 2468 3577 locum
2499 3529 2581 3579 lib.

1458 3591 1527 3650 ix,
1553 3593 1648 3640 802
1669 3607 1787 3654 sqq„
1811 3591 1895 3640 ubi
1932 3591 2028 3640 Iris
2050 3606 2080 3638 a
2100 3592 2226 3638 Jove
2253 3591 2404 3641 missa
2425 3596 2580 3643 Juno-

1462 3671 1576 3704 nem
1599 3664 1732 3704 vetat
1752 3670 1931 3719 pugnat
1953 3655 2204 3704 interesse.

1526 3721 1801 3768 810—812.
1837 3723 1938 3767 Nee
1961 3727 2026 3776 tu,
2051 3719 2152 3768 scil.
2177 3720 2270 3768 nini
2304 3721 2397 3770 hoc
2430 3723 2500 3771 ita
2531 3739 2586 3772 ee

1460 3785 1676 3833 haberet.
1735 3785 1925 3832 Starem
1958 3782 2010 3831 in
2043 3784 2148 3834 acie
2169 3787 2371 3844 flammis
2402 3792 2552 3836 cincta
2569 3809 2585 3836 .-

1462 3849 1526 3896 ad
1559 3859 1794 3896 terrorem
1825 3847 2009 3896 dictum
2048 3857 2183 3912 puto,
2219 3861 2278 3898 ut
2309 3849 2502 3900 flamma
2535 3851 2586 3900 in

1463 3913 1700 3974 Trojmos
1737 3912 1922 3970 saeviat,
1957 3913 2032 3960 uti
2072 3913 2181 3975 quis
2219 3913 2350 3962 ferro
2389 3915 2590 3991 ignique

1464 3976 1676 4040 grassari
1697 3976 1890 4026 dicitur.
1927 3976 2042 4025 Nisi
2063 3979 2192 4026 nube
2215 3978 2358 4039 ignea
2379 3995 2588 4028 circum-

1467 4041 1580 4089 data
1611 4041 1664 4088 in
1685 4057 1902 4104 pugnam
1923 4040 2120 4104 prodire
2141 4041 2352 4090 voluisse
2375 4043 2586 4094 dixerim

1468 4105 1598 4168 quod
1641 4120 1704 4155 an
1743 4121 1838 4153 usu
1875 4115 2131 4170 poetarum
2171 4108 2418 4169 probetur,
2460 4109 2589 4157 haud

1464 4170 1594 4219 novi.
1654 4169 1896 4218 Fulminis
1919 4169 2028 4218 usui
2051 4169 2136 4218 vix
2157 4169 2292 4218 locus
2317 4183 2404 4219 est.
2471 4175 2590 4221 Tra·

1465 4237 1548 4282 her
1726 4237 1920 4282 Teucros
1953 4237 2140 4282 inimico
2173 4237 2222 4282 ἔτι
2247 4237 2418 4296 ρνωὶἕα
2433 4256 2450 4283 .-
2479 4253 2588 4310 pro,

1468 4300 1684 4347 Teucros
1705 4297 2024 4360 aggredererz
2055 4313 2169 4345 nam
2191 4298 2274 4372 qui
2296 4300 2590 4364 agg-reditur,

1464 4377 1684 4426 pugnare
1705 4377 1872 4411 secum
1890 4362 2098 4411 alterum
2115 4371 2260 4426 cogit,
2275 4363 2518 4428 trahitque
2541 4367 2592 4414 in

1466 4441 1696 4490 pugnam.
