3050 4934
381 271 514 336 254
1274 262 1800 332 AENEIDOS

557 419 704 484 Hos
735 438 898 504 cape
929 418 1208 482 fatorum
1237 416 1537 493 comites;
1582 414 1687 479 his
1716 416 1954 479 moenia
1982 435 2229 498 quau-e,

382 521 512 586 295
556 520 806 605 Magna
833 528 1174 604 pererrato
1203 527 1452 582 statues
1483 537 1632 600 quae
1660 513 1943 599 denique
1972 527 2197 600 ponto·

556 622 664 686 Sic
695 623 820 698 ait3
867 630 936 684 et
963 617 1260 685 manibus
1290 620 1482 683 vittas
1515 617 1919 702 Vestamque
1948 625 2283 702 potentem

553 723 1036 806 AEternumque
1066 721 1280 806 adytis
1310 719 1503 784 effert
1532 718 1975 803 penetralibus
2004 719 2241 802 ignem.

645 823 929 888 Diverso
958 824 1208 887 interea
1236 823 1592 886 miscentur
1620 821 1859 884 moenia
1886 819 2103 896 luctu;

560 924 654 988 Et
682 925 886 1008 magis
903 933 1114 1007 -atque
1143 923 1371 1006 magis,
1403 941 1777 1006 quanquam
1808 931 2061 985 secreta
2090 919 2377 1004 parentis

387 1026 518 1090 300
560 1024 874 1090 Anchisae
901 1025 1132 1089 domus
1162 1024 1638 1107 arboribusque
1666 1023 1931 1086 obtecta
1954 1021 2249 1097 recessit,
2406 1017 2413 1024 ’

563 1125 948 1190 Clarescunt
979 1126 1252 1200 sonitus,
1285 1145 1739 1207 armorumque
1768 1123 2013 1208 ingruit
2036 1122 2291 1186 horror.

568 1227 890 1291 Excutior
921 1247 1168 1303 somno,
1199 1236 1268 1290 et
1299 1215 1528 1289 summi
1559 1224 1818 1308 fastigia
1846 1225 2004 1289 tecti

563 1327 916 1392 Adscensu
945 1347 1209 1411 supere,
1242 1338 1440 1410 atque
1470 1327 1741 1390 arrectis
1772 1327 2039 1390 auribus
2070 1325 2296 1389 adsto:

341 1434 352 1482 ἓ
569 1428 648 1492 In
678 1439 966 1512 segetem
995 1427 1196 1493 veluti
1223 1447 1424 1511 quum
1451 1427 1710 1492 flamma
1734 1426 2102 1491 furentibus
2134 1424 2371 1490 austris

351 1510 366 1617 ¹1
393 1531 523 1594 305
568 1529 826 1608 Incidit,
857 1540 972 1592 aut
995 1530 1266 1614 rapidus
1295 1538 1601 1593 montano
1628 1529 1891 1592 flumine
1920 1537 2175 1592 torrens

362 1626 370 1683 '¹
568 1631 816 1694 Sternit
846 1651 1062 1714 agros,
1097 1631 1328 1694 sternit
1359 1639 1501 1692 sata
1529 1628 1679 1692 laeta
1707 1631 2034 1712 boumque
2063 1628 2343 1704 labores,

365 1710 372 1795 l
572 1731 1082 1816 Praecipitesque
1114 1729 1315 1794 trahit
1345 1729 1573 1806 silvas;
1622 1739 1845 1814 stupet
1874 1729 2113 1793 inscius
2142 1728 2277 1792 alto

570 1831 921 1917 Accipiens
953 1833 1234 1896 sonitum
1259 1831 1400 1895 saxi
1429 1831 1514 1894 de
1542 1832 1785 1894 vertice
1810 1839 2060 1914 pastor.

568 1933 744 1997 Tum
773 1953 931 1996 vero
957 1931 1302 1996 manifesta
1329 1931 1520 2007 fides,
1556 1927 1991 2014 Danaumque
2018 1941 2365 2014 patescunt

399 2036 529 2098 310
573 2034 857 2097 Insidiae.
931 2031 1084 2096 «Iam
1113 2031 1451 2116 Deiphobi
1481 2032 1667 2096 dedit
1696 2030 1907 2116 ampla
1934 2033 2207 2110 ruinam,

571 2133 872 2198 Vulcano
905 2143 1278 2216 superante,
1313 2133 1581 2210 domus3
1620 2135 1757 2217 jam
1784 2135 2119 2218 proximus
2150 2133 2339 2200 ardet

573 2233 949 2318 Ucalegon3
997 2233 1194 2318 Sigea
1223 2233 1357 2318 igni
1387 2233 1557 2298 freta
1585 2233 1717 2298 lata
1746 2232 2061 2300 relucent.

571 2334 890 2399 Exoritur
919 2333 1286 2419 clamorque
1315 2333 1521 2399 viram
1552 2334 1947 2420 clangorque
1976 2337 2302 2400 tubarum.

574 2436 781 2502 Arma
810 2459 1030 2501 amens
1061 2437 1285 2521 capi03
1332 2457 1452 2502 nec
1485 2447 1588 2500 sat
1617 2437 1884 2500 rationis
1914 2438 1981 2502 in
2004 2436 2222 2502 armis·

403 2541 534 2606 315
579 2540 714 2604 Sed
743 2537 1104 2624 glomerare
1133 2559 1394 2602 manum
1421 2536 1617 2614 bello,
1646 2548 1715 2602 et
1744 2559 2133 2602 concurrere
2164 2538 2231 2600 in
2259 2558 2472 2603 arcem

401 2758 717 2824 preferenda,
755 2757 936 2823 quippe
976 2757 1137 2823 poetis
1171 2754 1432 2805 sollennis:
1471 2765 1528 2804 ut
1590 2760 1733 2815 ribus,
1769 2771 1911 2805 aures
1944 2757 2117 2821 arrigo,
2155 2757 2305 2806 veluti
2350 2764 2517 2822 pastor
2547 2761 2723 2820 accipit

401 2823 562 2898 primo
581 2830 770 2887 ponant
785 2837 956 2898 genus,
979 2831 1086 2869 tum
1116 2819 1385 2898 adiungunt
1411 2835 1523 2884 spe-
1590 2829 1776 2882 stupem
1793 2825 2001 2880 sonitum,
2020 2825 2351 2898 qaumflasma
2366 2826 2415 2870 in
2430 2829 2627 2896 segetem
2648 2827 2719 2870 in·

401 2902 528 3000 333¹
545 2885 1526 3014 aeffiffissaz‘ssa‘tt‘zffia‘ssiffi
1592 2889 1730 2998 {m
1748 2885 1904 2998 23¹2?
1928 2885 2721 3014 ffiiffl‘zfssffiwssffi

401 3023 506 3064 tota
525 3025 612 3064 aut
631 3031 734 3064 cum
755 3018 888 3062 vittis
909 3013 1116 3062 dicenda
1131 3023 1274 3071 esset,
1297 3012 1394 3061 vid.
1419 3029 1526 3077 sup.
1594 3023 1645 3062 et
1664 3013 1802 3062 Iliad.
1826 3017 1866 3071 δ,
1882 3017 2155 3063 452-455,
2214 3016 2520 3080 Arg-utantur
2532 3014 2585 3062 in
2601 3015 2725 3064 locis

401 3081 466 3128 ad
487 3095 532 3128 v.
561 3080 668 3137 16⁸,
701 3081 943 3141 Virgineus
975 3081 1080 3126 aaut
1115 3081 1232 3125 dtvae
1271 3081 1531 3140 contingere
1594 3077 1934 3142 comparandis
1956 3079 2172 3128 Macrob.
2196 3079 2371 3144 Scalig-
2390 3078 2564 3128 cerda.
2620 3081 2721 3127 Ps—

401 3147 556 3192 vittaae.
613 3145 834 3190 Fatorum
855 3145 1040 3190 comita
1058 3151 1238 3205 quanto
1299 3142 1529 3201 otentius,
1595 3146 1802 3190 rentibus
1822 3147 1996 3192 austris
2021 3144 2141 3192 dicit
2170 3152 2225 3192 ut
2429 3157 2534 3208 pro,
2558 3143 2725 3192 ventis

403 3221 563 3270 quam,
599 3221 817 3264 errorum,
849 3209 950 3264 via,
974 3221 1158 3254 casuum
1173 3210 1194 3253 Ι
1283 3209 1406 3254 ωηία
1439 3205 1527 3254 int.
1596 3205 1838 3255 flantibus.
1918 3209 2126 3266 Tor-rene,
2195 3225 2261 3270 χε
2277 3209 2463 3272 pappos,
2516 3207 2724 3270 {rapidus

400 3272 572 3320 urbem
608 3267 897 3318 Lavinium:
945 3283 1113 3332 magna
1145 3270 1272 3318 dixit
1302 3279 1531 3335 respectu
1594 3277 1803 3319 montano
1820 3273 2025 3332 flumine,
2049 3281 2220 3321 auctus
2250 3287 2484 3336 aquarum
2514 3272 2724 3321 colluvie

401 3335 575 3384 Romae
593 3334 708 3383 inde
731 3333 976 3390 oriundaez
1011 3343 1066 3382 ut
1087 3344 1139 3382 et
1159 3334 1228 3392 iii,
1252 3333 1358 3382 159.
1394 3338 1527 3398 Ady-
1596 3351 1624 3384 e
1648 3334 1906 3384 montibus.

403 3404 467 3449 tis
503 3401 818 3461 penetralibus
849 3401 982 3460 effert
1000 3417 1016 3445 .·
1064 3398 1198 3448 visus
1241 3409 1318 3447 est
1359 3397 1533 3448 AEneae
1662 3397 1934 3448 309—813.
1975 3399 2089 3448 Tam
2107 3415 2212 3449 vero
2238 3399 2611 3463 manifestam
2641 3415 2723 3449 or—

402 3463 664 3514 somnianti
689 3463 878 3512 Hector
901 3477 964 3511 ex
985 3463 1093 3527 ipsa
1115 3461 1281 3511 Vestoe
1301 3463 1406 3511 ede
1427 3463 1533 3512 deae
1598 3471 1727 3520 nate,
1758 3463 1831 3511 uti
1864 3467 1999 3513 rebus
2018 3467 2139 3526 fides
2159 3469 2271 3528 fleri
2302 3464 2481 3514 dicitur
2512 3473 2693 3514 eventu
2708 3483 2723 3512 ε

401 3528 714 3578 simulacrum
736 3543 848 3576 cum
869 3527 984 3592 igne
1007 3541 1144 3576 sacro
1163 3527 1348 3576 efferre.
1597 3526 1855 3576 manifesta
1874 3530 1977 3590 Jam
2008 3543 2087 3577 res
2116 3538 2234 3578 erat.
2292 3529 2394 3577 Alii
2426 3529 2725 3594 interpretes

470 3593 743 3641 298-800.
784 3588 980 3641 Interea
1013 3595 1124 3640 urbs
1153 3595 1368 3640 miscetur
1388 3594 1529 3650 lactu,
1597 3591 1751 3640 aliter.
1803 3595 2031 3656 Deiphobo·
2074 3593 2247 3642 domus
2324 3593 2451 3642 rima
2490 3593 2721 3650 incensa3

401 3659 450 3707 h.
476 3673 517 3705 e.
537 3657 591 3705 in
613 3659 735 3706 urbe
751 3657 983 3706 miscetur
994 3657 1168 3716 luctus,
1190 3655 1412 3720 ejulatus,
1429 3655 1531 3704 cla·
1597 3656 1805 3706 duxerat
1821 3655 1865 3705 is
1890 3655 2134 3706 Helenam
2250 3667 2270 3706 t
2332 3657 2481 3706 aridis
2502 3665 2725 3706 mortem.

401 3737 523 3780 mor,
558 3724 777 3779 diversae,
813 3737 842 3769 a
873 3721 1080 3770 diversis
1119 3721 1254 3770 urbis
1295 3721 1531 3784 partibus.
1600 3720 1829 3769 Proxima
1854 3721 2027 3770 domus
2058 3722 2165 3771 Uca
2184 3723 2388 3788 egentis,
2412 3723 2495 3798 qui
2525 3737 2554 3770 e
2618 3722 2722 3770 rin-

347 3839 352 3842 ,
403 3789 575 3834 Domus
595 3794 772 3834 secreta
800 3789 987 3834 recessit
1016 3794 1186 3833 ornate
1215 3801 1320 3849 pro,
1347 3793 1424 3833 est
1451 3799 1528 3834 se-
1596 3785 1785 3848 cipibus
1808 3793 1915 3834 erat
1944 3795 1995 3834 et
2026 3785 2079 3834 in
2112 3787 2316 3836 consilio
2352 3785 2548 3844 Priami,
2608 3786 2723 3834 lind.

401 3859 550 3908 creta,
591 3849 825 3898 remotior
856 3865 886 3897 a
915 3849 1082 3897 littore
1115 3858 1166 3896 et
1197 3857 1340 3912 porta
1379 3849 1529 3906 Scoea,
1596 3851 1772 3910 73148.
1795 3851 1935 3912 Sigea
1952 3853 2168 3910 relucent,
2189 3865 2305 3914 pros
2340 3849 2507 3899 icienti
2522 3863 2589 3899 cx
2602 3851 2726 3899 urbe

403 3928 556 3977 eaque
591 3919 730 3977 parte
768 3927 862 3974 qua
901 3911 1079 3961 Achivi
1117 3914 1286 3962 urbem
1323 3913 1532 3976 ingressi
1596 3929 1686 3977 per
1706 3915 1942 3962 tenebras.
1998 3917 2125 3967 Lata
2147 3931 2259 3964 cum
2352 3925 2463 3964 ectu
2496 3915 2545 3962 h.
2569 3915 2601 3962 l.
2634 3929 2725 3978 po-

404 3987 557 4026 erant.
1600 3979 1775 4038 tp'tumg
1812 3991 1925 4025 nam
1956 3978 2055 4026 late
2088 3981 2274 4028 relucet
2306 3995 2439 4028 mare
2460 3977 2590 4028 circa
2608 3993 2727 4042 pro-

469 4043 578 4090 303.
613 4043 850 4090 Adsumit
865 4055 1039 4103 supero,
1057 4053 1148 4104 pro
1169 4041 1426 4098 adscendo,
1452 4057 1531 4090 or·
1598 4041 1895 4091 montorium
1950 4042 1999 4090 S'
2066 4057 2165 4091 um.
2233 4044 2461 4107 Denique
2516 4047 2729 4091 tabern

403 4113 533 4164 nate,
557 4105 610 4154 in
631 4121 688 4154 re
711 4105 860 4154 tenui.
1598 4109 1799 4169 clangor,
1822 4057 2075 4170 Euripffi
2092 4117 2143 4155 et
2163 4109 2455 4172 tragicorum
2485 4121 2627 4156 exem
2662 4107 2727 4165 lo,

468 4171 740 4218 304—-308,
787 4169 1128 4233 Compar-antis
1173 4177 1225 4217 et
1267 4169 1535 4234 comparati
1599 4179 1909 4230 memoratur,
1920 4171 2013 4220 etsi
2024 4171 2188 4221 Iliacis
2198 4172 2497 4238 temporibus
2508 4123 2729 4220 nond'um

403 4231 528 4280 ratio
557 4233 718 4296 primo
751 4233 936 4282 intuitu
957 4247 1056 4282 non
1093 4231 1214 4282 satis
1245 4242 1414 4298 aperte
1443 4234 1528 4282 de-
1598 4235 1735 4283 fuere
1758 4236 1875 4284 tuba
1894 4245 1945 4284 et
1962 4237 2127 4286 lituus.

403 4297 585 4344 clarata
606 4311 712 4346 esse
737 4296 941 4346 videtur.
992 4299 1137 4347 Latet
1149 4307 1312 4347 autem
1332 4298 1383 4345 in
1399 4297 1526 4347 illis=
1664 4299 1936 4350 314—317.
1963 4303 2063 4349 Nec
2082 4310 2160 4350 eat
2180 4305 2389 4360 rationis,
2413 4301 2462 4349 h.
2488 4317 2529 4349 e.
2548 4315 2725 4366 parum

402 4364 598 4409 arrectis
609 4364 801 4408 auribus
817 4364 961 4419 adsto,
979 4371 1029 4410 et
1040 4369 1194 4424 stupet
1209 4365 1438 4424 accipiens
1456 4379 1527 4410 80-
1596 4361 1803 4422 consilii‚
1824 4368 1873 4412 ts
1892 4369 2035 4412 armis
2048 4383 2066 4420 ,-
2100 4381 2191 4414 nec
2210 4365 2329 4413 mihi
2348 4363 2466 4414 satis
2488 4365 2585 4430 ipsi
2605 4381 2723 4414 con·

401 4427 563 4482 nitunt,
585 4432 642 4471 ut
655 4423 726 4472 sic
747 4439 1040 4486 componas:
1078 4429 1209 4474 adsto
1227 4431 1422 4474 arrectis
1444 4443 1527 4474 aa·
1598 4429 1755 4476 stabat
1769 4437 2003 4489 quantum
2016 4429 2094 4478 his
2108 4430 2255 4479 armis
2270 4429 2733 4494 profuturusessem
