3050 4934
1195 240 1540 305 LIBER
1586 242 1734 307 111.

473 381 676 449 Hunc
707 385 984 469 petimus
1015 385 1194 463 fessi,
1227 398 1296 451 et
1323 410 1547 473 parvae
1574 391 1981 456 succedimus
2012 395 2182 458 urbi.

471 484 786 551 Anchora
814 487 899 551 de
923 508 1124 572 prora
1144 489 1422 573 jacitur3
1469 500 1645 555 stant
1672 488 1891 557 littore
1921 516 2203 579 puppes.

563 586 754 670 Ergo
775 587 1108 673 insperata
1137 590 1402 656 tandem
1427 590 1659 656 tellure
1689 594 1902 677 potiti,

478 686 998 773 Lustramurque
1027 690 1077 755 J
1077 692 1203 769 ovi,
1235 692 1535 777 votisque
1565 694 1965 761 incendimus
1994 720 2179 776 aras-3

303 787 432 851 280
475 787 803 874 Actiaque
831 790 1046 856 Iliacis
1073 791 1476 857 celebramus
1507 793 1730 860 littora
1758 796 1979 873 ludis„

473 890 808 957 Exercent
834 895 1082 978 patrias
1113 894 1259 959 oleo
1288 894 1549 961 labente
1577 896 1917 981 palaestras

469 990 936 1058 Nudati-socii.
1012 994 1216 1060 Juvat
1243 998 1531 1061 evasisse
1564 1007 1661 1061 tot
1690 1000 1887 1063 urbes

470 1091 839 1179 ArgolicaS,
865 1096 1246 1181 mediosque
1277 1098 1499 1182 sugam
1527 1100 1817 1165 tenuisse
1845 1123 1969 1185 per
1996 1102 2245 1167 hostes.

471 1194 734 1261 Interea
761 1218 1064 1281 magnum
1095 1197 1193 1263 sol
1223 1199 1745 1265 circumvolvitur
1774 1224 2035 1281 annum,

297 1297 426 1361 285
471 1297 564 1361 Et
591 1296 876 1381 glacialis
907 1299 1116 1364 hiems
1144 1298 1581 1384 Aquilonibus
1612 1314 1875 1388 asperat
1904 1305 2136 1370 undas.

471 1397 638 1463 AEre
669 1421 830 1464 cavo
857 1400 1157 1485 clipeum,
1189 1404 1404 1487 magni
1431 1414 1771 1487 gestamen
1798 1403 2105 1483 Abantia,

470 1498 782 1565 Postibus
813 1498 1104 1567 adversis
1135 1502 1292 1588 figo,
1325 1514 1392 1567 et
1417 1526 1559 1569 rem
1588 1507 1869 1570 carmine
1902 1508 2124 1590 signo:

467 1600 740 1666 AENEAS
772 1622 923 1667 ΠΕΟ
955 1622 1045 1668 ns
1075 1624 1326 1669 nanus
1359 1624 1761 1670 VICTORIBUS
1794 1628 2005 1671 Anus.

466 1702 797 1786 Linquere
827 1714 966 1768 tum
995 1717 1225 1789 portus
1246 1707 1477 1791 jubeo,
1510 1717 1579 1771 et
1606 1709 1948 1773 considere
1980 1712 2315 1774 transtrisx

293 1803 424 1866 290
469 1802 783 1869 Certatim
813 1808 971 1871 socii
999 1806 1243 1871 feriunt
1270 1829 1471 1885 mare,
1502 1819 1573 1873 et
1601 1831 1869 1893 aequora
1896 1818 2184 1873 verrunt.

291 1979 338 2019 et
369 1973 601 2033 Apollinis
621 1970 802 2035 sanum.
871 1972 1192 2021 Manifestum
1225 1980 1300 2021 est
1330 1988 1418 2037 po-

293 2044 422 2083 etam
445 2036 548 2085 haec
574 2036 840 2085 inseruisse
870 2036 925 2084 in
957 2036 1170 2099 Augusti
1196 2036 1420 2111 gratiam,

287 2114 320 2147 a
343 2114 440 2162 quo
461 2100 516 2148 in
537 2099 754 2149 victorie
775 2101 992 2150 Actiacae
1013 2116 1298 2149 memoriam
1317 2100 1422 2149 ludi

291 2163 485 2212 Actiaci
541 2164 925 2228 quinquennales
988 2164 1202 2213 instituti
1267 2174 1419 2213 erant.

292 2227 496 2276 Actium
513 2228 676 2292 igitur,
698 2244 797 2277 non
817 2228 1019 2288 Leucas,
1038 2244 1420 2277 commemoran-

291 2292 410 2340 dum
437 2302 558 2341 erat.
613 2294 737 2349 Quae
769 2294 849 2342 hic
883 2304 1166 2357 sequuntur,
1199 2294 1328 2369 quod
1360 2294 1422 2342 ad

290 2356 383 2405 hoc
405 2356 575 2405 fanum
595 2358 889 2422 appulerint,
911 2358 1178 2421 urbemque
1204 2368 1416 2406 intrave-

289 2420 404 2477 rint,
419 2420 656 2484 ludosque
669 2421 899 2471 Actiacos
909 2421 1289 2478 celebraverint3
1313 2436 1424 2470 meo

290 2484 615 2550 qualicunque
627 2487 816 2549 Judicio
833 2487 894 2535 ad
911 2488 1120 2536 alterum
1138 2495 1420 2551 promonto-

289 2678 412 2727 dum
447 2688 501 2727 et
735 2689 871 2729 tutus
902 2689 954 2729 et
981 2680 1150 2728 fanum
1179 2680 1292 2744 Apo
1327 2678 1424 2728 inis

293 2742 500 2791 Actiaci.
561 2744 678 2792 Fuit
691 2744 856 2793 nobile
869 2746 962 2793 hoc
985 2744 1236 2809 templum,
1261 2744 1422 2857 ifflue,

289 2809 711 2857 utnuncexh.l.
737 2808 842 2857 inte
879 2808 892 2821 ⁹
931 2808 1120 2867 ‘tm-,in
1149 2808 1256 2857 loco
1337 2808 1420 2866 ito,

293 2886 358 2920 ex
379 2886 518 2921 more
541 2872 849 2937 templormn.
939 2884 1082 2937 taque
1112 2875 1238 2922 bene
1274 2874 1419 2922 Pom·

289 2952 404 3000 pon.
429 2938 543 2986 sab.
568 2941 746 3000 Apollo,
779 2941 833 2986 id
851 2946 935 2995 est,
950 2954 1066 3001 pars
1091 2941 1176 2986 illa
1203 2954 1344 2987 saxeo
1371 2942 1422 2986 is

291 3018 384 3063 qna
405 3005 623 3065 ees-plm-
645 3006 876 3065 Apolls'nis
893 3011 1010 3051 emt.
1256 3066 1268 3077 ·
1355 3066 1366 3077 ·

355 3066 468 3117 27⁹.
507 3066 786 3130 Antequam
815 3066 1042 3116 ludorum
1064 3066 1303 3115 sollennia
1325 3076 1420 3115 nte

288 3130 530 3207 celebrari
573 3132 777 3195 possint,
823 3132 1104 3197 expiatione
1147 3141 1210 3206 et·
1241 3130 1416 3179 lustra-

287 3206 432 3318 ’τε
447 3205 742 3309 tusa..
756 3198 1422 3335 tranfusum?

289 3324 418 3373 ritur
450 3334 630 3383 tamen,
659 3340 750 3373 cur
777 3324 908 3383 Iovi,
937 3340 1034 3373 non
1071 3325 1306 3389 Apollini,
1339 3338 1421 3372 cui

291 3388 394 3438 ludi
434 3388 534 3454 ipsi
570 3388 784 3438 instituti
821 3404 930 3438 esse
965 3390 1211 3438 debuere?
1271 3388 1422 3436 Varia

289 3462 568 3503 minema
599 3452 736 3503 vides
768 3454 823 3502 in
857 3454 1118 3503 Servianis.
1187 3452 1285 3501 Sed
1316 3452 1418 3516 pri·

291 3532 428 3567 mum
473 3516 538 3567 ad
581 3518 938 3569 observandum
991 3519 1044 3565 in
1088 3526 1286 3583 promtu
1329 3524 1419 3574 est,

291 3582 516 3633 sollenne
547 3582 700 3632 finisse
733 3582 910 3647 priscis
943 3582 1236 3641 bominibus,
1273 3590 1329 3630 ut
1368 3581 1419 3629 in

291 3647 446 3697 sacris
469 3647 744 3711 cuicunque
763 3648 966 3696 deomm
998 3646 1138 3696 factis
1159 3648 1334 3695 Jovem
1367 3646 1420 3693 in

289 3722 484 3825 mn
501 3720 746 3761 vocarent.
827 3712 984 3761 Porro
1023 3711 1327 3777 expiationes
1371 3718 1422 3758 et

469 3776 608 3825 ‘ones
626 3776 826 3843 proprie
847 3777 908 3825 ad
928 3779 1106 3826 Iovem
1127 3775 1419 3832 referuntur,

289 3841 474 3907 quippe
493 3840 705 3890 ultorem
727 3852 780 3891 et
803 3842 1046 3891 vindicem
1067 3840 1215 3890 coedis
1235 3838 1418 3887 omnis-

289 3920 384 3968 que
459 3904 625 3963 iacun,
707 3906 805 3955 uod
855 3906 1152 3971 expiandum
1199 3913 1300 3953 estz
1359 3903 1418 3951 cf.

293 3972 336 4018 Α
441 3986 524 4019 on.
563 3970 644 4019 nh
756 3970 820 4029 iv,
857 3972 968 4029 699,
997 3971 1094 4023 700
1123 3984 1193 4032 sq.
1244 3968 1418 4017 Piacu-

293 4034 394 4083 lum
423 4035 476 4083 in
511 4035 594 4083 Ha
655 4034 761 4099 yias
795 4035 1106 4083 commissum
1139 4042 1280 4099 potes
1307 4048 1421 4081 cum

293 4098 466 4148 Servio
499 4098 612 4162 sigi}
663 4099 754 4147 tim
777 4100 874 4148 huc
905 4100 1112 4148 nahere-
1187 4100 1314 4147 Votis
1347 4102 1418 4146 in-

293 4168 526 4213 oendffnsae
545 4180 674 4221 aas,
697 4163 852 4223 docte,
875 4180 978 4229 pro,
1005 4171 1117 4211 vota
1148 4162 1201 4210 in
1223 4162 1322 4211 aris
1344 4160 1420 4211 vel

293 4226 580 4293 impositum
605 4229 718 4277 thus
739 4238 790 4277 et
814 4228 1087 4283 victimam3
1117 4227 1189 4275 uti
1211 4226 1340 4275 dona
1361 4226 1422 4275 de

293 4292 520 4351 victimis,
544 4292 608 4341 de
629 4292 876 4351 libatione,
897 4302 948 4341 et
975 4292 1178 4355 reliquis
1199 4292 1251 4339 in
1273 4290 1424 4341 sacris

291 4357 400 4407 fleri
433 4356 612 4409 solitis.
683 4354 800 4415 Alii,
831 4360 960 4415 votis,
985 4366 1206 4405 votorum
1237 4354 1420 4420 persol-

291 4424 566 4475 nudorum
605 4436 768 4471 aius.
849 4423 978 4471 Nam
1019 4420 1084 4472 ds
1121 4418 1428 4484 εὐχαριστίαν

1487 1972 1700 2021 instituti
1738 1972 1857 2031 ludi,
1892 1972 2003 2021 ideo
2042 1972 2220 2033 subdit,
2246 1974 2389 2038 juvat
2422 1980 2616 2027 evasisse

1488 2044 1556 2084 tot
1578 2040 1713 2085 urbes
1736 2046 1827 2085 etc.

1552 2102 1661 2149 280.
1698 2102 1903 2167 Proprie
1933 2102 2037 2150 ludi
2060 2102 2251 2151 Actiaci
2273 2104 2508 2153 celebrari
2537 2105 2611 2153 di-

1485 2164 1631 2212 cendi
1670 2176 1824 2214 erant.
1907 2166 2004 2214 Sed
2042 2166 2345 2229 exquisitius,
2386 2169 2616 2231 quoniam

1485 2226 1623 2277 locus
1664 2230 1919 2283 hominum
1972 2226 2249 2293 frequentia
2296 2236 2523 2281 celebrari
2566 2244 2619 2283 et

1484 2292 1592 2357 ipse
1614 2293 1806 2352 dicitur,
1831 2298 1965 2343 littae
1985 2298 2173 2343 Actium
2200 2296 2246 2343 h.
2271 2312 2313 2343 e.
2338 2297 2611 2356 Actiacum,

1485 2358 1787 2415 memoravit,
1820 2368 1871 2407 et
1902 2361 2030 2407 ludos
2062 2360 2232 2407 Iliacos
2268 2360 2480 2423 Trojano
2514 2362 2615 2410 ritu

1487 2421 1693 2470 habitos.
1760 2422 2007 2471 Videntur
2027 2432 2193 2471 autem
2216 2425 2321 2486 jam
2348 2425 2617 2487 antiquitus

1486 2485 1591 2533 ludi
1612 2486 1675 2534 ad
1698 2486 1895 2535 Actium
1916 2487 2147 2535 celebrati
2178 2503 2297 2545 esse,
2327 2503 2447 2551 quos
2470 2499 2615 2553 poeta

1485 2549 1737 2599 commode
1760 2550 1813 2598 in
1836 2566 1939 2599 rem
1962 2566 2100 2599 suam
2122 2550 2282 2599 vertit.
2326 2552 2615 2602 Successere

1485 2614 1789 2663 celeberrimi
1826 2614 1931 2663 ludi
1964 2614 2152 2663 Actiaci
2189 2616 2250 2663 ab
2286 2617 2525 2679 Augusto,
2559 2628 2616 2667 ut

1487 2678 1717 2737 diximus,
1754 2678 1807 2727 in
1837 2678 2053 2727 victoriae
2084 2678 2301 2728 Actiscae
2328 2681 2614 2731 memoriam

1485 2742 1715 2792 instituti.

1570 2809 1679 2856 281.
1738 2809 2005 2866 Pastum,
2058 2822 2149 2872 pro
2196 2807 2325 2857 ludis
2374 2810 2615 2873 gymnicis

1483 2868 1625 2920 dixit.
1706 2875 1815 2921 Oko
1849 2874 2041 2931 labente,
2084 2888 2147 2921 ex
2178 2870 2339 2931 uisite,
2370 2874 2501 2936 quod
2536 2874 2610 2923 di-

1485 2936 1679 2994 labitur,
1702 2935 1895 2994 diffluit,
1916 2936 2109 3001 corpori
2130 2888 2323 2986 illitum.

1550 3002 1661 3049 283.
1918 3005 2129 3059 tenuisse,
2162 3010 2219 3050 ut
2252 3001 2339 3050 inf.
2370 3002 2469 3050 686
2504 3019 2610 3051 cur-

1483 3082 1583 3113 sant
1626 3074 1791 3114 unere.
1874 3066 2011 3114 Bene
2056 3066 2193 3115 Serv.
2225 3064 2435 3129 feliciter
2476 3070 2607 3116 naso·-

1481 3146 1662 3252 gmssl,
1687 3195 1795 3241 286.
1832 3197 1911 3242 Sol
1938 3198 2067 3243 cirea·
2064 3198 2305 3244 novabitur
2328 3212 2513 3253 annum,
2546 3196 2614 3247 eis

1483 3257 1564 3307 vel
1586 3258 1723 3316 κατὰ,
1747 3258 1819 3306 sic
1840 3268 1898 3307 ut
1918 3274 2077 3307 annus
2098 3260 2389 3318 absolvatur,
2414 3270 2613 3324 peracto

1484 3337 1651 3371 annuo
1666 3322 1783 3371 solis
1800 3338 1961 3372 cursu.
2006 3326 2231 3387 Magnus·
2246 3340 2429 3381 annun,
2450 3325 2611 3389 simpl.

1485 3386 1549 3435 ad
1584 3396 1822 3445 ornatum,
1859 3388 2089 3450 quoniam
2126 3388 2305 3437 multos
2343 3388 2449 3437 dies
2482 3387 2615 3437 intra

1483 3466 1539 3498 se
1560 3450 1805 3507 contine&
1838 3461 1897 3500 ut
1911 3454 2015 3513 jam
2034 3451 2155 3499 alias
2176 3460 2411 3500 notatum.
2432 3514 2444 3525 ⁸
2461 3455 2609 3514 Aspe-

1483 3523 1713 3627 misfo—
1748 3514 2063 3627 εῗςυὰἔῗῖῗ
2084 3515 2516 3635 ριῖοἷῖιιιῑῖζωοῖἓ
2546 3579 2607 3628 ti-

1487 3643 1589 3691 tulo
1610 3642 1860 3717 inscripto,
1884 3642 2014 3691 inter
2072 3641 2241 3691 onaria
2259 3642 2511 3706 suspensis
2532 3658 2612 3693 res

1481 3717 1614 3756 nota.
1685 3708 1809 3763 Quis
1847 3708 1983 3755 Abas
2026 3704 2109 3755 ille
2153 3706 2231 3764 sit,
2273 3709 2412 3768 cuius
2448 3716 2610 3783 gesta·

1483 3787 1615 3829 men,
1656 3770 1859 3835 φόρημιι,
1898 3769 2085 3835 clipeus
2125 3780 2244 3830 erat,
2286 3769 2417 3819 inter
2455 3782 2609 3819 mter·

1576 3845 1651 3885 tes
1674 3852 1773 3885 non
1794 3844 2013 3891 consum
2048 3844 2100 3883 et
2130 3850 2219 3900 per
2250 3850 2302 3884 se
2328 3850 2502 3899 parum
2530 3850 2608 3884 re·

1628 3900 1770 3949 scire.
1856 3900 2045 3949 Ducem
2099 3900 2251 3949 finisse
2301 3900 2609 3957 Achaeorum,

1485 3966 1689 4014 fortasse
1720 3980 1783 4014 ex
1812 3964 2088 4014 Abantibus
2119 3965 2335 4022 Euboeae,
2359 3965 2421 4012 ab
2450 3964 2614 4013 AEnea

1485 4046 1665 4079 casum
1702 4040 1753 4078 et
1782 4030 2059 4093 spoliatum,
2092 4029 2291 4077 credere
2321 4028 2451 4077 licet.
2506 4032 2609 4077 Aa·

1485 4097 1643 4153 ursis,
1678 4104 1846 4151 ornata
1890 4093 1941 4141 in
1975 4093 2147 4158 templi
2183 4092 2332 4141 aditu.
2400 4095 2609 4151 Carnes,

1485 4160 1549 4207 de
1570 4174 1669 4207 uno
1692 4174 1851 4216 verm,
1886 4166 2053 4207 tenere
2076 4167 2127 4205 te
2152 4172 2251 4206 non
2284 4158 2441 4207 debet.
2496 4160 2613 4207 Haec

1487 4240 1632 4281 ama,
1663 4224 1793 4271 hunc
1822 4222 2035 4286 clipeum
2066 4220 2394 4271 consecravit:
2432 4221 2617 4273 Alnus

1487 4287 1582 4337 ὰπὸ
1602 4290 1699 4336 τᾶν
1719 4289 1933 4335 Δαναῶν·
1964 4295 2023 4334 ut
2042 4286 2092 4334 in
2116 4285 2265 4335 simili
2286 4302 2339 4335 re
2362 4302 2504 4362 saepe.

1556 4352 1829 4401 289—298.
1878 4353 2047 4401 Portus
2086 4352 2288 4401 Portum
2328 4353 2614 4402 Actiacum:

1489 4416 1587 4467 vid.
1620 4416 1682 4465 ad
1706 4432 1749 4465 v.
1776 4415 1888 4475 274,
1922 4416 2031 4468 275.
2090 4420 2332 4467 considere
2363 4420 2619 4465 transtris.-
