3050 4934
946 762 1849 847 AENEIDOS

1147 1091 1489 1157 LIBER.
1534 1092 1667 1159 VI.

1068 1502 1750 1551 ARGUMENTUM.

252 1630 440 1679 Cumas
461 1628 693 1677 advectum
715 1628 914 1687 AEneas,
939 1638 1134 1678 antrum
1158 1628 1355 1693 Sibyllae
1386 1629 1525 1695 petit,
1549 1637 1842 1693 peractoque
1876 1629 1938 1676 de
1971 1643 2106 1677 more
2128 1628 2379 1688 sacrificio,
2400 1629 2571 1679 Pboebi

322 1708 575 1757 oracidum
595 1707 834 1765 consulit,
869 1708 938 1757 ibi
962 1718 1013 1757 et
1043 1708 1280 1757 instantia
1305 1707 1524 1773 pericula
1558 1718 1608 1756 et
1631 1707 1779 1757 futuri
1803 1707 1918 1756 belli
1943 1716 2173 1757 eventum
2191 1708 2337 1757 discit
2365 1712 2568 1759 1—155.

322 1788 511 1838 Miseni
531 1789 739 1838 cadaver
760 1789 812 1838 in
834 1788 997 1838 littore
1015 1789 1271 1837 inventum
1293 1789 1550 1847 comburit,
1577 1788 1902 1851 reliquiasque
1933 1790 2026 1837 sub
2057 1788 2283 1853 proximo
2304 1800 2470 1838 monte
2492 1806 2569 1839 se-

318 1868 457 1934 pelit,
480 1868 565 1932 qui
589 1868 775 1917 Miseni
796 1882 975 1917 nomen
993 1870 1055 1918 ab
1072 1869 1159 1917 illo
1176 1868 1565 1918 obtinuit—285.
1605 1868 1729 1916 Inde
1754 1868 2087 1917 columbarum
2122 1867 2272 1916 ductu
2290 1869 2353 1917 ad
2371 1883 2574 1925 aureum

318 1964 511 1999 ramum
532 1948 786 2015 pervenit3
821 1964 917 2012 quo
932 1948 1178 2013 decerpto,
1202 1948 1519 2012 mactatisque
1541 1947 1715 1997 hostiis
1744 1949 1862 1997 deos
1887 1946 2068 1995 inferos
2091 1956 2365 2007 veneratus,
2391 1948 2575 2013 Sibylla

321 2028 446 2077 duce
466 2044 557 2093 per
577 2028 763 2078 Averni
788 2028 951 2078 fauces
972 2029 1035 2078 ad
1057 2028 1239 2079 inferos
1261 2029 1596 2078 tendit—386.
1633 2028 1933 2085 Palinurum,
1958 2027 2086 2091 quod
2113 2028 2358 2092 sepulchri
2388 2029 2574 2078 bonore

320 2119 521 2167 careret,
541 2108 672 2157 circa
687 2108 906 2173 stygiam
918 2108 1146 2172 paludem
1164 2110 1471 2158 oberrantem
1484 2109 1697 2165 invenit;
1715 2124 1923 2171 eumque
1935 2123 2036 2157 una
2051 2108 2104 2157 in
2119 2108 2400 2159 ulteriorem
2414 2110 2576 2173 ripam

320 2187 545 2251 sujicere
565 2186 845 2252 cupientem
876 2187 1059 2252 Sibylla
1086 2188 1326 2253 prohibet,
1346 2188 1722 2253 cenotaphiique
1747 2198 1798 2237 et
1828 2189 2168 2251 exsequiarum
2189 2204 2278 2253 spe
2299 2190 2576 2239 consolatur

322 2270 498 2316 —883.
535 2268 655 2316 Post
674 2266 779 2315 hzec
810 2266 1009 2331 Stygem
1044 2270 1273 2331 trajectus
1296 2268 1495 2327 AEneas,
1520 2270 1829 2333 Cerberoque
1863 2268 2117 2317 medicatis
2149 2268 2256 2318 offis
2289 2270 2462 2335 sopito,
2486 2286 2576 2335 per

322 2348 429 2397 loca
444 2346 719 2405 infantium,
740 2362 1005 2410 eorumque
1025 2347 1109 2411 qui
1133 2348 1253 2397 falso
1270 2347 1475 2397 crimine
1496 2349 1714 2399 damnati
1746 2349 1906 2413 capite
1932 2336 2228 2413 supplicium
2249 2349 2457 2408 lucrant,
2481 2350 2577 2400 iter

322 2428 519 2485 faciens,
542 2426 767 2491 pervenit
788 2426 851 2475 ad
868 2428 1035 2477 sedem
1056 2444 1223 2477 eorum
1246 2428 1329 2491 qui
1346 2429 1527 2478 amoris
1542 2429 1850 2492 impatientia
1863 2444 2038 2477 manus
2059 2429 2151 2479 sibi
2175 2430 2576 2479 consciverant—

322 2510 434 2557 449.
473 2506 551 2556 Ibi
574 2506 761 2556 Elisam
780 2508 1088 2572 conspicatus
1108 2524 1221 2558 cum
1238 2508 1355 2558 eise
1370 2508 1758 2574 purgarevellet,
1777 2507 1862 2557 illa
1875 2508 2242 2571 indignabunda
2261 2518 2577 2574 conspectum

325 2588 430 2651 ejus
445 2586 791 2651 effigit—476.
831 2588 953 2637 Inde
970 2604 1257 2655 progressus
1275 2588 1590 2654 Deiphobum
1602 2588 1656 2637 in
1671 2586 1868 2637 sedibus
1890 2602 2058 2636 eorum
2072 2588 2154 2650 qui
2172 2588 2301 2637 bello
2317 2590 2577 2653 aliquando

324 2667 599 2717 claruerant
620 2666 787 2715 multis
808 2668 1093 2717 vulneribus
1114 2668 1330 2718 lacerum
1351 2668 1605 2734 conspicit,
1629 2668 1860 2732 necisque
1892 2670 1996 2731 ejus
2019 2666 2276 2731 indignum
2295 2670 2492 2718 modum
2515 2671 2579 2719 ab

326 2747 435 2813 ipso
454 2748 860 2797 edocetur—580.
897 2747 1091 2797 Relicto
1126 2748 1304 2797 deinde
1339 2750 1401 2799 ad
1432 2750 1606 2799 laevam
1640 2750 1859 2807 Tartaro,
1883 2749 2322 2812 sceleratorumque
2355 2766 2525 2814 poenas
2547 2766 2578 2799 a

326 2827 509 2892 Sibylla
529 2826 905 2885 edoctus—627,
926 2828 989 2875 ad
1012 2827 1146 2876 Ditis
1168 2828 1325 2892 ipsius
1358 2830 1541 2879 moenia
1572 2830 1837 2887 contendit,
1861 2844 2160 2892 aureumque
2181 2845 2372 2879 ramum
2393 2830 2446 2879 in
2467 2830 2577 2893 ipso

324 2907 471 2971 regie
503 2906 675 2955 limine
708 2906 1053 2971 defigit—636.
1104 2908 1225 2957 Post
1260 2910 1365 2957 haec
1401 2909 1463 2957 ad
1500 2908 1856 2957 fortunatorum
1891 2908 2032 2957 sedes
2062 2908 2158 2957 iter
2191 2907 2418 2967 instituit,
2460 2918 2512 2958 et
2547 2924 2578 2958 a

328 2988 517 3036 Musaeo
537 2987 600 3037 ad
619 2997 810 3053 patrem
832 3002 975 3035 suum
1008 2987 1422 3053 perducitur—67
1426 2990 1469 3036 8.
1510 2988 1588 3037 Ibi
1609 2988 1852 3038 Anchises
1876 2988 2086 3037 AEneam
2113 2988 2270 3037 filium
2305 2988 2577 3039 animarum

324 3066 577 3131 originem,
598 3066 953 3131 purgationem,
975 3076 1027 3115 et
1041 3067 1509 3118 consummationem
1531 3067 1717 3127 edocet,
1737 3068 1879 3131 eique
1897 3069 2200 3117 Albanorum
2217 3069 2573 3119 Romanorum-

324 3162 419 3211 que
438 3162 611 3211 regnm
630 3162 889 3197 recensum
926 3146 1057 3205 iacit,
1096 3147 1428 3211 nobiliumque
1465 3148 1650 3211 aliquot
1685 3148 2020 3198 Romanorum
2050 3148 2250 3198 nomina
2269 3166 2577 3215 percurrens,

324 3229 388 3278 ad
408 3228 527 3277 sulii
553 3227 760 3277 Caesaris
782 3238 833 3277 et
853 3228 1067 3292 Augusti
1086 3228 1256 3279 laudes
1278 3230 1720 3286 descendit—8603
1759 3230 2144 3293 Marcellumque
2166 3232 2383 3280 Octavia!
2405 3232 2577 3291 fllium,

324 3307 583 3359 immatura
602 3318 757 3357 morte
777 3320 1088 3373 praereptum,
1112 3308 1251 3357 miris
1272 3308 1325 3357 in
1356 3310 1534 3357 coelum
1566 3308 1792 3358 laudibus
1822 3308 2136 3362 effert—887.
2175 3311 2298 3360 Inde
2319 3328 2409 3379 per
2431 3315 2574 3361 ebur-

324 3404 467 3439 neam
484 3396 677 3453 portam
698 3387 761 3437 ad
779 3402 982 3453 superos
1002 3404 1241 3452 egressus,
1264 3388 1421 3438 socios
1438 3388 1623 3448 revisit,
1642 3388 1922 3452 relictisque
1939 3391 2110 3441 Cumis
2131 3392 2349 3441 Caietam
2371 3392 2511 3456 petit.

436 3586 561 3667 Slc
590 3601 766 3667 fatur
786 3600 1128 3666 lacrimans
1134 3648 1153 3678 ,
1184 3599 1505 3686 classique
1535 3602 1817 3665 immittit
1841 3601 2172 3677 habenas3

438 3703 531 3769 Et
558 3703 823 3767 tandem
854 3702 1167 3767 Euboicis
1198 3702 1550 3767 Cumarum
1579 3700 1882 3767 allabitur
1911 3702 2064 3765 oris.

330 3906 443 3955 Hoc
464 3904 737 3969 episodium
759 3903 873 3955 libri
890 3904 1019 3954 sexti
1036 3907 1098 3953 ab
1112 3904 1389 3968 argumenti
1453 3920 1650 3955 carmen
1681 3904 1876 3980 epicum
1905 3914 2200 3964 coerceamr,
2233 3916 2305 3963 ut,
2335 3908 2580 3957 variandae

262 3970 492 4021 AEneidis
524 3984 715 4019 summa
742 3970 971 4027 alienum,
1005 3970 1170 4035 paullo
1194 3969 1388 4033 longius
1452 3970 1746 4019 narrationis
1781 3968 2152 4033 depellendique
2187 3972 2442 4020 subeuntis
2479 3972 2576 4021 fas-

262 4034 487 4099 petimm,
504 4044 558 4083 et
574 4033 627 4081 in
644 4034 1077 4097 magnasuavitate
1096 4034 1389 4084 narrationis
1452 4034 1564 4083 tidii
1591 4050 1752 4093 causa,
1785 4035 1848 4083 ad
1883 4034 1979 4082 alia
2004 4044 2303 4093 ornamenta,
2335 4036 2484 4085 etiam
2514 4037 2578 4085 ad

262 4114 463 4149 cun-sum
494 4098 683 4156 sistere,
716 4098 785 4147 im
850 4108 954 4147 tum
988 4098 1225 4157 inhibere,
1261 4114 1384 4147 non·
1453 4099 1662 4149 seriores
1715 4098 1956 4157 historias,
2011 4098 2286 4147 descendat.
2356 4100 2578 4149 Maronis

264 4164 386 4213 nulli
420 4171 730 4212 censuerunt.
844 4178 903 4211 oc
938 4180 1055 4213 vero
1086 4173 1163 4213 est
1193 4172 1387 4227 poetam
1453 4174 1618 4213 autem
1641 4179 1745 4213 mos
1763 4162 1846 4211 ille
1863 4172 1939 4211 est
1955 4172 2235 4227 perpetuus,
2257 4171 2327 4222 ut,
2345 4164 2464 4213 dum
2483 4165 2574 4214 mi-

262 4228 316 4276 in
338 4226 561 4276 ordinem
576 4242 765 4291 cogere,
786 4227 847 4277 ad
865 4228 1111 4277 annualium
1132 4228 1389 4277 formulam
1453 4228 1643 4277 ratione
1685 4242 1852 4275 rerum
1903 4242 2138 4275 novarum
2181 4238 2234 4275 et
2273 4227 2577 4278 insolitarum

262 4308 513 4350 revocare,
547 4302 599 4339 et
628 4306 799 4341 omnes
832 4292 1019 4367 ingenii
1048 4292 1180 4341 vires
1212 4292 1387 4345 infrin-
1454 4292 1644 4341 animos
1661 4289 1964 4339 audientium
1983 4300 2161 4349 teneat,
2181 4292 2424 4351 vaticinia,
2447 4310 2575 4343 som-

262 4372 394 4419 gere.
466 4357 559 4405 Est
596 4356 727 4405 enim
762 4358 853 4405 boc
892 4365 1023 4406 mter
1064 4368 1223 4421 poem
1262 4356 1389 4421 epici
1455 4356 1553 4414 nia,
1589 4356 1736 4404 etiam
1777 4364 2078 4403 mortuorum
2117 4370 2365 4431 responsa,
2403 4357 2578 4407 future

264 4420 483 4479 artificia,
518 4436 629 4469 cum
668 4420 721 4470 in
756 4436 855 4471 una
888 4420 1078 4471 actione
1118 4421 1391 4471 detexenda
1454 4418 1635 4469 sobolis
1653 4434 1921 4477 recensum,
1948 4418 2000 4469 in
2033 4419 2303 4471 subsidium
2335 4422 2574 4473 adhibeat.
