3050 4934
494 234 623 297 610

1353 233 1881 297 AENEIDOS

490 384 618 446 855
664 383 823 459 Cur,
854 382 1082 467 inquit,
1117 385 1413 448 diversus
1444 385 1634 449 abis?
1681 384 1812 447 huc
1842 383 2050 467 dirige
2079 404 2398 467 gressum,

662 484 815 549 Huc
846 486 1133 569 periture
1163 486 1344 565 veni3
1392 488 1610 569 capias
1641 496 1714 549 ut
1740 486 1939 569 digna
1967 483 2252 549 Camillae

660 586 956 649 Praemia.
1032 586 1225 651 Tune
1257 588 1449 651 etiam
1479 587 1624 652 telis
1653 588 1927 652 moriere
1958 585 2236 650 Dianoe?

660 687 869 763 Dixit,
902 699 970 751 et
1000 700 1227 753 aurata
1258 688 1586 753 volucrem
1615 687 1936 753 Threissa
1967 689 2267 772 sagittam

656 788 1039 873 Depromsit
1066 790 1399 875 pharetra,
1432 812 1766 873 cornuque
1795 788 2050 855 infensa
2079 788 2378 866 tetendit,

492 890 620 953 860
666 888 759 953 Et
788 892 977 955 duxit
1006 891 1221 976 longe,
1254 893 1463 957 donec
1492 901 1761 957 curvata
1789 892 2040 955 coirent

654 991 833 1055 Inter
864 1014 935 1057 se
964 994 1199 1075 capita,
1230 1004 1299 1057 et
1326 994 1622 1057 manibus
1644 994 1780 1076 jam
1810 1003 2108 1077 tangeret
2137 993 2363 1074 aequis,

660 1094 859 1157 Laeva
888 1095 1089 1158 aciem
1118 1094 1296 1171 ferri,
1329 1096 1566 1159 dextra
1591 1115 1921 1177 nervoque
1951 1092 2274 1177 papillam.

656 1195 1007 1278 Extemplo
1036 1195 1147 1259 teli
1180 1196 1521 1259 stridorem
1551 1216 1869 1277 aurasque
1901 1203 2205 1257 sonantes

654 1296 887 1361 Audiit
917 1320 1047 1361 una
1076 1296 1356 1373 Atrum,
1387 1296 1708 1379 hoesitque
1737 1296 1804 1359 in
1834 1316 2108 1379 corpore
2139 1293 2402 1358 ferrum.

478 1402 605 1463 865
651 1398 838 1463 Illum
866 1401 1305 1483 exspirantem
1338 1400 1493 1463 socii
1522 1409 1719 1482 atque
1749 1408 2040 1462 extrema
2067 1407 2432 1481 gementem

654 1500 863 1565 Obliti
892 1502 1117 1585 ignoto
1147 1523 1519 1585 camporum
1547 1502 1614 1563 in
1643 1498 1912 1583 pulvere
1941 1498 2278 1583 linquunt3

652 1603 820 1686 Opis
851 1603 936 1667 ad
967 1602 1305 1667 aetherium
1333 1602 1564 1686 pennis
1593 1600 1887 1665 aufertur
1918 1600 2289 1685 Olympum.

739 1705 957 1768 Prima
986 1704 1176 1789 fugit,
1208 1705 1468 1769 domina
1495 1704 1750 1781 amissa,
1780 1702 1940 1767 levis
1971 1702 2072 1765 ala
2101 1700 2419 1765 Camillae:

648 1803 931 1869 Turbati
960 1804 1219 1889 fugiunt
1248 1802 1519 1882 Rutuli;
1567 1804 1736 1889 fugit
1764 1825 1913 1868 acer
1940 1800 2211 1881 Atinas;

479 1906 606 1969 870
650 1906 1061 1991 Disjectique
1092 1905 1295 1971 duces
1325 1905 1730 1989 desolatique
1760 1903 2019 1987 manipli

648 2005 829 2071 Tuta
857 2018 1113 2092 petunt,
1146 2017 1215 2071 et
1242 2008 1427 2091 equis
1458 2007 1667 2071 aversi
1697 2006 1780 2069 ad
1811 2005 2048 2069 moenia
2077 2004 2377 2069 tendunt.

646 2108 792 2172 Nec
824 2109 1165 2192 quisquam
1194 2110 1511 2172 instantes
1543 2106 1838 2170 Teucros
1867 2105 2248 2190 lethumque
2278 2105 2562 2171 ferentes

649 2209 1035 2272 Sustentare
1066 2206 1236 2272 valet
1266 2208 1433 2285 telis,
1467 2219 1581 2272 aut
1611 2209 1839 2271 sistere
1870 2218 2129 2272 contra:

646 2308 781 2373 Sed
811 2308 995 2372 laxos
1026 2308 1319 2373 referunt
1347 2308 1634 2373 humeris
1665 2308 2124 2394 languentibus
2156 2308 2344 2375 arcus
2365 2336 2388 2401 3,

476 2412 603 2475 875
650 2410 1302 2494 Quadrupedumque
1334 2420 1593 2495 putrem
1620 2432 1819 2475 cursu
1845 2413 2056 2495 quatit
2085 2410 2329 2497 ungula
2357 2431 2673 2494 campum.

648 2510 951 2576 Volvitur
980 2512 1065 2575 ad
1096 2534 1313 2576 muros
1342 2511 1616 2596 caligine
1647 2512 1948 2575 turbidus
1977 2521 2119 2575 atra

648 2612 893 2689 Pulvis,
927 2624 995 2677 et
1022 2634 1060 2676 e
1094 2612 1372 2696 speculis
1403 2634 1730 2697 percussae
1759 2625 2027 2696 pectora
2053 2622 2292 2677 matres

645 2714 1021 2779 Femineum
1050 2713 1393 2777 clamorem
1421 2713 1504 2776 ad
1537 2712 1685 2778 coeli
1717 2714 1932 2778 sidera
1961 2712 2212 2778 tollunt.

645 2817 780 2888 Qui
810 2838 1007 2880 cursu
1036 2825 1261 2899 portas
1290 2816 1476 2899 primi
1505 2816 1802 2899 irrupere
1833 2826 2155 2899 patentes,

471 2920 599 2981 880
642 2916 789 2981 Hos
819 2918 1073 2980 inimica
1103 2938 1300 3000 super
1328 2916 1529 2979 mixto
1561 2916 1796 2999 premit
1823 2918 2077 3000 agmine
2107 2918 2335 2995 turba3

653 3017 798 3081 Nec
829 3018 1125 3081 miseram
1154 3016 1475 3100 effugiunt
1504 3025 1796 3091 mortem,
1829 3015 1944 3081 sed
1975 3015 2188 3082 limine
2219 3018 2284 3081 in
2312 3018 2480 3102 ipso,

468 3252 743 3303 οἷδαίνοντα.
802 3256 1036 3311 Diversus,
1066 3254 1117 3302 in
1148 3254 1353 3311 diversa,
1383 3252 1585 3316 ἑτέρωθι.

466 3322 627 3381 Digna
664 3321 869 3367 Camiuae
898 3322 1107 3381 premia,
1131 3334 1327 3384 poenam
1362 3317 1586 3367 meritam

464 3382 684 3432 Camillae
704 3392 876 3431 morte.
938 3385 1063 3431 Tune
1095 3388 1235 3431 etiam
1266 3386 1369 3431 telis
1397 3386 1588 3432 moriere

464 3450 634 3496 Dim
652 3452 676 3495 Ρ
712 3448 782 3494 Ut
803 3448 951 3496 verba
976 3456 1103 3503 sunt,
1128 3462 1302 3495 sensus
1332 3446 1453 3495 erit:
1492 3446 1584 3494 eti-

464 3528 607 3561 amne
627 3510 801 3560 Dianae
820 3512 929 3560 telis
943 3527 973 3559 o
1008 3526 1065 3559 us
1089 3511 1183 3560 erit
1202 3522 1259 3559 ut
1280 3520 1333 3559 tu
1355 3513 1562 3576 pereas?

529 3578 625 3625 858
659 3592 715 3639 sq
747 3612 760 3624 .
816 3527 1222 3639 Quandoquidem
1259 3574 1588 3624 memorabilis

462 3640 593 3689 inter
616 3648 689 3688 tot
758 3640 829 3689 ‘as
849 3641 953 3689 haec
982 3650 1058 3689 est
1085 3641 1345 3717 sagittatio,
1371 3654 1467 3703 qua
1494 3639 1589 3688 dea

460 3704 785 3753 ulciscebatur
802 3714 1007 3753 mortem
1025 3706 1259 3763 Camillae,
1274 3708 1413 3767 cujus
1430 3703 1584 3751 admi-

462 3768 587 3817 ratio
604 3768 761 3817 adhuc
782 3769 971 3817 animos
993 3778 1185 3818 nostros
1203 3769 1388 3825 tenuit;
1414 3777 1586 3817 ornata

462 3842 828 3947 {zaf‘fifffi
841 3832 1427 3961 θῖῗῗΡέζςΗἛίῗὲἳξῗ
1442 3833 1580 3961 ἓξὲξ

828 3932 841 3955 2
1098 3932 1109 3945 ·
1569 3932 1582 3955 9

460 3962 585 4012 forte
605 3972 834 4024 tanquam
854 3978 953 4010 una
976 3976 1003 4009 e
1026 3962 1203 4026 puellis
1229 3961 1579 4027 Hyperboreis.

460 4028 704 4076 Thracum
726 4035 889 4075 autem
912 4042 1092 4074 nomen
1118 4027 1215 4074 late
1245 4035 1580 4091 propagatum,

460 4102 517 4141 ut
538 4106 685 4156 supra
706 4106 896 4154 quoque
918 4091 981 4138 de
1008 4090 1338 4139 Amazonibus
1368 4106 1431 4138 ex
1460 4090 1579 4153 Scy-

460 4156 575 4213 thia,
598 4172 643 4204 v.
676 4157 786 4204 659.
846 4152 1049 4216 Infima,
1072 4154 1263 4204 infenso
1294 4154 1471 4211 animo,
1498 4154 1582 4217 qui

460 4218 589 4267 vires
612 4233 763 4268 novas
784 4218 1053 4283 adjiciebat.
1111 4222 1278 4283 AEqm'a
1308 4234 1399 4285 pro
1427 4234 1580 4283 aeque‚

458 4283 707 4345 aequaliter
736 4282 909 4333 dextra
938 4292 1111 4349 pectus
1146 4300 1203 4333 ac
1235 4285 1359 4334 loeva
1392 4284 1582 4348 sagittae

456 4347 737 4410 cuspidem:
774 4348 960 4397 scilicet
992 4349 1165 4398 dextra
1186 4364 1391 4399 nervum
1421 4358 1577 4398 teten-

456 4412 609 4468 derat,
634 4410 701 4458 ita
724 4422 781 4459 ut
810 4427 1033 4461 mammoe
1055 4413 1279 4464 admotus
1301 4414 1386 4463 ille
1420 4424 1577 4471 essen

1651 3252 1774 3302 laeva
1797 3254 1994 3301 tenebat
2025 3268 2190 3301 arcum
2224 3268 2283 3301 ea
2313 3262 2450 3317 parte
2473 3266 2568 3316 qua
2687 3254 2777 3303 ’tta

1651 3317 1786 3366 arcui
1808 3316 2037 3381 imposita
2059 3326 2165 3366 erat
2185 3334 2216 3366 a
2237 3333 2386 3366 nervo
2409 3317 2642 3381 impellen

1718 3382 1828 3430 866.
1885 3384 2043 3439 obliti,
2082 3397 2116 3429 n
2176 3382 2398 3445 ligentes,
2419 3382 2467 3429 h.
2494 3396 2535 3430 e.
2561 3398 2662 3431 nou
2683 3400 2772 3433 cu-

1653 3456 1818 3495 rantes
1837 3461 1940 3509 prae
1963 3445 2129 3509 fugien
2165 3446 2176 3457 ⁰
2201 3446 2377 3495 studio.

1717 3511 1988 3560 868-870,
2025 3510 2162 3558 Levis
2183 3510 2470 3575 simpliciter
2489 3520 2644 3559 ornat.
2703 3512 2776 3561 E·

1652 3574 1864 3649 quim
1895 3573 2095 3686 ἵιᾛὲἳο
2111 3574 2274 3703 ἐῗῷᾞ
2297 3584 2535 3705 qma.
2553 3576 2776 3689 Ῐῖὧῗῶῖ

1653 3648 1748 3751 {¹22³
1770 3647 2014 3766 {inires
2047 3673 2293 3768 ἐωῑρῑωιὲ
2329 3674 2542 3761 Sex-vinis,
2582 3644 2778 3763 oenff}

1650 3767 1819 3830 quidni
1849 3767 1945 3832 ipsi
1979 3766 2188 3816 militum
2219 3768 2444 3816 numeri?
2481 3778 2538 3816 ut
2563 3772 2775 3819 vocabu-

1649 3832 1751 3881 lum
1772 3833 1864 3880 hoc
1886 3832 2042 3897 accipi
2064 3832 2216 3881 solet:
2253 3834 2300 3880 h.
2327 3832 2357 3881 l.
2382 3842 2557 3881 turmae
2585 3834 2778 3897 equita-

1649 3906 1742 3945 tus.
1763 3960 1776 3973 ·
1799 3900 2024 3954 Desolati,
2049 3906 2117 3955 ut,
2137 3904 2330 3945 vastata
2347 3900 2562 3956 cohortes,
2587 3913 2652 3947 ex
2671 3898 2776 3949 dis-

1647 3976 1874 4025 persione
1894 3969 1944 4009 et

1715 4026 1776 4075 87
1780 4023 1986 4075 2-874,
2023 4026 2260 4089 Troianos
2281 4025 2470 4075 lethum
2493 4026 2776 4077 inferentes.

1647 4092 2010 4153 Lmtguenn'bus,
2036 4089 2188 4139 fessis.

1714 4154 1773 4205 87
1781 4157 1822 4229 53
1863 4156 2080 4217 Campum
2103 4163 2300 4217 patrem,
2319 4156 2408 4231 qui
2439 4156 2491 4204 in
2521 4155 2778 4219 pulverem

1647 4219 1922 4277 resolvitur,
1951 4228 2007 4267 ut
2025 4222 2129 4281 jam
2150 4235 2258 4284 sup.
2284 4234 2386 4279 vm,
2423 4220 2533 4269 596.
2593 4220 2719 4269 Mox
2750 4238 2778 4270 e

1645 4283 2126 4398 Ψέἔὸἱὲἕῗέῗῆ
2149 4284 2628 4399 Ἢίἒῐωὶἷώἵιῗιζ
2685 4366 2774 4398 „0-

1645 4430 1740 4476 que
1759 4433 1770 4469 3
1807 4384 1988 4478 premii
2007 4365 2251 4475 algam
2271 4364 2440 4463 hstis.
2487 4416 2589 4463 Nec
2610 4364 2773 4463 offena·-
