3050 4934
1105 243 1557 316 ECLOGA
1603 249 1735 316 IV.
2488 253 2573 318 21

432 393 580 460 Jam
607 397 782 462 redit
809 408 878 462 et
901 395 1134 482 Vix-ge,
1166 400 1446 464 redeunt
1475 401 1781 465 Saturnia
1809 403 2048 485 regnass

430 497 582 560 Jam
609 521 778 562 nova
807 501 1156 583 progenies
1185 500 1354 564 coelo
1382 501 1743 566 demittitur
1772 500 1923 566 alto·

429 597 542 662 Tu
569 601 766 664 modo
793 601 1088 664 nascenti
1113 622 1344 684 puero,
1375 624 1508 685 quo
1536 601 1751 667 ferrea
1780 604 2057 686 primum

429 697 732 776 Desinet,
763 723 838 764 ac
868 711 1012 764 toto
1041 711 1268 784 surget
1294 723 1458 784 gens
1489 725 1693 766 aurea
1716 705 1983 780 munde,

307 799 388 861 10
431 798 658 876 Casta,
689 799 856 876 fave,
889 799 1176 865 Lucinax
1221 812 1376 865 tuus
1398 802 1537 886 jam
1566 795 1798 886 regnat
1827 803 2091 887 Apollo,

425 899 664 984 Teque
692 901 859 965 adeo
879 902 1090 965 decus
1119 901 1244 965 hoc
1273 903 1414 978 aevi,
1446 913 1510 965 te
1542 902 1831 979 consule,
1864 905 2071 981 inibit,

425 999 674 1077 Pollio;
719 1011 788 1065 et
816 1001 1125 1085 incipient
1151 1002 1368 1085 magni
1394 1003 1759 1086 procedere
1789 1025 2069 1068 menseS.

424 1101 532 1165 Te
563 1103 755 1178 duce,
788 1103 844 1165 si
863 1125 998 1185 qua
1025 1111 1306 1179 manent,
1339 1101 1605 1166 sceleris
1636 1105 1909 1187 vestigia
1936 1106 2144 1168 nostri

426 1201 623 1265 Irrita
653 1215 974 1286 perpetua
1007 1200 1259 1266 solvent
1285 1202 1631 1267 formidine
1660 1197 1889 1267 terras.

301 1303 380 1366 15
427 1301 546 1366 Ille
577 1302 774 1367 desim
803 1303 999 1365 vitam
1029 1303 1326 1387 accipiet,
1356 1303 1653 1387 divisque
1684 1304 1933 1368 videbit

425 1403 800 1467 Permixtos
829 1403 1090 1480 heroaS,
1120 1413 1189 1466 et
1217 1405 1359 1487 ipse
1389 1404 1719 1469 videbitur
1746 1403 1869 1469 illis
1893 1431 1911 1482 ς

425 1505 872 1588 Pacatumque
902 1513 1087 1587 reget
1114 1505 1344 1588 patriis
1374 1505 1721 1569 virtutibus
1754 1506 1999 1570 orbem.

251 1661 356 1708 loco
385 1661 624 1708 malum
649 1659 949 1718 Saturnium,
979 1669 1030 1708 et
1053 1675 1164 1708 cum
1197 1675 1256 1708 eo
1287 1662 1375 1708 ho-

255 1725 440 1774 minum
457 1741 632 1788 genus,
649 1724 792 1787 quale
807 1724 985 1772 saeculo
1003 1724 1087 1772 illo
1105 1740 1254 1772 aureo
1269 1725 1374 1773 fuit.

259 1789 428 1852 ltaque
471 1806 516 1836 v.
571 1792 615 1846 8,
665 1791 696 1836 9
743 1788 1012 1850 subjicitur,
1062 1804 1217 1852 puero
1261 1799 1377 1837 nato

251 1853 458 1901 sermm
479 1862 676 1901 aetatem
697 1853 937 1909 ‹lesineren
961 1867 1156 1900 auream
1177 1853 1374 1901 exoriri.

255 1917 374 1966 Hac
386 1926 508 1966 mnt
523 1917 542 1964 i
651 1926 810 1981 poetoe
823 1917 1178 1980 phantasmata,
1193 1916 1234 1964 si
1255 1916 1380 1965 nibil

251 1982 450 2030 aliunde
607 1981 769 2028 'vei-is.
839 1980 998 2044 Igitur
1035 1996 1232 2029 cannen
1273 1991 1378 2029 tum

487 2055 520 2101 t,
563 2045 694 2108 quod
731 2045 794 2092 ad
833 2043 1067 2107 Sibyllam
1106 2046 1378 2094 Cumanam

250 2061 422 2158 :ier-ri
463 2110 668 2166 solebat,
705 2109 758 2156 in
794 2123 904 2171 quo,
940 2108 1024 2156 ubi
1063 2111 1228 2156 ultima
1264 2117 1379 2158 aetas

250 2173 544 2231 advenisset,
561 2189 710 2235 quam
727 2172 790 2220 de
810 2187 901 2221 sua
920 2181 1064 2219 aetate
1083 2173 1186 2220 inte
1246 2183 1376 2221 reta-

249 2246 328 2284 tur
347 2248 514 2301 poeta,
539 2236 796 2286 meliorum
827 2245 1103 2299 temporum
1133 2253 1162 2284 o
1222 2253 1266 2294 o,
1289 2253 1380 2301 per

251 2299 650 2350 ἅπασάν-τασαν
678 2300 902 2362 aliquam,
927 2299 1089 2348 denuo
1149 2301 1378 2350 recedere

253 2365 587 2413 nuntiabatur.
655 2365 709 2412 Si
749 2379 896 2426 quem
933 2379 1050 2412 vero
1091 2363 1104 2374 ⁶
1145 2365 1212 2412 ud
1251 2365 1378 2414 male

252 2429 414 2486 habet,
448 2428 596 2490 quod,
629 2443 742 2476 cum
773 2429 1008 2476 Cmnanae
1040 2427 1236 2491 Sibylloe
1267 2428 1381 2476 libri

253 2492 302 2540 in
337 2492 589 2557 Capitolio
629 2501 952 2550 servarentur,
989 2491 1116 2540 nihil
1153 2508 1217 2540 ex
1252 2492 1316 2540 iis
1352 2508 1383 2541 a

251 2568 398 2620 poeta
412 2557 531 2605 seiri
551 2567 636 2604 aut
649 2555 836 2619 vulgari
851 2555 1088 2619 potuerim
1115 2556 1380 2604 tenendum

253 2631 342 2678 at,
365 2621 660 2669 auctoritate
681 2629 894 2677 senatus,
917 2635 1014 2682 qua
1035 2620 1232 2682 quidem
1265 2619 1382 2668 talia

250 2685 328 2747 agi
351 2685 428 2733 fes
449 2694 570 2741 erat,
592 2685 747 2732 multa
767 2684 948 2748 passim
971 2699 1032 2732 ex
1055 2683 1193 2732 libris
1217 2683 1376 2747 Sibyl-

251 2747 366 2796 linis
387 2749 602 2812 vulg-ata,
627 2757 676 2796 et
699 2757 932 2811 praeterea
955 2763 1186 2810 magnum
1209 2747 1375 2795 effeto-

251 2827 360 2861 rum
385 2812 739 2876 Sibyllinorum
759 2827 1032 2870 numeratu,
1055 2811 1379 2874 undecunque

249 2887 524 2940 acceptim,
547 2886 602 2924 et
628 2891 692 2924 ex
717 2875 908 2924 cunctis
937 2874 1168 2938 gentibus
1199 2891 1375 2987 Ἐροι-

251 2951 422 2998 tatum,
437 2941 586 3003 vulgo
601 2939 730 2988 inter
737 2940 959 2988 homines
961 2941 1199 3002 jactatum
1263 2955 1374 2988 isse.

315 3005 362 3052 ⁶.
395 3007 552 3068 Virgo,
569 3003 707 3062 Δίκη,
720 3005 750 3053 J
756 3003 935 3061 ustitia,
952 3013 1009 3052 ut
1022 3003 1226 3051 Hesiod.
1237 3003 1374 3064 Ἔργ.

249 3069 362 3116 256.
419 3069 556 3116 Nota
584 3083 664 3116 res
687 3067 764 3116 vel
796 3083 858 3116 ex
886 3067 1027 3115 ovid.
1061 3068 1182 3115 Met.
1207 3067 1239 3126 i,
1269 3070 1375 3128 149,

249 3143 300 3180 et
319 3135 446 3181 Geo.
471 3131 524 3189 ii,
548 3134 657 3179 414.
686 3131 890 3180 Hesiod.
908 3131 1042 3194 Ἔργ.
1063 3133 1172 3180 200.
1208 3135 1375 3180 Satur-

249 3195 1378 3323 &mg‘ffimffssffiaffsszssffltz

249 3332 550 3373 memorant:
577 3323 783 3372 Hesiod.
799 3323 936 3386 Ἐργ.
965 3324 1057 3372 109
1079 3339 1147 3385 sq.
1196 3324 1380 3386 Attigit

249 3397 418 3436 noster
439 3389 648 3436 eandem
667 3389 788 3436 Geo.
811 3387 844 3445 i,
873 3388 964 3434 125
987 3403 1056 3450 sq.
1081 3387 1132 3444 ii,
1157 3389 1252 3434 536
1271 3403 1342 3450 sq.

311 3455 459 3502 7-9.
493 3455 626 3500 Nova
643 3457 896 3514 progenies,
921 3466 1100 3498 novum
1121 3451 1378 3500 hominum

245 3515 880 3640 amssfflssz‘ffsszsszz
885 3513 1225 3641 {ffl‘sr'ki‘
1239 3525 1376 3627 :53ss

249 3659 380 3692 novo
393 3659 562 3692 rerum
575 3643 746 3692 ordine
765 3651 818 3691 et
831 3658 978 3691 aurea
994 3651 1151 3691 aetate.
1189 3643 1378 3692 Eadem

247 3723 380 3764 max,
409 3725 454 3756 v.
481 3709 526 3764 9,
541 3725 656 3770 gens
677 3723 832 3754 aurea.
899 3706 1104 3755 Hesiod.
1120 3705 1256 3768 Ἐργ.
1285 3708 1376 3754 109

249 3771 464 3834 χρύσεον
482 3771 624 3832 τέκε
643 3767 860 3833 μερόπων
880 3770 1140 3832 mpetum
1194 3773 1286 3818 Sur
1315 3779 1375 3829 ee,

247 3835 498 3899 procedet,
535 3844 696 3884 ortum
739 3843 790 3884 et
825 3833 1022 3884 initium
1057 3833 1256 3884 babebit
1303 3851 1378 3884 ιοο

247 3915 407 3963 puero
429 3907 558 3948 nato.

317 3965 392 4012 lo.
419 3965 614 4012 Lucina.
632 3963 808 4021 Diana,
823 3972 994 4028 parnis
1007 3964 1112 4022 dea,
1129 3962 1375 4027 Apollinis

247 4043 398 4076 «ποτ.
477 4029 712 4090 niujan
733 4037 900 4090 regnat
920 4031 1094 4089 Apollo.
1150 4027 1372 4075 Serviusz

257 4093 482 4140 Ultima
523 4095 740 4142 saulum
779 4094 990 4149 ostendit,
1029 4093 1150 4154 quod
1199 4093 1378 4152 Sibylla

251 4159 372 4204 solie
401 4173 498 4204 esse
528 4159 802 4204 mavit.
853 4155 1050 4204 Scilicet
1077 4163 1132 4202 ut
1161 4154 1375 4212 Saturni,

247 4229 302 4268 ut
323 4221 468 4268 «lovis
499 4235 704 4282 regnum
727 4219 836 4278 fuit,
861 4219 934 4267 sic
963 4233 1092 4266 nunc
1116 4217 1375 4282 Apollinis.

251 4285 464 4333 Videtur
485 4285 578 4331 hoc
601 4283 870 4332 tenendum
891 4299 1012 4331 esse.

321 4351 394 4397 11.
431 4351 586 4396 Decus
613 4351 696 4396 hoc
723 4351 825 4404 aevae‘,
853 4347 1086 4412 preclara
1113 4347 1216 4394 haec
1247 4355 1377 4394 aetas.

253 4415 400 4462 Inihe't
415 4433 432 4461 .·
471 4411 836 4477 simplicissima
855 4421 986 4461 esset
1005 4409 1144 4468 ratio,
1167 4419 1222 4459 ut
1245 4413 1380 4458 inibit

1441 1661 1508 1710 sit
1541 1678 1646 1726 pro,
1678 1679 1874 1711 cursum
1907 1663 2065 1723 inibit,
2104 1665 2329 1730 incipiet;
2366 1683 2568 1732 eamque

1443 1726 1645 1778 Servius
1681 1735 1733 1773 et
1766 1727 1913 1788 vulgo
1948 1727 2240 1791 interpretes
2280 1742 2565 1793 sequuntur.

1441 1793 1573 1837 Inire
1591 1789 1787 1852 quidem
1810 1790 2027 1838 absolute
2049 1792 2115 1839 ita
2136 1793 2347 1856 positum
2367 1811 2465 1843 non
2484 1813 2565 1843 oc-

1440 1869 1651 1912 currere,
1668 1855 1794 1901 bene
1811 1862 1978 1902 monet
1996 1855 2305 1905 Burmannus
2320 1877 2331 1914 ς
2366 1859 2565 1921 partici-

1440 1917 1581 1982 pium
1622 1927 1785 1966 tamen
1824 1933 2072 1980 nunquam
2114 1935 2211 1968 non
2250 1921 2319 1968 ita
2359 1921 2565 1970 dicitur:

1441 1985 1625 2030 ineunte
1660 1999 1793 2038 anno,
1828 1999 2002 2037 mensu
2037 1986 2185 2032 iniens
2221 1993 2363 2033 aetas:
2398 1985 2567 2048 quidni

1443 2045 1593 2094 etiam
1614 2063 1760 2094 annus
1782 2049 1873 2094 im't
1886 2051 1911 2093 ?
1944 2055 1995 2094 et
2016 2047 2187 2095 eodem
2209 2049 2355 2096 modo
2384 2049 2569 2098 dictum

1441 2113 1626 2172 ingredi
1651 2127 1743 2175 pro
1772 2109 2004 2174 incipere,
2030 2120 2085 2160 ut
2102 2112 2223 2160 Geo.
2256 2112 2288 2172 i,
2312 2115 2377 2161 42
2410 2117 2567 2176 ingre-

1525 2191 1551 2222 e

1512 2240 1585 2286 12.
1632 2241 1801 2300 Magni
1836 2255 2020 2296 memes,
2060 2239 2287 2298 illustres,
2331 2240 2566 2304 insignes,

1441 2301 1795 2360 memorabiles,
1819 2311 1875 2350 ut
1896 2319 1941 2350 v.
1967 2305 2012 2360 5,
2036 2311 2207 2366 utpote
2228 2304 2393 2352 saeculi
2416 2305 2565 2354 aurei.

1444 2365 1693 2414 Nimirum
1715 2383 1905 2429 magnus
1923 2383 2073 2414 annus
2087 2375 2175 2426 est,
2193 2368 2361 2429 utique
2382 2368 2499 2417 hinc
2517 2379 2569 2417 et

1443 2434 1601 2492 magni
1621 2445 1806 2478 memes.

1515 2495 1589 2542 13.
1630 2497 1693 2542 Te
1718 2497 1845 2551 duee,
1880 2493 2092 2558 auspice,
2122 2510 2151 2542 a
2186 2503 2271 2542 tuo
2296 2493 2411 2543 inde
2448 2512 2564 2544 con-

1446 2557 1635 2606 sulatu:
1691 2557 1969 2632 expiabitur
2005 2559 2167 2622 primo
2206 2573 2351 2606 omne
2392 2560 2565 2618 scelus,

1446 2637 1545 2683 quo
1564 2630 1947 2670 contaminatum
1979 2633 2056 2670 est
2081 2623 2173 2669 hoc
2200 2621 2452 2670 hominum
2478 2639 2565 2686 ge-

1443 2700 1565 2740 nus;
1600 2685 1789 2733 scilicet
1821 2695 1877 2734 ut
1910 2685 2123 2734 sanctior
2158 2694 2209 2734 et
2240 2686 2419 2734 castior
2448 2695 2567 2736 aetas

1441 2749 1702 2797 succedere
1728 2749 1896 2812 possit.
1955 2752 2153 2798 Sceleris
2170 2753 2367 2812 vestigia
2386 2755 2534 2799 nostri
2548 2770 2565 2799 .-

1441 2813 1559 2860 belli
1578 2812 1737 2860 civilis
1758 2812 1989 2874 reliquias
2010 2814 2235 2877 spectari,
2254 2814 2567 2864 manifestum

1443 2885 1531 2924 est.
1602 2877 1734 2924 Nam
1772 2885 2064 2940 perpetuum
2103 2877 2209 2935 hoc,
2243 2886 2300 2926 ut
2338 2877 2401 2926 de
2439 2879 2567 2928 bello

1441 2939 1595 3052 <gxiii2
1609 2940 1740 3053 5333,
1764 2943 1923 2999 scelus,
1956 2939 2276 3006 praedicetur:
2311 2941 2371 2989 cf.
2398 2942 2523 2992 Hor.
2546 2943 2567 2991 i

1595 3039 1608 3062 ,
1698 3039 1711 3052 .

1511 3069 1585 3117 14.
1620 3070 1785 3127 Irrita,
1809 3067 2003 3116 abolita.
2036 3071 2251 3116 Formido
2271 3077 2347 3116 est
2365 3078 2568 3134 propter

1439 3131 1500 3180 τὸ
1521 3131 1642 3192 ἄγος
1662 3141 1713 3180 et
1733 3141 1922 3180 reatum
1945 3146 2009 3180 ex
2026 3132 2210 3180 scelere
2226 3143 2530 3197 conceptum.

1511 3197 1585 3243 15.
1620 3199 1709 3244 Ille
1727 3200 1857 3244 deam
1876 3200 2017 3244 vitam
2034 3200 2230 3258 accipiet
2244 3215 2261 3244 .·
2284 3206 2398 3260 aget
2416 3196 2567 3247 vitam

1439 3260 1657 3317 deorum,
1683 3271 1735 3308 et
1761 3259 1891 3308 inter
1912 3259 2029 3308 deos
2051 3260 2331 3322 heroesque.
2375 3261 2564 3310 Adum-

1441 3325 1635 3372 bratum
1667 3339 1730 3372 ex
1750 3323 1813 3372 iis
1843 3339 1951 3386 que
1978 3324 2307 3388 praedicantur
2329 3324 2391 3372 de
2418 3339 2569 3374 aurea

1441 3397 1615 3436 aetate=
1660 3387 1720 3436 cf.
1758 3387 1962 3436 Hesiod.
1986 3387 2124 3450 Ἔργ.
2167 3389 2259 3437 112
2293 3404 2395 3450 sqq.
2445 3389 2569 3437 Erat

1441 3451 1575 3500 enim
1607 3452 1699 3500 hoc
1728 3451 1859 3500 inter
1879 3451 2015 3499 aurei
2044 3452 2209 3500 saeculi
2240 3453 2382 3510 bons,
2406 3460 2463 3500 ut
2496 3451 2565 3499 dii

1439 3525 1707 3590 praesentes
1728 3515 2000 3564 inviserent
2010 3515 2247 3564 homines.
2271 3515 2415 3564 ovid.
2434 3515 2564 3564 Fast-

1441 3595 1473 3638 ι,
1499 3581 1611 3637 251,
1636 3588 1687 3627 et
1707 3579 1905 3642 passim.

1512 3643 1585 3689 16.
1620 3645 1689 3689 Et
1709 3646 1805 3702 ipse
1827 3643 2058 3688 videbitur
2077 3643 2187 3697 illie,
2210 3640 2312 3688 scil.
2382 3641 2563 3689 ermix-

1443 3715 1523 3754 tus
1542 3704 1617 3763 iia,
1634 3705 1681 3752 h.
1703 3720 1745 3751 e.
1761 3703 2007 3751 admixtus
2022 3703 2136 3751 erit:
2164 3703 2329 3766 &⁴0ng
2346 3657 2403 3751 {aa
2524 3723 2565 3762 ο,

1442 3771 1628 3818 Aratus
1664 3768 1910 3816 Phaenom.
1944 3769 2052 3825 104,
2084 3783 2231 3830 quem
2258 3776 2372 3817 ante
2402 3767 2568 3816 oculos

1442 3833 1628 3883 habuit.

1513 3898 1587 3950 17.
1622 3901 1849 3946 Pacatum
1867 3899 2015 3946 orbem
2035 3905 2163 3960 reget
2178 3915 2194 3944 .-
2229 3894 2377 3944 etiam
2395 3896 2487 3943 hoc
2502 3912 2565 3946 ex

1439 3977 1589 4012 aurea
1607 3971 1765 4020 etate,
1780 3961 1910 4025 quod
1931 3961 1985 4008 in
1998 3977 2057 4008 ea
2061 3969 2239 4034 pacata
2254 3959 2419 4008 omnia
2434 3969 2565 4009 sunt.

1441 4027 1711 4076 Obscurius
1720 4035 1809 4084 est,
1821 4025 1950 4089 quod
1964 4025 2111 4080 addit,
2121 4027 2297 4084 patrm
2304 4027 2565 4084 virtutibus,

1441 4091 1655 4149 omnino,
1676 4093 1943 4154 maJorum:
1980 4098 2030 4135 et
2048 4087 2111 4135 ad
2127 4087 2234 4146 hoc,
2256 4097 2337 4136 tan
2374 4103 2485 4136 uam
2503 4088 2567 4137 ad

1442 4155 1697 4218 scopulum
1712 4151 1915 4203 offendit
1956 4151 2327 4216 uaelibetopinio
2374 4169 2569 4216 epuero

1442 4219 1704 4267 nascituro.
1774 4218 1943 4265 Marce
1962 4215 2121 4264 lorum
2156 4217 2353 4280 quidem
2388 4233 2567 4265 nomen

1443 4283 1497 4330 in
1519 4283 1779 4331 annalibus
1803 4279 2039 4329 Romanis
2063 4281 2413 4329 clarissimum:
2450 4281 2565 4329 hac-

1447 4357 1589 4394 tenus
1630 4361 1753 4409 puer
1804 4344 1886 4408 qui
1926 4359 1988 4392 ex
2036 4345 2253 4402 Octavia,
2311 4344 2567 4394 Octaviani

1447 4425 1627 4466 sorore,
1654 4409 1888 4460 Marcello
1913 4417 2079 4473 nupta,
2108 4417 2433 4462 nunc,sutem
2460 4409 2565 4472 An·-
