3050 4934
1091 256 1541 323 ECLOGA
1588 257 1677 322 X.
2458 258 2542 320 53

391 407 614 470 Muza.
663 405 914 469 Desine
945 403 1160 489 plura,
1191 429 1394 490 puer;
1438 416 1528 484 et,
1558 406 1739 490 quod
1766 427 1939 470 nunc
1968 405 2191 482 instat,
2220 425 2512 489 agamus·

389 505 698 570 Carmina
729 516 868 569 tum
893 505 1147 582 melius,
1178 529 1383 589 quum
1409 508 1659 570 venerit
1683 507 1849 590 ipse,
1881 527 2209 570 canemus.

219 699 476 755 amputare
490 709 504 738 :
538 690 602 738 εἰ
626 690 688 738 ad
710 690 814 738 Ecl.
839 690 872 749 i,
897 689 984 745 57;
1015 691 1135 738 Geo.
1161 689 1212 748 ii,
1239 691 1349 738 368.
1501 725 1514 749 ,
1557 689 1767 748 assidue,
1800 699 2171 753 perseveranter
2207 706 2374 738 samua
2442 692 2544 738 Hoc

223 757 390 802 Tana
425 759 670 812 venitm,
708 753 898 802 etiamsi
933 753 1205 818 paullulum
1243 753 1350 816 qui·
1436 771 1540 802 ηερε
1553 774 1571 808 ,·
1604 753 1867 810 medorum,
1892 769 2011 815 quos
2032 763 2209 817 portat,
2234 768 2395 801 onere.

217 827 442 867 menta
491 818 772 866 dederimus
825 833 1028 882 operam
1079 817 1352 866 cantilena.
1484 819 1562 875 66,
1582 817 1661 868 67.
1692 821 1867 866 Desine
1882 821 2025 880 plura
2044 817 2223 866 dicere.
2278 819 2399 879 Ipse,
2426 817 2537 865 Me-

221 885 324 930 Nor
347 886 564 944 plania-
587 899 641 930 ne
663 885 852 956 colligat
873 891 998 936 ante,
1022 896 1086 929 ne
1106 897 1220 930 cum
1241 897 1351 930 ves-
1419 881 1597 930 nalcaa.

222 961 338 1010 pera
367 949 532 996 nubes
565 947 619 994 in
646 946 863 1011 pluviam
885 945 1190 1008 colligantur.
1269 949 1357 994 Ue-

810 1397 1258 1466 ECLOGA
1303 1399 1395 1464 X.
1487 1397 1947 1466 GALLUS.

1076 1571 1761 1634 ARGUMENTUM.'

218 1697 273 1744 C.
295 1695 561 1745 Cornelius
582 1695 756 1746 Gallus
777 1695 982 1744 amicam
1007 1695 1298 1760 Lycoridem
1328 1695 1514 1754 habuit,
1540 1711 1684 1758 quam
1715 1695 1863 1744 etiam
1894 1695 2045 1759 elegis
2074 1694 2353 1744 celebravit.
2426 1694 2478 1743 Is
2508 1709 2539 1742 a

279 1777 470 1841 perfida
498 1775 660 1824 amica
687 1775 923 1833 desertus,
947 1791 1126 1839 magno
1157 1776 1324 1824 dolore
1355 1791 1633 1840 oppressus,
1656 1773 1710 1822 in
1740 1774 1833 1822 hoc
1864 1775 2079 1823 carmine
2112 1785 2341 1837 tanquam
2371 1783 2541 1838 pastor

279 1857 456 1920 aliquis
477 1856 533 1905 in
556 1855 784 1905 Arcadiae
812 1855 1061 1904 montibus
1083 1872 1138 1904 ac
1171 1855 1323 1915 silvis,
1348 1858 1440 1905 sub
1458 1863 1601 1904 antro
1623 1854 1785 1917 aliquo
1815 1857 2074 1918 proiectus,
2100 1869 2289 1903 amores
2311 1869 2425 1902 suos
2448 1853 2534 1902 de·

279 1936 398 1986 flue
419 1937 640 2000 fingitur.
701 1937 946 1999 Obiurgat
963 1947 1108 2001 poeta
1131 1937 1334 1995 Naidas,
1363 1936 1492 1999 quod
1509 1933 1629 1984 solae
1647 1949 1747 1983 non
1764 1934 2013 1982 adfuerint
2038 1934 2183 1982 Gallo
2208 1933 2389 1982 amoris
2410 1933 2542 1982 curis

282 2017 521 2074 confecto,
545 2018 732 2065 8-—122
767 2031 880 2064 eum
903 2026 1066 2064 tamen
1096 2017 1278 2066 amoris
1307 2026 1360 2065 et
1379 2014 1709 2064 miserationis
1734 2013 1961 2064 affectum
1993 2023 2183 2064 testata!
2212 2014 2259 2062 ei
2290 2013 2392 2062 sint
2420 2013 2542 2078 ipsae

281 2097 569 2146 inanimata!
599 2111 694 2154 res,
728 2097 926 2144 arbores
967 2105 1018 2144 et
1049 2112 1179 2154 saxa,
1225 2097 1443 2154 13-153
1491 2104 1595 2145 tum
1627 2111 1801 2158 greges
1841 2110 1953 2144 cum
1992 2095 2283 2160 pastoribus,
2332 2094 2537 2143 16—20.

285 2176 563 2226 Miserandi
587 2185 641 2225 et
659 2175 943 2225 consolandi
960 2191 1106 2224 causa
1126 2191 1374 2224 accessere
1395 2175 1492 2240 ipsi
1510 2174 1607 2224 dii:
1645 2175 1825 2239 Apollo
1845 2177 2063 2230 21—23;
2102 2174 2329 2223 Silvanus
2350 2176 2428 2232 24,
2449 2175 2535 2230 253

283 2257 388 2306 Pan
422 2258 636 2305 26-30.
703 2256 834 2304 Tum
860 2255 1046 2314 Gallus,
1071 2255 1123 2304 in
1152 2256 1368 2305 lamenta
1398 2264 1449 2303 et
1469 2263 1669 2318 questus
1701 2269 1977 2319 erumpens,
2001 2269 2139 2304 suam
2169 2263 2349 2304 sortem
2382 2263 2433 2302 et
2460 2253 2537 2302 in-

282 2339 500 2388 faustum
535 2353 752 2386 amorem
783 2337 1124 2400 conqueritun
1161 2336 1305 2384 malle
1335 2353 1390 2386 se
1417 2334 1627 2400 pastoris
1654 2335 1806 2384 vitam
1838 2351 1997 2398 agere,
2027 2337 2234 2383 31—43.
2308 2336 2456 2384 Nunc
2482 2335 2537 2384 in

281 2419 455 2468 castris
477 2418 664 2466 versari
693 2418 900 2466 amicam
932 2417 986 2466 in
1018 2417 1203 2466 Gallias
1229 2417 1512 2482 profectam,
1538 2417 1748 2465 44—49.
1808 2415 2019 2464 Videtur
2045 2423 2209 2464 tamen
2232 2415 2308 2462 vel
2340 2414 2411 2463 sic
2444 2415 2537 2464 sibi

279 2509 485 2564 repente
507 2498 562 2546 in
581 2513 669 2547 rus
689 2498 938 2561 utigrasse,
963 2506 1014 2546 et
1034 2497 1144 2545 aliis
1165 2497 1296 2546 curis
1319 2497 1498 2546 amoris
1523 2505 1766 2544 tormenta
1786 2496 1964 2554 levare,
1991 2495 2179 2543 50—61
2201 2514 2213 2550 ς
2250 2495 2337 2543 sed
2358 2494 2539 2543 amoris

279 2595 394 2627 mox
415 2577 726 2643 impatientia
746 2578 906 2626 victus
927 2577 1062 2626 nulla
1081 2577 1197 2625 inde
1219 2577 1392 2626 solatia
1413 2584 1655 2640 expectat,
1680 2577 1887 2625 62—69.
1940 2574 2263 2624 Praemittitur
2283 2573 2539 2622 exordium

279 2669 454 2723 poetae,
479 2674 594 2707 cum
617 2657 824 2722 epilogo,
848 2673 944 2720 quo
965 2656 1264 2720 singularem
1286 2657 1416 2706 Galli
1439 2673 1657 2706 amorem
1682 2665 1911 2706 testatum
1932 2656 2063 2705 facit.

221 2737 384 2787 Habet
405 2739 503 2786 hoe
525 2752 722 2786 carmen
744 2735 918 2785 miram
939 2747 1094 2786 artem
1116 2752 1172 2785 ac
1195 2737 1514 2793 suavitatemz
1547 2737 1765 2803 primum
1786 2736 1839 2784 in
1862 2752 1935 2794 eo,
1960 2736 2091 2799 quod
2112 2735 2277 2784 omnia
2298 2735 2361 2783 ad
2382 2735 2535 2798 maio-

241 2865 246 2870 .
279 2833 384 2866 rem
405 2817 540 2866 Galli
563 2817 868 2880 dig-nitatem,
893 2831 991 2864 non
1013 2817 1158 2864 modo
1189 2816 1250 2865 ad
1272 2816 1424 2866 vitam
1450 2816 1771 2881 pastoritiam,
1796 2815 1883 2864 sed
1912 2815 1974 2864 ad
1998 2826 2217 2881 tempora
2248 2816 2459 2874 heroica,
2483 2815 2537 2864 in

279 2898 458 2960 quibus
478 2897 703 2961 permisti
737 2895 1022 2945 mortalibus
1044 2895 1114 2944 dii
1136 2896 1373 2954 viverent,
1398 2897 1566 2954 relata,
1597 2905 1647 2944 et
1670 2911 1733 2944 ex
1763 2895 1985 2944 sensibus
2012 2905 2064 2944 et
2084 2896 2395 2960 opinionibus
2418 2896 2536 2945 isto-

277 2993 386 3026 rum
409 2977 702 3026 saeculorum
721 2976 1006 3025 adumbrata
1025 2985 1156 3025 sunt.
1213 2978 1378 3031 Quare
1401 2976 1551 3024 etiam
1570 2976 1697 3025 ferre
1719 2976 1965 3034 debemus,
1984 2975 2029 3025 si
2050 2993 2157 3039 quae
2178 2976 2343 3040 paullo
2364 2976 2537 3024 altiore

278 3073 334 3106 ac
351 3056 585 3120 graviore
602 3055 780 3121 spiritu
797 3056 878 3104 hic
899 3055 1030 3104 dicta
1047 3055 1350 3122 reperiamus
1368 3075 1380 3113 3
1417 3056 1595 3105 deinde
1620 3071 1737 3120 yero
1756 3056 1985 3118 quoniam
2002 3055 2289 3122 impotentis
2312 3063 2363 3104 et
2383 3055 2537 3118 spreti

277 3137 462 3186 amoris
485 3145 632 3186 astus
649 3135 734 3184 ille
757 3151 814 3184 ac
837 3135 982 3194 furor,
1001 3136 1056 3183 in
1078 3151 1248 3184 omnes
1265 3146 1430 3201 partes
1449 3136 1667 3185 animum
1684 3136 1895 3200 rapiens,
1915 3137 2074 3201 ipsum
2090 3135 2300 3200 legentis
2317 3135 2537 3184 animum

277 3232 591 3266 commovere
611 3215 828 3270 videtui-3
855 3231 1130 3278 quanquam
1143 3216 1234 3264 hac
1254 3217 1305 3264 in
1323 3225 1462 3281 parte
1479 3216 1732 3264 Theocriti
1748 3217 1971 3280 vestigiis
1983 3216 2175 3276 institit,
2199 3216 2338 3281 Idyll.
2356 3216 2390 3275 i,
2406 3216 2536 3264 unde

277 3315 387 3362 quae
408 3299 474 3348 de
497 3296 761 3362 Daphnide
783 3295 914 3344 dicta
935 3305 1075 3344 erant
1105 3296 1160 3344 in
1182 3297 1380 3346 Gallum
1401 3297 1665 3355 transtulit,
1686 3307 1743 3346 ut
1764 3298 1917 3346 multa
1950 3307 2137 3346 tantum
2162 3297 2353 3346 Latinis
2373 3295 2535 3345 verbis

277 3379 566 3436 reddiderit,
589 3377 642 3426 in
663 3377 772 3426 aliis
793 3385 958 3425 autem
979 3392 1092 3426 cum
1115 3393 1176 3425 eo
1191 3377 1474 3434 certaverim
1511 3377 1740 3426 universe
1764 3393 1877 3426 vero
1900 3395 1931 3426 a
1951 3377 2262 3442 simplicitate
2286 3387 2338 3426 et
2354 3393 2533 3426 venus-

277 3469 382 3508 tate
403 3457 650 3523 pastor-itii
673 3455 903 3506 carminis
925 3467 976 3504 et
997 3457 1290 3506 Theocritea
1310 3458 1549 3506 suavitate
1572 3457 1624 3505 in
1645 3457 1891 3520 plerisque
1914 3458 2183 3506 recesserit.

211 3539 328 3588 Jam
349 3539 416 3587 de
441 3537 681 3602 Lycoride
703 3536 889 3585 addunt
903 3536 1213 3600 interpretes,
1236 3537 1407 3585 Servio
1425 3538 1575 3586 duce:
1613 3536 1765 3585 fuisse
1788 3540 1893 3599 ejus
1914 3553 2083 3586 verum
2108 3552 2286 3585 nomen
2308 3537 2534 3600 Cytheri-

277 3620 410 3678 dem,
433 3627 485 3667 et
501 3633 610 3666 esse
642 3631 750 3666 eam
781 3616 986 3664 eandem
1013 3631 1126 3664 cum
1153 3616 1355 3666 Antonii
1387 3616 1544 3664 amica
1575 3615 1673 3674 illa,
1698 3616 1861 3672 mima,
1886 3632 1951 3664 ex
1972 3616 2222 3664 Ciceronis
2247 3615 2459 3679 Philipp.
2482 3615 2536 3674 ii,

277 3703 362 3758 24,
401 3701 466 3747 25
495 3697 684 3756 infami,
721 3698 862 3759 cujus
886 3711 1066 3746 nomen
1100 3710 1272 3752 verum
1302 3695 1397 3744 fuit
1427 3693 1709 3751 Volumnia,
1736 3694 1965 3757 quoniam
1997 3695 2250 3744 Volumnii
2282 3695 2539 3760 Eutrapeli

285 3779 467 3829 liberta
489 3785 632 3827 esset.

397 3973 821 4056 ΕκτιιΕΜυΜ
849 3989 1048 4068 hunc,
1081 3988 1443 4069 Arethusa,
1478 3991 1633 4055 mihi
1665 3993 1951 4056 concede
1982 3991 2289 4056 laborem.

389 4091 617 4156 Pauca
647 4113 792 4155 meo
823 4090 1042 4169 Gallo,
1075 4085 1192 4156 sed
1223 4116 1371 4177 quae
1400 4091 1577 4178 legat
1606 4094 1749 4178 ipsa
1783 4091 2082 4176 LycoriS,

289 4277 332 4332 l,
357 4276 404 4321 2.
441 4277 734 4330 Arethusam,
761 4273 1044 4336 Nympharn
1077 4273 1270 4331 Siciliae,
1297 4283 1351 4322 ut
1414 4273 1517 4321 scil.
1538 4282 1595 4322 ut
1612 4283 1663 4321 et
1681 4273 1935 4321 erubescat
1951 4273 2013 4321 de
2032 4273 2227 4324 levitate
2246 4291 2333 4324 sua
2350 4292 2405 4324 ac
2424 4292 2536 4340 pcr-

217 4341 270 4387 in
303 4337 526 4386 carmine
558 4336 794 4395 bucolico,
823 4352 912 4400 pro
945 4337 1094 4386 Musa
1125 4338 1342 4386 invocat:
1417 4337 1548 4394 fidia,
1574 4346 1624 4385 et
1655 4346 1753 4384 tam
1783 4337 1965 4384 bonum
1986 4353 2041 4386 ac
2071 4349 2376 4388 constantem
2402 4355 2534 4388 ama-

219 4403 282 4454 ci'.
299 4402 410 4452 Bel.
425 4401 510 4460 vii,
527 4403 606 4451 21.
641 4403 735 4452 Sed
747 4419 850 4465 qaae
865 4405 988 4464 legat
1008 4405 1109 4465 ipsa
1127 4405 1320 4464 Lycoris
1335 4422 1349 4450 .-
1419 4410 1575 4450 torem
1605 4400 1805 4463 indigne
1838 4401 2111 4452 deseruisse
2146 4419 2251 4453 eam
2288 4403 2536 4466 poeniteat.
