3050 4934
1211 266 1554 333 LIBER
1597 265 1724 333 VI.

2501 267 2632 332 413

298 413 431 476 520
473 412 649 478 Tum
676 416 1202 492 me,.confectum
1230 420 1404 484 curis
1437 440 1792 502 somnoque
1823 429 2183 502 gravatum,

477 513 715 579 Infelix
744 515 975 582 habuit
1002 517 1348 596 thalamuS,
1379 521 1758 604 pressitque
1774 520 2102 604 jacentem

140 612 360 704 ‘2:55'
474 615 811 706 Dulcis-et
840 618 971 682 alta
999 621 1209 702 quiea,
1239 620 1648 704 placidoeque
1678 620 1992 685 simillima
2021 623 2235 686 morti.

479 717 773 802 Egregia
798 719 1051 784 interea
1079 722 1321 805 conjux
1351 743 1532 785 arma
1561 724 1774 786 omnia
1805 725 1996 786 tectis

477 817 781 896 Emovet,
813 830 880 884 et
908 820 1115 884 fidum
1137 817 1345 906 'capiti
1375 823 1786 886 subduxerat
1815 845 2036 888 ensem
2061 852 2078 902 ;

304 920 433 983 525
476 919 659 984 Intra
690 931 863 985 tecta
893 933 1082 986 vocat
1111 923 1511 1000 Menelaum,
1541 934 1612 988 et
1639 923 1856 988 limina
1885 926 2144 1008 pandit:

477 1021 739 1086 Scilicet
766 1023 836 1086 id
865 1045 1169 1108 magnum
1202 1046 1472 1108 sperans
1505 1024 1647 1088 fore
1677 1047 1910 1089 munus
1939 1027 2202 1103 amanti,

478 1123 573 1187 Et
601 1123 834 1186 famam
863 1126 1191 1208 exstingui
1222 1136 1513 1190 veterum
1538 1126 1630 1189 sic
1659 1147 1856 1210 posse
1885 1125 2220 1191 malorum.

479 1223 662 1296 Quid
686 1229 941 1290 moror?
988 1226 1707 1310 irrumpunt-thalamo:
1755 1249 1974 1292 comes
2003 1229 2268 1293 additus
2299 1251 2428 1293 una

478 1324 805 1391 Hortator
836 1325 1153 1391 scelerum
1184 1327 1509 1392 AEolideS.
1590 1327 1707 1406 Di,
1737 1327 1892 1392 talia
1923 1329 2146 1394 Graiis

306 1427 441 1490 ‘530
484 1427 892 1506 Instaurate3
937 1429 1049 1514 pio
1043 1431 1397 1518 „si-p-oenas
1430 1451 1544 1493 ore
1574 1450 1874 1512 reposce.

479 1528 614 1592 Sed
643 1539 710 1593 te
740 1531 853 1613 qui
882 1531 1093 1593 vivum
1124 1520 1351 1606 casua,
1372 1517 1502 1614 age*
1525 1525 1663 1596 'fare
1694 1529 1997 1608 vicissim,

474 1627 861 1694 Attulerint.
939 1629 1250 1714 Pelagine
1282 1633 1463 1694 venis
1492 1633 1826 1696 erroribus
1855 1643 2065 1710 actua,

476 1729 585 1794 An
614 1732 862 1795 monitu
892 1731 1155 1797 divum?
1202 1755 1286 1796 an
1317 1755 1466 1817 quae
1496 1743 1564 1797 te
1593 1732 1856 1796 fortuna
1885 1733 2142 1818 fatigat,

478 1831 575 1896 Ut
600 1832 823 1897 tristes
856 1833 993 1897 sine
1027 1833 1163 1898 sole
1195 1835 1447 1910 domoS,
1480 1829 1624 1898 loca
1655 1835 1944 1912 turbida,
1973 1837 2234 1901 adires?

304 1933 433 1996 535
478 1931 627 1997 Hac
659 1933 797 1998 vice
831 1955 1197 1998 sermonum
1228 1935 1435 1999 roseis
1466 1934 1734 1999 Aurora
1761 1936 2096 2019 quadrigis

477 2035 629 2098 Jam
656 2035 941 2099 medium
971 2035 1243 2100 aetherio
1273 2058 1467 2100 cursu
1500 2037 1850 2120 trajecerat
1878 2059 2102 2101 axem:

481 2134 575 2199 Et
601 2134 737 2198 fors
770 2157 957 2199 omne
990 2137 1213 2202 datum
1242 2136 1582 2202 traherent
1612 2159 1732 2221 per
1760 2136 1915 2202 talia
1945 2150 2240 2224 tempu83

305 2345 463 2394 thiaso
494 2345 813 2395 bacchantum
846 2347 1005 2396 ducto.
1066 2348 1261 2396 Helena
1282 2348 1435 2411 igitur

302 2410 696 2459 circumducebat
724 2411 961 2474 Trojanas
984 2421 1229 2461 matronas
1251 2421 1434 2460 evantes

304 2478 451 2538 orgia,
486 2489 549 2522 ex
592 2475 839 2538 erg-iorum
882 2491 1033 2534 more,
1075 2473 1332 2537 εὖαζούσας
1369 2475 1434 2524 τὰ

306 2537 457 2600 ὄργια,
468 2539 657 2587 evando
670 2539 986 2596 celebrantes,
998 2541 1091 2588 lue.
1105 2537 1431 2602 ὀργιαζούσαις,

304 2602 437 2651 inter
470 2602 599 2651 faces
627 2606 849 2665 jactatas.
906 2607 1090 2652 Summa
1123 2622 1180 2652 ex
1216 2621 1336 2662 arce,
1371 2603 1433 2652 ad

307 2667 553 2715 Helenam
575 2667 718 2718 refer.

370 2734 482 2779 520.
520 2730 780 2793 Confectum
794 2736 917 2781 curis
929 2749 1161 2794 800quoe
1173 2741 1431 2796 grewatam.

304 2797 605 2860 Comparant
625 2796 835 2860 interpp.
862 2797 1036 2860 Odyss·
1062 2795 1102 2857 ζ’,
1129 2799 1173 2843 2.

370 2863 481 2908 524.
530 2863 717 2909 Emooet
760 2871 811 2908 et
852 2865 1149 2918 modu-terat,
1196 2861 1287 2908 etsi
1334 2875 1433 2908 non

304 2923 633 2986 grammatice,
656 2935 819 2973 tamen
852 2925 915 2973 ad
945 2925 1237 2973 sententiam
1262 2925 1433 2974 saltem

306 3003 351 3036 w
372 2989 843 3110 ἕέἒωέἓξςυέιιιζνε
875 3054 967 3101 hoc
1014 3063 1063 3102 et
1114 3054 1433 3103 Homericum

306 3116 430 3180 (vid.
454 3117 625 3182 Odyas.
648 3122 689 3176 θ,
712 3117 822 3176 617,
848 3117 969 3180 518)
992 3118 1121 3181 quod
1142 3135 1235 3168 nec
1256 3121 1317 3167 ab
1338 3119 1431 3167 hoc

304 3182 520 3230 facinore
541 3181 741 3246 Ulysse-
761 3184 911 3231 abest.
960 3186 1168 3231 AEolz'dee
1188 3183 1287 3241 ille,
1310 3199 1429 3246 qua-

304 3256 449 3295 tenus
484 3249 528 3309 ej
690 3263 783 3294 nus
816 3261 847 3294 a
884 3247 1134 3296 nonnullis
1171 3263 1201 3295 a
1224 3247 1435 3310 Sisypho

304 3311 519 3369 ductum,
546 3311 677 3358 AEoi
705 3310 821 3368 filio,
844 3325 875 3358 a
896 3327 993 3373 quo
1022 3311 1247 3360 Anticlea
1278 3323 1435 3360 mater

305 3385 421 3423 aute
468 3375 667 3439 nuptias
708 3391 820 3423 cum
855 3376 1034 3424 Laerta
1078 3376 1230 3424 factas
1274 3375 1435 3424 fuerat

306 3455 599 3504 compressa.

372 3505 483 3552 580.
536 3505 817 3561 Instant-ate,
856 3505 1011 3562 docte,
1046 3504 1317 3561 retribuite,
1350 3519 1429 3552 re-

302 3567 521 3633 pendite.
578 3571 665 3616 Pe’o
686 3585 777 3626 ore,
800 3567 845 3616 si
866 3583 1037 3644 poenaa
1053 3571 1211 3630 justas
1232 3577 1361 3633 peto.

374 3634 646 3680 531—534.
684 3632 817 3680 Mira
834 3632 991 3681 vnderi
1020 3641 1185 3696 potest
1211 3632 1425 3708 appella·

302 3697 390 3755 tio,
424 3711 543 3744 num
579 3711 743 3745 errore
774 3697 1019 3744 maritimo
1048 3697 1110 3744 ad
1137 3698 1245 3746 loca
1274 3697 1431 3745 infera

302 3761 494 3810 delatus
510 3760 589 3808 sit.
642 3761 741 3809 Sed
764 3761 1075 3824 cogitandum
1097 3773 1173 3809 est
1193 3763 1255 3809 de
1278 3760 1428 3820 aditu,

302 3825 461 3888 qualis
478 3825 651 3874 AEneae
664 3825 769 3883 ruit,
784 3841 875 3890 per
891 3827 1155 3883 Avernum,
1172 3835 1433 3890 postquam

302 3891 367 3938 ad
384 3891 660 3938 Cumanum
686 3889 823 3938 littus
842 3905 871 3937 a
904 3890 1109 3954 pulerat.
1167 3894 1243 3938 An
1260 3907 1361 3952 quae
1384 3899 1429 3938 te

287 3953 487 4017 fortuna
495 3953 681 4017 fatigat
696 3953 861 4017 paullo
870 3906 1043 4004 gurim
1056 3954 1239 4003 dictum
1282 3970 1353 4011 ro,
1368 3971 1431 4002 an

288 4018 489 4080 sartum
512 4019 677 4077 (sexto
704 4017 847 4080 casu)
876 4023 1015 4077 venis,
1036 4035 1135 4081 quae
1168 4028 1213 4068 te
1261 4023 1427 4082 affigat,

302 4085 350 4131 h.
376 4098 493 4130 casu
518 4083 754 4138 adven-soz
788 4083 983 4131 fortuna
1010 4084 1187 4132 infesta
1216 4086 1311 4132 huc
1342 4083 1426 4132 ad-

301 4147 491 4195 ductus.
550 4149 675 4194 Loca
727 4151 929 4195 turbida.
984 4149 1311 4212 Cogitandum
1356 4156 1433 4196 est

302 4213 467 4260 Chaos
488 4211 551 4259 ad
586 4211 691 4259 loca
713 4211 869 4260 infera
904 4212 1077 4261 referri
1116 4212 1343 4260 solitum:
1380 4221 1431 4260 et

302 4293 385 4325 aer
409 4278 621 4323 turbidus
642 4291 733 4340 pro
755 4277 975 4324 obscuro.

368 4341 643 4388 535-539.
686 4343 795 4388 Hac
808 4345 905 4389 vice
933 4357 1181 4390 sermonum
1205 4339 1428 4389 Guellius

302 4406 515 4454 illustrat
536 4420 626 4468 per
651 4405 969 4454 Homericum
996 4409 1099 4454 Νῶϊ
1115 4404 1204 4466 μὲν
1224 4405 1286 4454 ὣς
1318 4403 1425 4453 ἐτέ-

1498 2365 1638 2398 εσσιν
1652 2348 1956 2410 mammea.
2015 2351 2098 2399 Ex
2112 2352 2266 2401 altero
2281 2367 2426 2403 versu
2449 2370 2503 2403 se
2527 2371 2627 2404 non

1496 2413 2228 2539 ffifflffiffffissfflffie
2247 2432 2274 2464 ⁰
2307 2433 2444 2530 ‘2532’
2463 2435 2628 2532 ⁵¹:5¹3ss

1498 2549 1555 2588 ut
1571 2539 1822 2597 fateamur,
1842 2549 1927 2588 aut
1947 2557 2038 2590 noa
2063 2556 2164 2590 non
2183 2543 2304 2592 satia
2321 2500 2626 2596 commodffim

1497 2603 1854 2667 interpretandi
1876 2614 2036 2668 poetae
2063 2605 2302 2655 rationem
2334 2617 2516 2668 tenere,
2541 2621 2627 2660 aut

1497 2676 1693 2732 poetam
1708 2667 1800 2716 sibi
1819 2668 1910 2732 ipsi
1931 2669 2062 2716 haud
2079 2679 2316 2729 constare,
2333 2680 2625 2737 aut‘poetam

1498 2732 1699 2781 omnino
1723 2743 1996 2796 temporum
2017 2734 2232 2784 rationes
2262 2737 2393 2786 haud
2413 2752 2622 2787 mirasse.

1500 2797 1567 2844 Et
1601 2796 1826 2844 ultimum
1859 2797 1951 2844 hoc
1991 2808 2225 2861 praestare
2270 2801 2460 2850 caeteris
2503 2803 2626 2852 mihi

1498 2861 1705 2919 videtur,
1731 2877 1822 2909 nec
1847 2871 2006 2910 certas
2036 2871 2310 2927 temporum
2340 2875 2480 2914 notas
2512 2883 2624 2915 eum

1498 2925 2626 3058 fflss‘ss032ffl⁸⁸0212÷3³152ut1⁰²33215¹3523

1497 3071 1590 3119 pro
1611 3055 1734 3102 coelo
1755 3055 1956 3103 omnino
1977 3055 2150 3114 dictus,
2171 3066 2230 3105 ut
2258 3069 2309 3106 et
2337 3058 2466 3107 alibi.
2527 3061 2620 3109 Fa-

1494 3119 1565 3167 cit
1575 3128 1740 3167 autem
1758 3119 1952 3168 Aurora
1968 3121 2218 3184 quadrigis
2235 3123 2338 3172 suis
2355 3125 2417 3171 ab
2435 3122 2624 3174 oriente

1496 3193 1666 3232 evecta
1686 3183 1946 3232 decursum
1971 3201 2060 3248 per
2079 3185 2190 3234 coeli
2215 3203 2490 3238 convexum
2513 3204 2624 3238 ver-

1496 3263 1582 3296 sus
1603 3247 1918 3306 occidentem,
1945 3250 2116 3299 eodem
2137 3252 2282 3300 modo
2304 3263 2450 3316 atque
2467 3253 2511 3302 is
2540 3255 2625 3316 qui

1498 3310 1809 3374 subsequitur
1829 3311 1978 3370 illam,
2003 3314 2103 3363 Sol.
2135 3317 2339 3364 Aurorae
2365 3317 2626 3368 decursum

1497 3375 1630 3423 hunc
1662 3383 1781 3439 puta
1814 3377 1920 3424 fleri
1953 3378 2082 3426 intra
2114 3388 2308 3443 tempus
2340 3381 2542 3430 diluculi
2575 3391 2627 3430 et

1499 3439 1594 3488 orti
1619 3439 1758 3488 Solis.
1815 3441 1979 3490 Noctu
2013 3443 2146 3491 enim
2185 3443 2366 3494 factum
2405 3455 2512 3494 erat
2543 3461 2618 3494 sa·

1498 3519 1664 3558 crumz
1700 3503 1796 3552 iter
1810 3507 2204 3569 autem-ingressi
2227 3517 2368 3556 erant
2384 3509 2446 3557 ad
2467 3509 2626 3558 infera

1498 3568 1606 3615 loca
1614 3570 1718 3629 jam
1732 3569 1822 3616 nub
1837 3569 2039 3618 diluculi
2059 3579 2264 3633 tempus,
2284 3576 2428 3632 primi
2445 3577 2530 3620 sub
2549 3576 2622 3622 lu-

1494 3636 1620 3680 mina
1640 3634 1749 3679 solis
1770 3640 1817 3679 et
1838 3641 1978 3690 ortus,
2004 3649 2048 3680 v.
2079 3635 2187 3682 255.
2247 3635 2410 3698 Igitur
2431 3637 2624 3687 Aurora

1488 3700 1594 3760 jam
1615 3696 1726 3744 coeli
1747 3706 1936 3760 partem
1953 3697 2164 3760 aliquam
2190 3698 2324 3760 (nam
2350 3715 2414 3748 ex
2435 3702 2622 3765 vulg-ari

1496 3769 1752 3826 poetarum
1775 3776 1882 3818 usu,
1905 3777 2002 3824 quo
2021 3762 2152 3810 intra
2175 3763 2298 3812 fines
2319 3765 2486 3813 omnia
2505 3777 2624 3815 sunt

1496 3829 1660 3882 media,
1677 3824 1728 3873 id
1745 3840 1934 3888 quoque
1953 3831 2150 3876 medium
2177 3831 2338 3877 coelun
2350 3840 2508 3893 poetae
2524 3830 2624 3878 dici

1494 3890 2196 4020 {Ssoei‘essffiueiss‘ffieffiss'qssss
2209 3909 2621 4022 ”Jossss'ffssffi

1986 3990 1997 4012 2

1494 4024 1607 4078 ruit,
1629 4021 1794 4067 AEnea.
1853 4020 1932 4068 De
1955 4021 2140 4069 reditus
2171 4021 2232 4069 ad
2261 4037 2464 4085 superos
2493 4035 2618 4072 tem-

1494 4099 1614 4148 pore
1643 4084 1714 4131 nil
1745 4093 1984 4132 memorat
2013 4093 2170 4148 poeta.
2232 4085 2405 4147 Itaque
2437 4103 2528 4136 nec
2557 4088 2620 4136 de

1494 4165 1556 4196 eo
1577 4148 1907 4197 laborandum.
1967 4149 2063 4196 Sed
2086 4165 2150 4196 ex
2175 4165 2422 4199 sacrorum
2453 4152 2617 4200 Mani-

1494 4215 1586 4261 bus
1607 4213 1845 4261 factorum
1867 4228 2015 4270 more,
2041 4223 2148 4260 orto
2168 4213 2249 4262 die
2269 4214 2374 4263 sive
2397 4215 2488 4266 hoc
2513 4217 2620 4266 sive

1494 4277 1604 4334 alio,
1629 4277 1810 4324 AEneas
1826 4276 1982 4325 infera
1997 4277 2102 4324 loca
2124 4278 2398 4340 relinquere
2421 4281 2590 4332 debuit
2603 4301 2622 4336 ε

1492 4351 1550 4388 ut
1571 4341 1786 4388 vicissim
1812 4356 1922 4388 cum
1954 4352 2062 4390 ortu
2095 4341 2212 4391 solis
2241 4344 2416 4394 Manes
2445 4347 2506 4395 ad
2540 4347 2620 4396 in-

1494 4403 1598 4453 fera
1620 4405 1725 4453 loca
1741 4404 1904 4454 redire
1926 4406 2097 4455 solent.
