3050 4934
1213 236 1553 303 LIBER
1600 239 1701 303 11.

2476 250 2597 313 261

471 377 768 443 Culmina
797 383 1197 450 convellunt:
1245 387 1348 451 his
1379 410 1474 465 se,
1503 390 1771 473 quando
1798 389 2023 456 ultima
2046 406 2344 472 cernunt,

467 478 786 545 Extrema
803 484 942 566 jam
970 485 1036 549 in
1065 497 1274 551 morte
1304 500 1544 572 parant.
1570 488 1927 556 defendere
1957 493 2139 573 telis3

465 579 884 667 Auratasque
919 587 1162 663 trabes,
1195 600 1488 653 veterum
1518 590 1759 655 decora
1789 590 1920 656 alta
1948 606 2313 677 parentum,

464 678 876 749 Devolvunt:
923 686 1028 750 alii
1060 690 1298 753 strictis
1331 692 1747 756 mucronibus
1778 693 1937 757 imas

287 777 422 841 450
467 780 814 848 Obsedere
845 785 1060 865 fores;
1101 788 1223 851 has
1255 801 1516 854 servant
1546 792 1799 874 agmine
1830 792 2059 858 denso.

467 880 818 948 Instaurati
844 889 1060 965 animi,
1091 891 1268 973 regis
1299 912 1683 956 succurrere
1715 894 1927 969 tectis,

463 980 860 1069 Auxilioque
888 986 1104 1053 levare
1133 991 1330 1067 viros,
1360 991 1615 1075 vimque
1647 992 1892 1057 addere
1924 996 2128 1059 victiS.

549 1083 780 1149 Limen
809 1099 974 1166 erat,
1007 1111 1330 1175 caecaeque
1360 1091 1559 1169 soree,
1592 1103 1659 1156 et
1688 1094 1949 1176 pervius
1982 1118 2139 1159 usus

459 1181 818 1250 Tectorum
845 1189 1017 1254 inter
1045 1212 1115 1254 se
1147 1190 1407 1269 Priami,
1441 1204 1796 1276 postesque
1828 1193 2036 1259 relicti

283 1284 414 1346 455
459 1282 526 1347 A
557 1295 780 1370 terg03
825 1288 1048 1354 infelix
1076 1314 1206 1374 qua
1235 1315 1329 1369 se,
1361 1292 1520 1357 dum
1550 1315 1751 1377 regna
1780 1296 2150 1373 manebant,

459 1384 716 1469 Saepius
747 1385 1209 1455 Andromache
1237 1392 1409 1458 ferre
1441 1395 1812 1458 incomitata
1843 1394 2094 1461 solebat

455 1484 570 1550 Ad
599 1508 884 1567 socerOS,
916 1501 986 1555 et
1012 1514 1134 1555 avo
1161 1514 1438 1575 puerum
1467 1491 1871 1577 Astyanacta
1901 1496 2225 1561 trahebat.

457 1586 692 1651 Evado
720 1590 806 1653 ad
835 1592 1064 1655 summi
1091 1591 1352 1677 fastigia
1380 1592 1671 1657 culminis
1694 1620 1711 1671 ;
1760 1594 1935 1659 unde

454 1685 623 1751 Tela
649 1710 844 1754 manu
867 1692 1086 1757 miseri
1104 1694 1444 1776 jactabant
1469 1694 1653 1757 irrita
1683 1693 1949 1759 Teucri.

275 1786 412 1850 460
452 1787 743 1867 Turrim,
773 1791 840 1854 in
868 1794 1186 1877 praecipiti
1215 1804 1515 1871 stantem,
1548 1796 1941 1878 summisque
1974 1798 2096 1859 sub
2128 1807 2307 1861 astra

457 1888 784 1954 Eductam
813 1894 1024 1968 tectis,
1055 1895 1230 1959 unde
1260 1896 1464 1959 omnis
1494 1894 1701 1978 Troja
1730 1896 1959 1972 videri,

455 1990 548 2053 Et
578 1989 880 2056 Danal‘im
913 1992 1120 2058 solitae
1149 2018 1370 2071 naveS,
1403 2008 1472 2059 et
1499 1993 1755 2060 Achaia
1782 2006 2021 2081 castra,

454 2088 775 2175 Aggressi
805 2092 980 2158 ferro
1011 2096 1275 2172 circum,
1305 2118 1436 2180 qua
1466 2118 1714 2159 summa
1739 2096 2035 2161 labantes

451 2190 808 2258 Juncturas
839 2194 1132 2261 tabulata
1160 2198 1430 2274 dabant,
1464 2196 1877 2261 convellimus
1908 2196 2052 2261 altis

303 2462 452 2573 [ΗΞ.
488 2462 731 2512 Videntur
763 2465 816 2513 lii
849 2465 1044 2515 stetisse
1077 2466 1206 2515 intra
1238 2467 1396 2515 forest

271 2542 302 2573 c
361 2526 412 2573 in
469 2529 581 2583 484,
605 2530 716 2575 485.

337 2591 450 2637 451.
499 2590 610 2639 Hoc
645 2592 754 2657 ipso
785 2608 950 2641 rerum
984 2594 1218 2658 adspectu
1251 2610 1394 2642 reno-

273 2662 442 2701 vatum
463 2654 516 2701 in
538 2655 698 2704 AEnea
719 2656 976 2705 consilium
998 2674 1054 2705 ac
1077 2659 1394 2723 propositum,

271 2718 402 2779 quod
418 2720 522 2781 J’am
543 2718 734 2782 pridem
756 2732 952 2785 ceperat
975 2724 1044 2781 (v.
1071 2724 1182 2779 315,
1206 2738 1396 2769 concar-

271 2798 374 2830 νινε
405 2785 454 2829 in
485 2784 676 2845 arcem),
705 2794 762 2832 ut
789 2784 940 2847 regiae
963 2785 1253 2848 Priamoque
1286 2801 1394 2833 suc-

269 2855 504 2895 curreret.

333 2911 610 2958 453—458.
645 2910 770 2960 Cum
792 2912 952 2961 aditus
973 2913 1036 2961 ad
1057 2912 1242 2975 regiam
1264 2912 1392 2961 obsi·

267 2973 468 3023 deretur
507 2977 568 3023 ab
605 2975 841 3033 hostibus,
881 2978 1068 3041 postica
1105 2985 1247 3041 porta
1287 2992 1396 3024 eam

269 3038 422 3087 intrat
443 3038 644 3095 AEnms,
669 3050 718 3087 et
748 3056 778 3088 a
801 3052 938 3103 tergo
951 3041 1174 3105 pervenit
1195 3040 1257 3088 ad
1291 3050 1392 3088 tec·

269 3112 374 3151 tum
415 3102 579 3166 reg-iae,
622 3118 718 3166 qua
751 3116 891 3168 parte
930 3120 1100 3154 versus
1140 3104 1334 3179 aditum·
1367 3119 1396 3152 a

267 3166 428 3215 Fronte
447 3167 620 3216 domus
641 3178 902 3232 pugnatur.
944 3169 1038 3217 lua
1055 3179 1196 3243 porta
1209 3178 1398 3243 postica

267 3247 380 3306 cum
414 3242 604 3290 ornatu,
641 3248 787 3294 quem
821 3243 920 3281 tam
1071 3297 1082 3307 ¹
1199 3248 1280 3280 res
1311 3246 1396 3281 vix

267 3295 525 3343 videbatur
561 3312 737 3371 capere
778 3312 939 3371 posse,
981 3296 1264 3361 designatur
1305 3312 1396 3361 per

265 3368 476 3423 quatuor
505 3360 960 3409 determinationes:
1001 3372 1076 3409 est
1105 3364 1256 3417 limen,
1279 3370 1396 3409 sunt

266 3440 414 3482 εισι,
445 3424 494 3471 h.
527 3440 571 3472 e.
607 3423 786 3487 ignote
821 3425 930 3473 aliis
961 3440 1054 3473 nec
1086 3422 1285 3488 cognitu
1318 3424 1391 3471 fa-

265 3487 386 3537 ciles
403 3496 454 3537 et
473 3488 644 3547 obvie,
653 3487 1032 3551 soree—pervius
1048 3506 1158 3538 usus
1178 3497 1396 3537 tector-nm

265 3554 449 3601 Pria-u·
489 3556 611 3601 inter
643 3570 707 3610 ae,
743 3554 791 3601 h.
831 3568 871 3601 e.
907 3568 1002 3616 qua
1039 3568 1312 3601 commeare
1345 3560 1396 3600 et

263 3615 528 3665 convenire
555 3632 610 3665 se
640 3616 851 3665 invicem
884 3617 1136 3665 commode
1167 3624 1398 3691 poterant

263 3681 348 3744 qui
370 3679 710 3729 inhabitabant
729 3681 928 3744 regiam,
963 3682 1010 3729 h.
1032 3696 1075 3729 e.
1107 3680 1290 3730 familia
1310 3696 1388 3728 re-

263 3746 346 3809 gia
361 3761 453 3810 per
480 3745 648 3810 plures
669 3744 852 3803 domos,
877 3756 932 3794 ut
961 3746 1094 3809 apud
1119 3745 1393 3793 Homerum

263 3820 354 3889 est,
391 3809 470 3889 vel
513 3808 682 3873 palatii
721 3820 885 3873 partes
925 3810 1156 3873 dispersa.
1233 3811 1393 3857 Postea

263 3874 842 4003 zztbspotgirgoillquz
859 3884 1004 3986 ἓξὲξ
1021 3882 1392 3986 ἓᾱυέωιίτῗιξὲ

265 4006 346 4051 Ad
373 4019 564 4059 saevos,
599 4002 848 4050 Priamum
879 4013 928 4051 et
963 4002 1246 4057 Hecubams
1289 4009 1388 4049 tra-

263 4070 414 4125 luebat,
429 4066 846 4115 accommodatum
859 4066 1088 4115 brevibus
1100 4066 1240 4130 pueri
1252 4080 1388 4128 gres-

263 4132 413 4187 sibus,
442 4147 533 4196 pro
567 4131 788 4179 ducebat.
839 4130 919 4179 Sic
939 4146 1046 4194 sup.
1071 4147 1116 4178 v.
1141 4132 1252 4187 320,
1271 4145 1387 4191 par-

263 4212 452 4257 eantque
471 4203 673 4257 nepotem
687 4196 793 4256 Ipse
813 4198 972 4243 trahit.
1015 4197 1188 4251 Evado,
1207 4210 1273 4243 sc.
1298 4194 1389 4241 hac

263 4270 408 4335 porta
437 4258 689 4333 ingressus
721 4258 920 4323 regiam,
953 4258 1008 4307 in
1030 4258 1224 4307 culmen
1248 4267 1300 4306 et
1328 4256 1389 4305 ad

267 4332 440 4435 tui-agr
461 4337 834 4449 pgvz'ruagcipn'fi,
881 4387 1053 4437 turrim
1093 4386 1144 4435 in
1183 4384 1388 4435 editiore

1464 2466 1571 2514 loco
1586 2466 1807 2530 positam,
1820 2467 2119 2529 eandemque
2128 2468 2413 2518 altissimam
2432 2491 2445 2529 ς
2464 2472 2590 2521 hanc

1463 2530 1568 2641 233
1586 2530 1769 2641 3232?
1770 2531 1979 2643 ‘'33:322“
1980 2540 2173 2643 '32221232
2179 2534 2587 2660 Ἓέξῖἑζξέ·

1461 2658 1573 2704 dem
1597 2610 1818 2713 arbitror,
1840 2658 2011 2707 ferreis
2032 2658 2173 2707 uncis
2195 2668 2245 2707 et
2265 2661 2423 2710 contis
2444 2678 2586 2724 quas-

1462 2730 1617 2767 satam
1642 2729 1690 2767 et
1712 2720 2047 2768 labefactatam
2069 2724 2180 2771 altis
2202 2726 2400 2781 sedibus,
2424 2741 2453 2773 e
2473 2725 2585 2775 fun-

1462 2783 1719 2840 damentis,
1743 2783 1939 2831 tandem
1962 2784 2015 2832 in
2036 2785 2317 2835 obsidentes
2334 2788 2585 2850 deJiciunt.

1525 2848 1636 2895 461.
1685 2850 1812 2895 Unde
1844 2852 1986 2895 omnis
2015 2849 2169 2911 Trqia.
2226 2851 2401 2901 Turris
2526 2864 2591 2903 toe

1461 2926 1525 2959 ex
1564 2910 1703 2959 Iliad.
1735 2922 1787 2973 φ,
1817 2913 1913 2959 526
1946 2928 2048 2974 sqq.
2086 2924 2201 2961 nata
2236 2930 2343 2963 esse
2378 2869 2587 2977 vigggir,

1461 2975 1544 3023 ubi
1570 2975 1803 3023 Hectoris
1832 2976 1985 3024 fatum
2010 2992 2073 3025 ex
2098 2992 2158 3025 ea
2188 2978 2425 3053 prospicit
2446 2980 2585 3029 Pria·-

1459 3054 1571 3088 mus
1590 3055 1701 3087 cum
1724 3040 1963 3102 Trojanis.
2032 3040 2246 3105 Egregia
2278 3051 2442 3092 autem
2474 3060 2585 3093 cum

1461 3114 1565 3151 arte
1598 3104 1701 3151 baec
1732 3104 1919 3153 inserta
1950 3114 2066 3153 sunt
2096 3121 2127 3153 a
2160 3114 2305 3170 poeta
2327 3107 2390 3155 ad
2416 3122 2585 3162 rerum

1459 3166 1635 3215 faciem
1668 3168 1963 3227 variandam,
2000 3170 2131 3231 quod
2168 3170 2317 3219 etiam
2350 3172 2589 3221 Wartono

1459 3233 1783 3280 observatum.

1524 3296 1635 3353 463,
1658 3296 1769 3345 464.
1804 3299 1989 3345 Summi
2010 3301 2221 3347 tabulata
2244 3302 2422 3348 dabant
2437 3301 2583 3363 junc-

1459 3367 1589 3407 turas
1614 3362 1833 3408 labantes.
1890 3360 2088 3409 Scilicet
2104 3370 2261 3411 turres
2282 3364 2587 3415 habebantur

1459 3432 1667 3485 quatuor
1709 3434 1760 3471 et
1802 3424 2016 3487 plurium
2066 3426 2391 3475 tabulatorum
2436 3428 2583 3477 adeo-

1459 3503 1555 3551 que
1578 3496 1628 3535 et
1647 3487 2093 3561 contignationuma
2118 3505 2321 3551 quarum
2345 3490 2481 3552 tigna
2506 3492 2585 3540 vel

1459 3552 1623 3599 trabes
1656 3551 1897 3614 capitibus
1936 3552 2041 3599 suis
2076 3552 2305 3601 immissae
2356 3568 2463 3601 esse
2496 3554 2580 3603 de-

1457 3616 1577 3665 bent
1598 3614 1878 3679 parietibus.
1935 3614 2049 3662 Jam
2071 3615 2117 3662 h.
2142 3614 2174 3662 l.
2198 3632 2417 3664 summum
2446 3621 2582 3667 tabu·

1457 3682 1615 3737 latum,
1656 3694 1747 3726 cur
1787 3678 1985 3742 proprie
2028 3676 2213 3726 dictum
2254 3679 2395 3737 nolis,
2440 3698 2587 3731 causa

1455 3742 1633 3791 idonea
1650 3757 1749 3790 non
1772 3750 1872 3789 est:
1908 3742 2001 3789 hoc
2022 3741 2164 3789 facile
2182 3742 2467 3793 admittebat
2490 3761 2581 3795 un-

1455 3824 1541 3856 cos
1562 3816 1613 3855 et
1643 3815 1813 3854 contos
1844 3805 1897 3854 in
1921 3806 2163 3868 juncturis
2192 3807 2293 3855 suis
2326 3806 2397 3869 (h.
2423 3824 2465 3855 e.
2490 3824 2585 3871 qua

1455 3879 1597 3935 parte
1632 3870 1794 3919 trabes
1832 3870 2029 3919 insertae
2066 3880 2117 3919 et
2148 3871 2283 3920 fultae
2320 3880 2465 3921 erant
2493 3888 2581 3936 pa-

1456 3934 1621 3995 riete),
1646 3950 1754 3997 quae
1782 3934 1971 3983 facilius
1992 3935 2243 3993 cedebant,
2270 3944 2321 3984 et
2346 3936 2584 3986 insertum

1456 4014 1637 4048 uncum
1670 3998 1985 4063 recipiebant,
2008 4014 2152 4061 quam
2176 4000 2361 4048 solidus
2390 4000 2581 4064 pariesg

1455 4064 1621 4126 itaque
1671 4066 1892 4120 labantes,
1946 4062 2191 4119 cedentes,
2241 4063 2463 4112 laxantes
2514 4080 2582 4114 se.

1455 4128 1656 4176 Servius
1686 4128 1827 4185 bene,
1847 4124 2025 4189 faciles
2059 4130 2123 4175 ad
2154 4129 2499 4177 rmlutioneme
2534 4140 2587 4177 et

1453 4194 1629 4239 dabant
1659 4192 1927 4253 juncturas,
1970 4189 2085 4253 plus
2132 4206 2277 4253 quam
2321 4193 2583 4249 habebant,-

1488 4256 1735 4303 raebebsnt
1770 4253 1958 4302 scilicet
2164 4254 2377 4303 ientibus
2410 4256 2583 4305 turrim

1475 4334 1598 4367 erro.
1665 4318 1856 4373 Quibus
1894 4333 1987 4365 con
2072 4318 2143 4367 sis
2175 4318 2401 4382 superior
2434 4321 2581 4371 turris

1451 4398 1569 4448 pars
1589 4382 1641 4431 in
1664 4381 2051 4447 oppugnantium
2072 4383 2235 4447 capita
2254 4382 2449 4433 decidit.
