3050 4934
1164 218 1505 284 LIBER
1551 219 1734 284 XII.

462 361 556 425 Et
586 383 757 428 nunc
787 367 1225 448 nequidquam
1246 366 1421 432 'fallis
1451 369 1598 432 dea.
1677 365 1810 430 Sed
1841 367 1985 449 quis
2017 366 2304 451 Olympo

286 461 419 523 635
463 460 833 526 Demissam
863 475 1077 529 tantos
1107 466 1308 531 voluit
1336 478 1402 531 te
1433 468 1605 531 ferre
1635 466 1936 530 labores?

457 559 569 624 An
600 562 817 628 fratris
848 565 1065 628 miseri
1092 565 1339 630 lethum
1369 578 1441 630 ut
1472 566 1735 631 crudele
1766 567 2066 629 videres?

450 660 627 725 Nam
655 664 815 745 quid
844 668 1011 747 ago?
1058 677 1173 730 aut
1198 689 1346 749 quae
1366 669 1503 750 jam
1537 667 1816 750 spondet
1842 664 2132 728 Fortuna
2163 663 2478 731 salutem?

454 761 611 826 Vidi
640 762 860 827 oculos
892 776 1041 828 ante
1072 767 1214 848 ipse
1243 789 1447 842 meos,
1478 789 1580 830 me
1609 788 1768 830 voce
1799 777 2156 842 vocantem,

451 861 858 939 Murranum,
890 887 1023 947 quo
1043 887 1177 928 non
1206 877 1472 948 superat
1499 865 1656 928 mihi
1677 865 1886 929 carior
1913 864 2100 940 alter,

278 961 409 1023 640
452 960 815 1052 Oppetere,
846 965 1195 1046 ingentem,
1227 976 1423 1048 atque
1452 965 1701 1048 ingenti
1729 963 1994 1028 vulnere
2023 965 2283 1028 victum.

453 1060 717 1126 Occidit
746 1061 992 1141 infelix,
1024 1085 1106 1128 ne
1136 1076 1429 1130 nostrum
1458 1066 1746 1129 dedecus
1781 1064 1993 1128 Ufens

450 1159 881 1244 Adspiceret3
928 1162 1173 1228 Teucri
1197 1166 1538 1248 potiuntur
1566 1185 1839 1248 corpore
1869 1175 1939 1228 et
1966 1164 2181 1228 armis.

454 1261 855 1327 Exscindine
884 1263 1134 1340 domos,
1168 1265 1237 1328 id
1267 1267 1465 1330 rebus
1497 1265 1707 1329 defuit
1734 1285 1954 1339 unum,

455 1360 841 1446 Perpetiar?
888 1363 1125 1426 dextra
1150 1386 1273 1429 nec
1302 1365 1586 1429 Drancis
1617 1365 1792 1428 dicta
1819 1363 2147 1428 refellam?

278 1461 409 1524 645
452 1462 678 1545 Terga
706 1461 919 1526 dabo?
965 1475 1033 1528 et
1062 1461 1362 1528 Turnum
1389 1464 1744 1548 fugientem
1773 1464 1916 1528 haec
1945 1474 2118 1527 terra
2145 1464 2439 1528 videbit?

450 1561 682 1644 Usque
714 1562 965 1626 adeone
995 1564 1157 1627 mori
1183 1565 1487 1628 miserum
1515 1566 1662 1627 est?
1712 1562 1850 1626 Vos
1880 1586 1921 1626 o
1949 1563 2104 1626 mihi
2133 1562 2370 1626 Manes

452 1660 619 1725 Este
650 1663 827 1738 boni,
858 1664 1161 1745 quoniam
1190 1665 1444 1746 superis
1476 1685 1704 1727 aversa
1732 1663 2051 1726 voluntas.

451 1761 693 1826 Sancta
724 1762 807 1825 ad
835 1784 951 1825 vos
984 1764 1212 1839 anima,
1244 1774 1440 1846 atque
1469 1764 1656 1827 istius
1685 1763 1886 1827 inscia
1915 1761 2124 1845 culpoe

453 1861 889 1938 Descendam,
917 1884 1299 1946 magnorum
1323 1863 1501 1928 haud
1533 1885 1816 1945 unquam
1841 1863 2147 1944 indignus
2177 1884 2463 1926 avorum.

276 1963 409 2026 650
539 1961 671 2024 Vix
698 1983 777 2024 ea
804 1961 979 2026 fatus
1000 1974 1185 2041 ,erat3
1230 1964 1477 2028 medios
1507 1962 1703 2038 volat,
1732 1983 1908 2038 ecce,
1941 1983 2062 2044 per
2090 1960 2318 2026 hostes

450 2061 699 2125 Vectus
729 2083 899 2144 equo
930 2073 1267 2146 spumante
1293 2063 1517 2138 SaceS,
1551 2063 1828 2126 adversa
1858 2062 2094 2144 sagitta

456 2162 729 2226 Saucius
762 2184 895 2239 ora,
930 2164 1187 2246 ruitque
1215 2161 1564 2245 implorans
1595 2163 1848 2226 nomine
1879 2161 2210 2226 Turnum:

456 2262 705 2336 Turne,
738 2262 803 2324 in
833 2272 897 2325 te
931 2283 1233 2344 suprema
1261 2261 1470 2340 salus;
1516 2264 1822 2326 miserere
1854 2271 2131 2324 tuorum.

452 2361 779 2425 Fulminat
809 2361 1061 2424 AEneas
1092 2363 1308 2437 armiS,
1342 2383 1748 2444 summasque
1778 2362 2057 2422 minatur

285 2463 414 2525 655
458 2460 887 2544 Dejecturum
917 2483 1098 2524 arces
1131 2459 1387 2536 Italfim,
1418 2461 1803 2543 excidioque
1837 2461 2169 2537 daturum;

455 2560 732 2644 Jamque
763 2560 938 2623 faces
968 2561 1051 2624 ad
1083 2570 1259 2625 tecta
1286 2559 1523 2624 volant.
1598 2560 1677 2623 In
1707 2570 1773 2624 te
1804 2580 1918 2622 ora
1949 2559 2189 2636 Latini,

453 2660 531 2725 In
559 2670 624 2723 te
655 2659 874 2723 oculos
904 2660 1231 2726 referunt:
1279 2671 1527 2724 mussat
1557 2681 1676 2723 rex
1704 2660 1844 2742 ipse
1879 2657 2176 2736 Latinus,

458 2759 645 2832 Quos
673 2781 952 2842 generos
981 2771 1190 2836 vocet,
1221 2771 1335 2823 aut
1362 2783 1511 2843 quoe
1542 2783 1686 2823 sese
1716 2759 1799 2822 ad
1832 2759 2084 2823 foedera
2111 2759 2350 2825 flectat.

455 2859 790 2923 Praeterea
818 2860 1063 2942 regina,
1096 2861 1193 2923 tui
1220 2859 1556 2936 fidissima,
1588 2861 1823 2923 dextra

283 2962 416 3025 660
460 2959 722 3025 Occidit
750 2959 894 3042 ipsa
924 2982 1063 3036 sua,
1093 2959 1431 3044 lucemque
1462 2961 1776 3024 exterrita
1803 2959 1991 3044 sugit.

457 3059 593 3124 Soli
620 3080 743 3143 pro
771 3061 977 3142 portis
1010 3060 1363 3144 Messapus
1392 3070 1460 3123 et
1487 3081 1636 3123 acer
1665 3059 1901 3123 Atinas

456 3161 840 3224 Sustentant
869 3161 1091 3224 aciem.
1169 3158 1428 3224 Circum
1457 3159 1579 3223 hos
1608 3161 1929 3243 utrimque
1958 3160 2314 3244 phalanges

286 3383 517 3446 gendum,
550 3393 609 3431 ut
638 3393 927 3458 argumenta
971 3393 1187 3448 exponat
1230 3383 1410 3432 diserte

284 3448 461 3510 quibus
490 3459 746 3508 agnoverit
776 3448 973 3496 Turnus
1005 3448 1147 3494 deam
1179 3462 1409 3496 sororem.

286 3509 477 3558 Sufficit
492 3510 713 3559 evenisse
730 3512 885 3559 multa
900 3511 1155 3574 inopinato
1171 3519 1221 3559 et
1242 3527 1271 3559 a
1292 3525 1407 3559 cau·

286 3574 355 3623 sis
390 3573 607 3622 obscuri·
637 3573 754 3622 inde
788 3590 818 3622 a
850 3591 896 3622 v.
942 3577 1037 3621 225
1080 3590 1181 3636 sqq.
1243 3575 1411 3623 Potuit

285 3653 477 3700 quoque
492 3637 547 3685 in
562 3637 733 3685 habitu
748 3637 823 3686 vel
840 3647 975 3686 motu
990 3639 1207 3700 corporis
1227 3637 1411 3702 aliquid

285 3715 395 3750 esse
422 3701 555 3763 quod
584 3701 729 3749 deam
748 3711 987 3764 argueret.
1044 3703 1208 3760 Paua,
1232 3699 1406 3751 λανθά-

286 3781 395 3821 νεις,
418 3763 571 3812 latere
596 3764 683 3812 vis.

350 3827 625 3876 648-648.
668 3830 819 3889 Usque
843 3830 1153 3876 adomoenon‘.
1196 3826 1409 3876 Neronis

287 3906 407 3938 voce
420 3891 719 3940 celebratum
729 3891 1093 3939 hemistichium
1106 3908 1135 3940 a
1208 3893 1407 3940 Sueton.

288 3955 409 4002 Ner.
433 3954 511 4004 47.
564 3957 730 4002 Manes
752 3953 832 4002 hic
854 3963 970 4002 sunt
991 3954 1061 4002 dii
1082 3955 1135 4002 in
1156 3955 1254 4004 eriz
1292 3959 1408 4012 boni,

287 4015 501 4080 propitii.
570 4018 827 4066 Sententia
844 4018 947 4066 fere
968 4017 1137 4067 eadem
1168 4035 1275 4082 quae
1301 4035 1407 4082 sup.

288 4080 357 4137 xi,
392 4083 470 4137 61,
507 4083 583 4138 52,
618 4081 847 4143 quoniam
879 4081 1081 4130 deorum
1120 4096 1410 4146 superorum

288 4145 527 4201 voluntas,
550 4159 749 4202 numen,
770 4161 998 4194 aversum
1023 4155 1123 4193 est:
1160 4161 1261 4203 voa,
1285 4162 1315 4194 o
1340 4143 1409 4193 dii

288 4206 579 4319 ἰρίετὶἑυεὶῑίο
600 4207 721 4256 mihi
744 4208 957 4273 propitii.
1004 4212 1175 4270 Caspae,
1200 4209 1407 4272 ignomi-

355 4333 451 4382 650
484 4351 588 4398 sqq.
634 4335 949 4384 Labefactum
988 4335 1145 4384 Turni
1196 4335 1412 4385 animum

1475 3397 1606 3431 nune
1627 3382 1850 3445 impellit,
1869 3391 2018 3446 utque
2037 3383 2210 3432 AEneae
2225 3393 2460 3441 occurrat,
2479 3401 2590 3448 per-

1474 3455 1652 3503 movet,
1667 3461 1795 3520 nova
1806 3461 1911 3495 rea:
1941 3447 2075 3494 Sacae
2091 3447 2330 3495 vulnerati
2345 3456 2395 3494 et
2411 3449 2595 3496 orantis

1472 3521 1738 3557 miseratio.

1540 3574 1649 3620 654.
1689 3575 1920 3620 Fulminat
1935 3591 1950 3618 .-
1973 3587 2121 3635 grave
2137 3572 2438 3630 vocabulum,
2458 3575 2596 3636 cnjus

1474 3636 1576 3686 vim
1603 3635 1738 3684 nulla
1759 3636 1945 3698 vulg-ari
1968 3651 2086 3684 voce
2117 3636 2400 3698 assequaris.
2459 3637 2594 3685 Stra-

1472 3715 1588 3763 gem
1609 3714 1721 3748 eum
1739 3699 1836 3747 late
1853 3699 2012 3747 facere
2033 3699 2289 3762 sig-nificat.
2347 3701 2481 3749 Voce
2492 3703 2597 3762 jam

1474 3766 1596 3812 Geo.
1617 3762 1683 3820 iv,
1708 3763 1800 3810 561
1826 3777 1944 3811 usus
1966 3771 2067 3810 est:
2103 3762 2162 3810 cf.
2187 3763 2271 3810 inf.
2298 3779 2341 3811 v.
2367 3764 2476 3814 700.

1540 3826 1651 3876 657.
1685 3827 1870 3875 Musae
1890 3827 1938 3874 h.
1961 3827 1994 3874 l.
2019 3825 2163 3874 tacite
2185 3825 2432 3874 deliberat.
2484 3827 2594 3874 Ma-

1474 3899 1562 3938 net
1583 3899 1747 3938 tamen
1770 3889 1920 3948 notio,
1985 3905 2062 3937 uae
2083 3904 2188 3953 sup.
2213 3890 2282 3947 xi,
2306 3891 2400 3937 345
2423 3899 2475 3938 et
2500 3891 2598 3936 454

1475 3963 1621 4016 atque
1649 3953 1734 4001 inf.
1773 3954 1868 4004 718
1899 3969 1926 4001 r
1992 3953 2042 4010 ’t‚
2067 3961 2123 4002 ut
2151 3967 2368 4001 mussare
2393 3953 2473 4010 sit,
2498 3967 2598 4000 non

1473 4017 1655 4067 audere
1677 4027 1844 4082 aperte
1862 4017 2039 4065 dicere.

1541 4082 1651 4129 659.
1699 4083 1789 4129 Tui
1807 4083 2053 4141 fidissima,
2086 4095 2178 4143 pro
2209 4079 2411 4142 vulgari,
2446 4077 2499 4125 in
2535 4088 2596 4136 te,

1476 4145 1594 4200 tibi3
1629 4144 1690 4194 ad
1723 4145 1928 4193 somam
1958 4143 2105 4200 illius,
2142 4143 2214 4191 tui
2251 4141 2596 4200 amantissima,

1475 4209 1725 4256 inflexum.
1773 4211 2017 4256 Baton-ita
2030 4226 2048 4254 .·
2083 4207 2212 4268 quod
2233 4222 2339 4270 sup.
2366 4207 2462 4254 599
2487 4205 2595 4253 dix-

1478 4281 1596 4328 erat,
1616 4275 1766 4319 subn‘to
1786 4279 1976 4319 menum
1997 4273 2188 4319 tun-bata
2207 4273 2372 4327 dolore,
2390 4269 2444 4318 in
2464 4269 2595 4318 furo·

1477 4350 1584 4383 rem
1604 4344 1724 4382 acts.
