3050 4934
1173 298 1531 367 ‚LIBER
1586 302 1693 369 11.

2454 300 2585 367 245

265 447 393 511 115
433 446 800 527 Mittimus;
843 450 1028 535 isque
1059 450 1274 535 adytis
1302 451 1446 517 haec
1474 453 1689 516 tristia
1717 452 1894 517 dicta
1922 462 2250 537 reportat:

438 549 770 635 Sanguine
798 551 1105 637 placastis
1135 564 1364 618 ventos
1395 564 1462 617 et
1491 554 1737 637 virgine
1768 576 1960 631 caesa,

445 651 670 724 Quum
698 655 976 737 primum
1001 653 1232 718 Iliacas
1261 654 1479 719 Danai
1507 656 1773 720 venistis
1804 656 1889 719 ad
1921 678 2107 734 oras3

437 752 773 838 Sanguine
801 756 1139 840 quaerendi
1165 756 1440 833 redituS,
1471 757 1811 841 animaque
1842 756 2159 821 litandum

437 852 770 940 Argolica.
845 856 1048 941 Vulgi
1075 879 1224 941 quae
1253 880 1382 921 vox
1412 868 1486 921 ut
1513 859 1689 923 venit
1718 858 1805 923 ad
1824 844 2049 935 'aurem

263 956 395 1019 120
437 956 867 1042 Obstupuere
897 959 1148 1035 animiS,
1178 958 1567 1044 gelidusque
1597 982 1719 1045 per
1746 961 1873 1023 ima
1900 961 2190 1024 cucurrit

439 1056 618 1122 Ossa
647 1070 923 1137 tremor3
969 1060 1077 1124 cui
1104 1058 1240 1123 fata
1267 1073 1524 1145 parent,
1555 1084 1749 1145 quem
1776 1072 2007 1145 poscat
2035 1058 2303 1145 Apollo.

443 1158 576 1224 Hic
607 1160 874 1226 Ithacus
904 1172 1118 1225 vatem
1144 1184 1381 1246 magno
1411 1162 1771 1227 Calchanta
1798 1163 2081 1227 tumultu

439 1258 778 1325 Protrahit
807 1263 875 1325 in
896 1263 1178 1339 medios3
1227 1286 1374 1348 quae
1407 1265 1535 1328 sint
1564 1286 1643 1327 ea
1672 1265 1933 1329 munina
1958 1263 2199 1341 divfim,

442 1360 749 1447 Flagitat.
825 1363 920 1427 Et
949 1363 1104 1429 mihi
1121 1365 1260 1449 jam
1287 1364 1471 1428 multi
1497 1364 1763 1429 crudele
1794 1366 2117 1430 canebant

269 1464 401 1527 125
443 1460 740 1528 Artificis
772 1464 1010 1542 sceluS,
1043 1476 1111 1529 et
1137 1468 1318 1531 taciti
1345 1477 1622 1531 ventura
1648 1467 1979 1531 videbant.

443 1563 562 1629 Bis
592 1566 826 1650 quinos
858 1566 1004 1631 silet
1033 1566 1140 1631 ille
1171 1568 1336 1644 dies,
1367 1578 1713 1652 tectusque
1740 1581 2003 1633 recusat

438 1666 732 1731 Prodere
761 1690 917 1733 voce
949 1691 1068 1732 sua
1092 1690 1502 1753 quemquam,
1534 1680 1649 1733 aut
1676 1692 2009 1754 opponere
2036 1672 2249 1733 morti.

439 1767 580 1832 Vix
609 1769 872 1833 tandem
899 1771 1149 1851 magnis
1181 1769 1393 1834 Ithaci
1421 1770 1811 1835 clamoribus
1842 1781 2025 1835 actus
2032 1818 2051 1847 ,

438 1868 818 1955 Composito
845 1872 1088 1954 rumpit
1115 1892 1359 1947 vocem,
1391 1882 1460 1935 et
1488 1893 1593 1936 me
1621 1872 1906 1935 destinat
1934 1893 2087 1934 arae.

271 1970 399 2035 130
441 1968 808 2036 Assensere
841 1993 1100 2049 omnes;
1145 1982 1234 2047 et,
1266 1993 1415 2055 quae
1447 1972 1570 2035 sibi
1601 1974 1877 2056 quisque
1908 1973 2199 2049 timebat,

341 2064 348 2071 ⁴
441 2071 656 2136 Unius
685 2073 752 2135 in
780 2072 1000 2136 miseri
1023 2072 1293 2135 exitium
1323 2094 1638 2136 conversa
1668 2071 1897 2136 tulere.

439 2172 720 2258 Jamque
751 2174 892 2238 dies
924 2173 1190 2237 infanda
1217 2173 1483 2237 aderat:
1529 2172 1687 2237 mihi
1712 2196 1896 2237 sacra
1924 2174 2165 2259 parari,

441 2273 536 2337 Et
567 2273 755 2339 salsae
783 2274 1031 2359 frugeS,
1061 2285 1130 2338 et
1160 2276 1402 2338 circum
1433 2284 1730 2358 tempora
1756 2277 1956 2339 vittae.

441 2374 703 2459 Eripui,
734 2374 966 2453 fateor,
995 2375 1176 2441 letho
1201 2398 1327 2453 me,
1359 2386 1428 2439 et
1457 2374 1713 2439 vincula
1741 2378 1924 2460 rupi3

267 2477 398 2541 135
442 2472 839 2561 Limosoque
868 2476 1015 2541 lacu
1045 2499 1166 2561 per
1194 2488 1452 2543 noctem
1481 2477 1801 2541 obscurus
1831 2476 1897 2540 in
1925 2477 2075 2541 ulva

442 2577 718 2656 Delitui,
751 2579 908 2643 dum
935 2578 1102 2657 vela,
1135 2579 1370 2643 darent
1397 2579 1455 2641 si
1483 2577 1679 2654 forte,
1714 2578 2073 2643 dedissent.

267 2819 490 2859 mentum
519 2809 684 2858 nobile
712 2809 1122 2885 suppeditaverat.
1179 2810 1250 2858 At
1279 2810 1326 2857 h.
1363 2809 1394 2857 l.

265 2874 426 2923 intelli
557 2888 618 2921 us
647 2874 690 2921 is
716 2890 800 2936 qui
829 2873 930 2922 fere
961 2874 1088 2936 aqud
1121 2874 1398 2922 Homerum

266 2948 496 2995 occurrit,
538 2937 822 2986 Euaemonis
865 2937 1010 2997 filius,
1054 2954 1118 2986 ex
1162 2938 1398 2987 Ormenio

267 3002 538 3119 {hasaliae
570 3002 740 3066 copias
773 3002 985 3051 ducens:
1021 3002 1118 3051 vid.
1161 3002 1302 3051 Iliad.
1344 3006 1395 3061 β,

339 3082 609 3181 Halm.
669 3132 890 3193 Virgine.-
946 3130 1164 3194 expetita
1203 3129 1401 3179 victima

270 3195 551 3261 Iphigenia,
589 3194 855 3245 substituta
887 3204 1049 3243 tamen
1087 3210 1202 3243 mox
1239 3209 1396 3242 cerva.

269 3260 383 3318 Sed,
407 3276 522 3309 cum
543 3260 648 3309 haec
672 3258 836 3308 fabula
863 3268 978 3323 post
1007 3259 1281 3307 Homerum
1311 3258 1400 3306 de-

266 3340 406 3375 mum
427 3324 614 3374 adscita
635 3333 688 3373 et
709 3322 841 3373 varie
864 3322 982 3372 olim
1001 3332 1204 3372 tractata
1235 3322 1396 3381 fixerit,

267 3390 502 3439 videntur
533 3388 682 3438 etiam
719 3388 886 3447 finisse,
910 3387 995 3451 qui
1016 3386 1400 3450 Agamemnonis

269 3455 426 3504 filiam
448 3469 564 3502 vere
596 3452 897 3501 immolatam
935 3451 1198 3500 traderent.
1255 3450 1400 3506 Quod

267 3529 322 3569 et
363 3520 561 3568 Lucret.
616 3517 651 3576 i,
695 3519 774 3575 85,
818 3515 1067 3579 sequitur:
1103 3518 1276 3564 Aulide
1315 3532 1402 3577 quo

263 3592 405 3647 pacto
427 3586 608 3631 Trivia-⁰
624 3585 819 3645 virginis
834 3597 965 3629 aram
980 3582 1276 3641 Iphianassai
1298 3587 1398 3627 tur-

261 3654 445 3712 par-me
474 3650 696 3711 engaine
711 3644 845 3709 soede
881 3654 972 3693 etc.
1030 3646 1178 3696 Quum
1199 3647 1401 3702 venistis,

272 3712 444 3762 venire
457 3711 708 3760 volebatis.
739 3713 996 3771 Animaque
1009 3710 1236 3756 litandum
1249 3712 1400 3771 Argo·

267 3780 380 3837 lica,
422 3777 572 3826 verba
613 3790 726 3825 cum
761 3774 960 3832 dilectu,
1005 3788 1070 3821 ex
1111 3772 1405 3835 religionum

267 3842 494 3891 formula.

339 3908 449 3955 121.
488 3907 578 3953 συὶ
591 3902 706 3967 sata
725 3910 908 3967 parent,
928 3902 976 3949 h.
1003 3916 1044 3949 e.
1077 3899 1402 3949 metuentium

269 3971 352 4021 cui
368 3971 464 4019 hoc
484 3968 613 4027 fatis,
632 3969 682 4016 h.
707 3984 748 4017 e.
769 3966 978 4024 oraculo,
1003 3964 1300 4013 destinatum
1321 3963 1401 4022 sit,

270 4045 329 4084 ut
370 4043 613 4083 mactetur
654 4048 746 4097 pro
785 4029 997 4080 victima.
1067 4028 1269 4078 Dictum
1312 4028 1402 4087 uti,

271 4097 701 4163 qaidsataparent,
721 4105 784 4155 et,
808 4100 858 4144 in
878 4111 1021 4157 quem.
1073 4096 1267 4143 Poscere
1320 4108 1400 4143 ro-

271 4164 438 4228 prium
454 4162 516 4211 de
535 4161 661 4219 fatis,
676 4159 897 4219 oraculis,
913 4159 1211 4221 deorumque
1229 4174 1290 4207 vo
1309 4172 1402 4206 un-

275 4237 388 4277 nte.

344 4294 451 4341 123.
492 4294 606 4345 Quae
635 4294 730 4340 sint
757 4306 815 4339 ea
835 4294 1022 4339 numina
1053 4293 1206 4337 divam
1222 4305 1238 4332 .·
1277 4286 1408 4349 quod

273 4372 474 4413 numen,
497 4356 548 4404 h.
573 4371 616 4405 e.
641 4371 750 4419 quse
775 4356 1000 4403 voluntas
1025 4352 1198 4401 Phoebi
1218 4360 1269 4399 et
1290 4365 1402 4397 sen-

273 4421 432 4470 tentia
452 4418 638 4469 oraculi
659 4420 736 4468 sit.
797 4420 952 4468 Recte
985 4417 1188 4467 Servius
1220 4418 1408 4463 numina

273 4489 432 4535 divam
451 4500 546 4551 pro
567 4483 778 4534 oraculis
807 4482 986 4547 pomit,
1026 4481 1076 4530 id
1107 4489 1197 4538 est,
1219 4488 1277 4527 ut
1301 4492 1404 4527 am-

1462 2808 1749 2872 biguitatem
1772 2808 1956 2857 oraculi
1976 2808 2352 2873 interpretatum
2384 2818 2433 2857 et
2455 2825 2584 2873 quae-

1462 2872 1528 2921 rit
1550 2873 1708 2931 modo,
1732 2888 1832 2921 non
1855 2873 1971 2935 quid
2008 2872 2186 2932 dicant,
2221 2889 2334 2922 nam
2359 2873 2587 2937 planums

1461 2938 1564 2996 sed,
1589 2937 1698 3000 quis
1721 2937 1894 2986 debeat
1914 2937 2171 2986 immolari.

1532 3004 1639 3059 124,
1654 3004 1760 3050 125.
1776 3004 1923 3049 Mula·
1934 3005 2171 3060 canebant,
2185 3000 2590 3061 vaticinabantur,

1464 3064 1776 3123 divinabant3
1845 3075 1901 3114 ut
1970 3069 2198 3124 videbant,
2253 3065 2589 3131 providebant.

1465 3132 1636 3204 sada,
1661 3130 1791 3195 apud
1814 3146 1881 3189 se,
1903 3146 2097 3187 secum3
2132 3140 2218 3179 aut
2238 3130 2385 3179 etiam
2404 3141 2592 3180 secreto

1461 3203 1595 3243 mter
1616 3209 1683 3243 se.

1534 3260 1640 3316 126,
1668 3256 1774 3307 127.
1828 3261 2006 3316 Tecta-5,
2043 3268 2211 3307 ornate
2248 3258 2480 3317 additum,
2518 3270 2595 3309 est

1461 3322 1788 3381 dissimulans,
1814 3332 1869 3370 ut
1890 3338 2020 3387 saepe
2054 3324 2203 3371 etiam
2232 3324 2363 3388 apud
2392 3324 2588 3373 Cicero-

1463 3402 1579 3436 nem
1596 3406 1609 3445 ς
1634 3385 1821 3435 scilicet
1832 3396 2062 3449 tanquam
2075 3388 2157 3450 qui
2177 3403 2281 3436 rem
2300 3388 2593 3437 horrendam

1463 3462 1514 3499 et
1549 3451 1603 3498 in
1638 3450 1844 3499 aliorum
1880 3451 2085 3499 exitium
2124 3460 2397 3499 vertentem
2432 3452 2475 3499 el
2540 3452 2594 3500 ui

1465 3515 1771 3589 detrectaret.
1819 3516 2021 3563 Prodere
2038 3530 2151 3563 cum
2164 3513 2347 3563 dilectu
2363 3529 2455 3578 pro
2478 3530 2504 3563 e
2540 3530 2590 3563 e-

1465 3594 1535 3637 re,
1556 3593 1823 3626 nominare.
2462 3627 2473 3639 ,

1537 3644 1643 3691 129.
1687 3643 1843 3690 Vocem
1874 3645 2059 3703 rumpit,
2098 3650 2154 3689 ut
2182 3640 2365 3704 ῥήσσει,
2398 3641 2593 3691 emittit.

1469 3706 1553 3755 Sic
1570 3720 1699 3770 saepe
1722 3705 1882 3753 Graeci
1904 3715 1956 3754 et
1973 3704 2153 3754 Latini.
2204 3708 2468 3765 Destinat-e,
2488 3722 2593 3756 voc.

1467 3770 1721 3835 proprium
1752 3769 1813 3817 de
1844 3768 2099 3818 damnatis.
2156 3769 2415 3832 Exquisite
2448 3770 2597 3819 etiam

1466 3838 1705 3897 composito
1716 3849 1809 3898 pro
1824 3850 1879 3882 ex
1892 3834 1971 3883 vel
1993 3838 2051 3883 de
2062 3838 2314 3897 composito.
2352 3834 2597 3882 Caeterum

1467 3898 1750 3948 Calchantis
1794 3908 1843 3947 te
1904 3897 2245 3947 'versationem
2284 3898 2599 3948 adumbrasse

1467 3962 1662 4012 videtur
1684 3978 1747 4011 ex
1772 3962 1864 4011 Ilia
1937 3982 1981 4021 a,
2005 3964 2069 4012 69
2091 3978 2194 4026 sqq.

1539 4029 1644 4076 131.
1684 4029 1907 4076 Conversa
1926 4030 2098 4083 tulere,-
2121 4026 2361 4090 exquisite
2378 4042 2470 4091 pro
2490 4044 2596 4076 con·

1467 4100 1716 4141 verterunt.

1541 4158 1646 4205 133.
1682 4158 1825 4204 Salsa
1842 4153 2025 4218 fruges,
2047 4154 2179 4203 mola
2210 4154 2350 4213 salsa,
2370 4155 2418 4202 h.
2451 4171 2493 4203 e.
2524 4155 2602 4204 far

1471 4229 1654 4270 tostum
1671 4230 1928 4269 contusum
1950 4219 2051 4267 sale
2073 4219 2316 4293 adsperso.

1542 4287 1647 4333 134.
1680 4287 1875 4332 Vincula
1890 4299 1987 4331 non
2010 4291 2125 4331 sunt
2138 4292 2286 4341 vitm,
2306 4284 2407 4342 sed,
2422 4283 2600 4347 quibus

1469 4349 1648 4412 ligatus
1658 4344 1955 4405 servabatur]
1976 4356 2027 4395 et
2039 4347 2101 4395 ad
2113 4362 2247 4395 aram
2256 4346 2597 4405 adducebatur,

1471 4412 1565 4461 etsi
1592 4415 1693 4475 jam
1730 4412 1958 4461 vittatus:
2004 4410 2100 4460 vid.
2138 4410 2265 4459 infra
2306 4412 2411 4459 156.
2466 4414 2599 4461 Ante

1473 4492 1609 4527 aram
1630 4492 1745 4526 vero
1768 4476 1927 4526 soluts
1946 4476 2107 4525 stabat
2126 4474 2299 4525 hostia.
