3050 4934
475 248 603 311 596

1372 241 1900 309 AENEIDOS

648 396 949 459 Tandem
979 396 1165 471 liber,
1200 416 1431 477 equus,
1462 414 1822 475 campoque
1853 390 2100 475 potitus
2131 398 2386 473 aperto,

662 496 804 561 Aut
832 495 939 560 ille
968 498 1035 559 in
1066 504 1295 579 pastus
1324 504 1744 576 armentaque
1773 491 1986 558 tendit
2015 512 2351 574 equarum,

486 598 615 661 495
661 596 825 673 Aut,
856 606 1158 660 assuetus
1190 617 1378 678 aquae
1406 594 1712 678 perfimdi
1739 592 2002 657 flumine
2031 602 2212 669 noto,

662 698 943 775 Emicat,
976 697 1375 779 arrectisque
1408 695 1624 759 fremit
1654 694 2012 759 cervicibus
2043 692 2172 757 alte

552 850 591 866 ‚.
665 798 1075 875 Luxurians;
1122 797 1485 879 luduntque
1505 797 1690 880 jubae
1717 818 1839 879 per
1865 794 2051 871 colla,
2081 816 2203 879 per
2231 813 2467 857 armos.

662 900 879 963 Obvia
910 901 1035 975 cui,
1070 897 1461 963 Volscorum
1488 899 1628 961 acie
1658 899 2027 974 comitante,
2062 888 2331 963 Camill‘a

668 1000 998 1075 Occurrit,
1028 999 1363 1082 portisque
1395 1000 1479 1062 ab
1510 1021 1682 1081 equo
1709 1000 1935 1081 regina
1965 999 2090 1061 sub
2118 997 2276 1080 ipsis

493 1103 621 1165 500
667 1099 987 1176 Desiluit3
1036 1122 1229 1182 quam
1260 1110 1397 1163 tota
1428 1099 1663 1163 cohors
1693 1100 1940 1161 imitata
1971 1098 2210 1163 relictis

665 1200 776 1264 Ad
810 1211 1051 1264 terram
1080 1199 1358 1264 defluxit
1384 1200 1607 1283 equis;
1655 1209 1792 1261 tum
1821 1198 1972 1261 talia
1999 1198 2210 1262 fatur:

663 1301 915 1376 Turne,
950 1302 1049 1363 sui
1078 1301 1309 1364 merito
1339 1302 1393 1363 si
1424 1321 1554 1383 qua
1583 1310 1686 1362 est
1711 1299 1956 1363 fiducia
1982 1299 2160 1374 forti,

664 1401 930 1477 Auden,
962 1412 1031 1465 et
1061 1400 1436 1465 AEneaduim
1466 1400 1776 1484 promitto
1805 1420 2148 1464 occurrere
2177 1411 2429 1476 turmae,

670 1501 951 1585 Solaque
981 1500 1365 1585 Tyrrhenos
1395 1502 1649 1583 equites
1679 1500 1773 1564 ire
1805 1501 1994 1563 obvia
2023 1512 2269 1565 contra.

499 1606 627 1668 505
673 1602 790 1668 Me
822 1604 958 1666 sine
989 1603 1195 1686 prima
1218 1623 1415 1665 manu
1442 1611 1697 1664 tentare
1725 1601 2016 1683 pericula
2043 1600 2231 1666 belli:

670 1704 783 1768 Tu
812 1703 1017 1787 pedes
1048 1703 1134 1766 ad
1162 1724 1382 1765 muros
1412 1701 1721 1777 subsiste,
1753 1712 1822 1784 et
1849 1701 2088 1765 moenia
2119 1724 2325 1765 serva.

670 1802 939 1868 Turnus
972 1802 1055 1866 ad
1085 1802 1253 1879 haec‚
1282 1800 1505 1867 oculos
1533 1801 1863 1867 horrenda
1891 1803 1958 1865 in
1987 1803 2234 1885 virgine
2262 1802 2470 1866 fixus:

674 1906 739 1969 O
772 1906 973 1969 decus
1006 1902 1235 1981 Italiae,
1266 1904 1471 1986 virgO,
1502 1926 1665 1986 quas
1695 1904 1912 1967 dicere
1941 1912 2185 1985 grates,

670 2005 938 2079 Quaeve
970 2003 1215 2069 referre
1246 2027 1469 2088 parem
1486 2008 1515 2067 2
1561 2005 1680 2068 sed
1709 2026 1903 2079 nunc,
1921 2013 2038 2066 est
2062 2003 2274 2067 omnia
2303 2002 2568 2085 quando

498 2108 627 2170 510
672 2106 807 2170 Iste
838 2107 1086 2169 animus
1120 2127 1342 2188 supra,
1373 2126 1624 2169 mecum
1654 2104 1897 2188 partire
1926 2102 2238 2167 laborem.

672 2206 945 2281 AEneas,
976 2214 1051 2269 ut
1080 2204 1249 2269 fama
1278 2204 1479 2269 fidem
1505 2205 1814 2287 missique
1843 2214 2183 2288 reportant

672 2304 1146 2390 Exploratores
1153 2352 1171 2381 ,
1202 2306 1491 2388 equitum
1518 2304 1686 2369 levia
1713 2306 2047 2389 improbus
2075 2326 2254 2369 arma

671 2405 1019 2483 Praemisit,
1047 2399 1398 2490 quaterent
1426 2428 1726 2490 campos:
1769 2407 1912 2490 ipse
1943 2407 2149 2470 ardua
2177 2406 2412 2469 montis

672 2506 803 2572 Per
835 2509 1097 2573 deserta
1117 2509 1283 2591 jugo
1316 2529 1632 2591 superans
1663 2507 1971 2569 adventat
1999 2507 2084 2570 ad
2116 2508 2365 2570 urbem.

497 2609 625 2673 515
669 2608 875 2673 Furta
902 2631 1065 2694 paro
1092 2608 1245 2673 belli
1274 2630 1566 2673 convexo
1593 2609 1658 2670 in
1691 2608 1944 2670 tramite
1977 2605 2174 2681 silvae,

672 2708 769 2774 Ut
797 2710 1003 2773 bivias
1034 2717 1281 2772 armato
1310 2708 1608 2772 obsidam
1635 2706 1830 2771 milite
1861 2706 2104 2771 fauces.

610 2850 639 2859 ..
669 2809 783 2873 Tu
809 2808 1227 2893 Tyrrhenum
1256 2810 1542 2892 equitem
1569 2807 1818 2873 collatis
1847 2809 2076 2892 excipe
2109 2808 2305 2891 signis
2328 2833 2345 2885 3

672 2910 925 2975 Tecum
952 2932 1103 2975 acer
1132 2908 1486 2992 Messapus
1518 2910 1664 2985 erit,
1697 2919 2056 2993 turmoeque
2087 2909 2365 2986 Latinae,

666 3009 1077 3091 Tiburnique
1108 3029 1334 3071 manus
1362 3032 1379 3071 ι
1426 3009 1613 3072 ducis
1644 3020 1712 3073 et
1739 3018 1811 3072 tu
1843 3012 2113 3094 concipe
2143 3033 2386 3075 curam.

497 3109 627 3173 520
671 3108 779 3172 Sic
809 3108 921 3183 ait,
950 3118 1019 3171 et
1046 3108 1315 3191 paribus
1349 3108 1736 3192 Messapum
1763 3110 1830 3171 in
1859 3109 2090 3193 proelia
2121 3112 2311 3175 dictis

562 3303 673 3355 49⁷.
722 3305 987 3351 Lmrtoem
1003 3322 1022 3357 ‚-
1060 3303 1277 3353 reddidit
1312 3304 1519 3353 feliciter
1557 3320 1622 3353 ex

504 3367 773 3417 Homerico
793 3367 900 3415 loeo
928 3367 1137 3426 κυδιόων,
1160 3368 1291 3432 quod
1320 3369 1387 3417 ibi
1422 3380 1499 3418 est
1531 3384 1624 3433 pro

497 3436 713 3495 γωριῦν,
760 3431 823 3481 de
862 3446 987 3494 equo
1030 3432 1295 3491 exultante,
1340 3433 1621 3482 ferociente.

498 3500 611 3546 Aue
646 3506 809 3545 autem
837 3496 999 3561 possis
1022 3498 1243 3559 jungere,
1277 3501 1475 3545 arrectis
1494 3500 1590 3546 alte
1603 3516 1622 3552 ,-

500 3570 558 3609 ut
600 3560 921 3609 Homericum
965 3560 1085 3621 ὑψοῦ
1118 3557 1239 3623 κάρη
1280 3558 1397 3622 ἔχει.
1472 3561 1623 3609 Forte

498 3634 664 3673 tamen
684 3623 755 3673 sic
788 3624 1059 3688 languescit
1088 3640 1271 3683 versus,
1296 3634 1349 3673 et
1370 3625 1624 3687 jungenda

498 3697 614 3737 sunt
646 3692 739 3737 alte
759 3690 1037 3746 Luxuriam,
1070 3688 1163 3737 etsi
1195 3688 1485 3737 insolentius
1514 3688 1622 3737 dic-

500 3764 605 3801 tum
627 3750 783 3800 videri
802 3752 971 3816 possit,
992 3766 1083 3815 pro
1102 3753 1201 3800 alte
1222 3753 1461 3801 exultans.

564 3818 673 3864 500.
711 3816 790 3863 De
813 3816 1021 3864 camilla
1037 3814 1133 3864 vid.
1159 3817 1241 3874 vii,
1268 3819 1377 3875 803,
1402 3826 1454 3865 et
1474 3818 1620 3865 modo

499 3898 545 3929 v.
578 3882 691 3929 482.
758 3882 975 3938 ὒεείὶυὶε,
1018 3880 1217 3929 honoris
1246 3896 1395 3929 causa
1438 3881 1620 3931 factmn

496 3945 681 3995 volunt.
751 3946 918 3993 Cohors
937 3958 1027 4008 pro
1050 3952 1237 4001 tui-mu
1272 3960 1387 3994 uam
1402 3945 1621 4007 equitum

496 4010 546 4058 h.
570 4010 601 4057 l.
628 4017 715 4057 est.

564 4074 675 4124 607.
709 4074 957 4121 Horrenda
976 4076 1027 4121 o'n
1048 4075 1225 4135 virgine
1246 4072 1293 4120 h.
1317 4072 1350 4120 l.
1375 4071 1620 4120 admiran-

498 4136 573 4185 da.
656 4136 787 4185 Nam
822 4150 933 4199 quoe
974 4139 1335 4194 admirationem,
1376 4144 1619 4197 stuporem,

498 4203 739 4257 horrorem,
762 4198 959 4258 faciunt,
988 4200 1050 4248 ad
1078 4200 1209 4249 idem
1240 4200 1342 4248 fere
1364 4214 1520 4263 genus
1542 4216 1620 4249 re-

500 4263 617 4312 ferri
638 4272 857 4328 possunt.

563 4328 674 4375 510.
698 4330 902 4385 Par-tire,
922 4328 1123 4391 respicit
1144 4328 1265 4377 inud
1284 4331 1475 4393 Solaque
1501 4332 1620 4391 Tyr·

499 4393 671 4446 rhenos,
696 4406 741 4437 v.
768 4392 877 4437 504.
940 4392 1001 4439 In
1022 4390 1133 4448 inis,
1154 4397 1335 4453 quando
1356 4398 1533 4443 animus
1553 4402 1624 4444 est

1685 3324 1828 3368 cupro
1848 3312 2010 3366 σηπία,
2035 3308 2280 3371 expressit
2299 3306 2662 3372 magnanimem
2675 3326 2689 3355 :
2727 3308 2820 3358 ad-

1687 3385 1840 3433 eoque
1873 3372 1962 3419 int.
1987 3388 2136 3435 supra
2159 3372 2391 3436 pericula,
2419 3372 2626 3421 fortunae
2655 3388 2818 3429 cam

1688 3442 1740 3482 et
1757 3434 1828 3483 sic
1849 3450 2023 3498 pon-03
2057 3451 2157 3483 non
2180 3437 2335 3485 aliter.

1753 3500 2025 3546 511—515.
2059 3502 2222 3547 Fidem
2239 3501 2487 3563 eleganter
2507 3516 2598 3564 pro
2621 3500 2818 3549 nuntio.

1689 3562 1737 3609 N
1739 3578 1834 3620 am,
1849 3577 1960 3623 quoe
1977 3562 2280 3621 nuntiantur,
2297 3564 2446 3612 fidem
2465 3564 2580 3613 lacti
2607 3564 2814 3613 facitmt.

1689 3627 1940 3687 Iun-probus,
1971 3626 2160 3691 accipio
2201 3644 2306 3692 pro,
2355 3629 2515 3677 audax
2532 3648 2546 3676 ε
2591 3628 2812 3693 proprie,

1689 3688 1772 3752 qui
1799 3690 2007 3739 nimium
2036 3692 2196 3740 audet.
2255 3696 2506 3745 Quatenus
2531 3710 2726 3755 can-pos,
2751 3692 2820 3742 ad

1687 3751 1932 3804 imessum
1955 3771 2190 3819 equorum
2209 3757 2380 3805 referri
2403 3766 2613 3821 praestat.
2663 3758 2814 3806 Lucr.

1685 3817 1736 3876 ii,
1767 3820 1866 3867 826
1893 3824 2384 3883 equites-mediosque
2414 3830 2600 3883 repente
2631 3823 2812 3871 Τνιιιιο-

1685 3887 1876 3931 mittmtt
1913 3887 2066 3933 valido
2107 3888 2362 3947 quatientes
2405 3889 2570 3947 impete
2614 3902 2813 3947 cmpos.

1687 3946 1886 3996 Servius
1907 3948 1969 3996 ad
1989 3949 2406 4011 perturbationem
2427 3964 2669 4013 agrorum,
2691 3950 2742 3997 h.
2767 3965 2814 3999 e.

1689 4011 1968 4073 agrestium,
1986 4022 2196 4061 revocat.
2231 4016 2398 4062 Ardua
2417 4017 2582 4063 nonae
2599 4016 2816 4064 deserta.-

1688 4088 1887 4124 necesse
1901 4085 1975 4125 est
1988 4085 2232 4127 extremas
2249 4078 2552 4127 Albanorum
2568 4076 2816 4127 montium

1687 4149 1850 4251 Ρῗιωε
1871 4141 2148 4204 respexisse
2167 4151 2378 4205 poetam
2433 4146 2597 4200 Furta,
2619 4156 2712 4205 pro
2731 4140 2813 4189 iu-

1689 4217 1730 4251 si
1783 4216 1847 4252 is.

1753 4268 1863 4316 520.
1915 4270 2168 4318 Adversus
2213 4270 2480 4335 equitatum
2527 4268 2714 4327 AEneoe,
2759 4269 2816 4317 in

1689 4347 1786 4393 quo
1801 4342 1976 4382 turmae
1995 4334 2212 4383 Arcades
2227 4336 2290 4383 ab
2313 4334 2542 4383 Evandro
2563 4332 2740 4391 mine,
2765 4344 2820 4382 et

1691 4396 1912 4447 Etruscas
1943 4408 2095 4455 erant,
2123 4414 2212 4461 per
2245 4398 2497 4461 planitiem
2525 4412 2816 4461 curiporum
