3050 4934
3 2582 34 2708 V*-

469 262 602 325 378
1361 258 1895 325 AENEIDOS

643 409 955 473 Traxerit
982 410 1067 473 ad
1093 408 1344 474 lethum
1370 410 1603 494 patriae
1634 409 1757 473 sub
1786 406 2152 471 moenibus!
2200 426 2241 468 o
2268 420 2431 489 gens

471 510 600 575 625
643 507 915 574 Infelix!
963 510 1068 573 cui
1100 520 1165 573 te
1195 510 1400 574 exitio
1423 510 1689 573 fortuna
1718 509 2057 572 reservat?

647 610 940 693 Septima
965 620 1121 694 post
1147 608 1374 694 Trojae
1403 609 1729 673 excidium
1746 607 1885 693 jam
1912 606 2187 669 vertitur
2214 612 2437 679 aestas,

647 709 871 781 Quum
899 708 1090 785 freta,
1121 732 1323 792 quum
1353 720 1561 773 terras
1594 728 1843 783 omnes,
1872 716 1973 769 tot
1998 704 2330 788 inhospita
2356 724 2517 767 saxa

646 809 1011 893 Sideraque
1041 832 1320 873 emensoe
1349 809 1655 886 serimur3
1700 809 1857 871 dum
1884 828 2007 891 per
2034 826 2212 869 mare
2238 824 2545 887 magnum

644 907 894 973 Italiam
926 910 1252 993 sequimur
1281 908 1659 992 fugientem,
1690 917 1759 971 et
1785 906 2099 970 volvimur
2126 904 2343 968 undis.

470 1008 601 1073 630
643 1008 777 1073 Hic
809 1008 1044 1092 Erycis
1074 1008 1238 1073 fines
1269 1008 1563 1085 fraterni,
1592 1018 1791 1091 atque
1816 1006 2061 1090 hospes
2090 1004 2409 1069 Acestes:

645 1109 828 1182 Quid
857 1108 1165 1192 prohibet
1193 1130 1412 1172 muros
1433 1110 1684 1191 jacere,
1716 1117 1783 1171 et
1810 1107 1971 1170 dare
2000 1104 2249 1168 civibus
2278 1103 2549 1167 urbem?

643 1208 712 1272 O
739 1209 974 1293 patria,
1003 1220 1072 1272 et
1102 1209 1273 1292 rapti
1301 1209 1743 1292 nequidquam
1770 1228 1857 1271 ex
1884 1205 2077 1269 hoste
2109 1203 2417 1278 Penates,

643 1307 929 1372 Nullane
949 1309 1086 1393 jam
1116 1307 1342 1391 Trojoe
1370 1309 1671 1372 dicentur
1698 1307 1978 1371 moenia‘!
2024 1324 2343 1387 nusquam

645 1408 1015 1473 Hectoreos
1047 1430 1291 1485 amnes,
1325 1407 1667 1472 Xanthum
1696 1417 1767 1471 et
1794 1406 2151 1479 Simoenta,
2178 1403 2460 1468 videbo?

471 1510 602 1574 635
644 1509 828 1582 Quin
856 1508 1052 1593 agite,
1085 1518 1153 1573 et
1181 1530 1432 1572 mecum
1459 1506 1781 1571 infaustas
1808 1506 2063 1570 exurite
2094 1525 2379 1588 puppes·

643 1609 820 1673 Nam
847 1608 1004 1672 mihi
1034 1607 1424 1673 Cassandrae
1452 1629 1577 1692 per
1606 1628 1899 1671 somnum
1928 1606 2093 1669 vatis
2124 1604 2337 1699 imago

641 1706 978 1773 Ardentes
1009 1708 1172 1772 dare
1197 1710 1337 1771 visa
1363 1707 1543 1771 faces
1562 1731 1583 1770 z
1628 1706 1761 1770 Hic
1790 1706 2067 1789 quaerite
2093 1702 2403 1787 Trojam3

391 1779 498 1957 w}
641 1808 774 1873 Hic
805 1809 1038 1873 domus
1069 1818 1197 1885 est,
1227 1809 1464 1891 inquit,
1493 1808 1703 1871 vobis.
1777 1805 1927 1869 Jam
1956 1804 2350 1899 ternpus-agi
2374 1824 2555 1895 3322.

643 1910 794 1974 Nec
823 1910 1022 1972 tantis
1053 1929 1234 1972 mora
1261 1908 1605 1991 prodigiis.
1680 1906 1787 1969 En
1820 1915 2101 1989 quatuor
2128 1926 2265 1967 arae

471 2010 602 2075 640
643 2008 984 2092 Neptuno.
1065 2006 1254 2071 Deus
1285 2008 1426 2090 ipse
1455 2007 1634 2070 faces
1666 2006 2074 2087 animumque
2102 2004 2449 2067 ministrat.

644 2107 815 2172 Haec
843 2127 1228 2182 memorans,
1261 2106 1470 2189 prima
1495 2104 1819 2171 infensum
1846 2106 1911 2169 vi
1938 2104 2209 2187 corripit
2234 2104 2474 2189 ignem,

649 2204 1054 2288 Sublataque
1083 2204 1312 2289 procul
1339 2206 1579 2269 dextra
1602 2207 1879 2270 connixa
1908 2214 2233 2279 coruscat,

651 2306 745 2369 Et
763 2305 948 2389 jacit.
1023 2302 1324 2369 Arrectae
1351 2315 1629 2382 mentes,
1662 2304 2157 2389 stupefactaque
2184 2302 2387 2369 corda

643 2406 942 2471 Iliadum.
1019 2405 1151 2469 Hic
1179 2427 1312 2469 una
1339 2427 1378 2470 e
1405 2404 1649 2483 multiS‚
1681 2426 1829 2488 quae
1856 2424 2161 2468 maxuma
2186 2412 2369 2478 natu,

471 2509 600 2573 645
643 2506 893 2592 Pyt-gc,
923 2515 1026 2569 tot
1053 2504 1294 2569 Priami
1323 2516 1625 2569 natorum
1652 2505 1837 2589 regia
1865 2504 2123 2569 nutrix:

643 2606 802 2670 Non
831 2604 1046 2669 Beroe
1075 2605 1283 2681 vobis,
1314 2626 1444 2668 non
1473 2604 1618 2669 hoee
1648 2602 1985 2680 Rhoeteia,
2014 2612 2279 2678 matres,

643 2706 777 2770 Est
805 2703 1077 2789 Dorycli
1107 2706 1370 2788 conjux.
1447 2704 1672 2767 Divini
1700 2705 1885 2787 signa
1914 2704 2195 2779 decoris,

642 2804 1109 2889 Ardentesque
1138 2814 1361 2869 notate
1391 2802 1651 2881 oeulos;
1698 2805 1811 2887 qui
1840 2803 2107 2886 spiritus
2138 2802 2251 2879 illi,

617 2906 780 2980 ‘Qui
807 2904 1052 2981 vultus,
1082 2906 1338 2969 vocisve
1369 2926 1596 2983 sonus,
1626 2903 1727 2969 vel
1755 2924 2023 2987 gressus
2051 2904 2255 2967 eunti.

467 3010 600 3073 650
642 3008 799 3091 Ipsa
826 3016 1085 3088 egomet
1113 3004 1363 3069 dudum
1391 3005 1657 3069 Beroen
1686 3004 1984 3087 digressa
2010 3000 2242 3087 reliqui

533 3242 646 3298 628,
678 3239 788 3289 629.
835 3241 1026 3289 Sae'dera:
1060 3248 1147 3289 sut
1165 3248 1480 3305 tempestates
1507 3240 1593 3301 ait,
1658 3240 1779 3291 bent
1798 3256 1906 3290 esse
1930 3240 2060 3289 facts
2080 3240 2332 3303 Neptuno,
2355 3240 2489 3289 unde
2506 3241 2609 3291 aris
2630 3242 2791 3293 adhuc

469 3320 579 3369 quoe
611 3314 720 3353 ortu
755 3303 834 3353 vel
867 3318 1042 3353 occasu
1075 3303 1292 3353 siderum
1325 3320 1455 3370 σερε
1477 3322 1591 3355 nas-
1660 3306 1858 3354 titiones
1874 3304 2101 3353 ardentes
2118 3304 2466 3368 suppetebant:
2490 3304 2627 3355 dicas
2640 3322 2787 3369 quor-

469 3378 670 3425 cuntur3
691 3376 777 3416 sut
790 3366 1081 3431 provincias,
1098 3383 1206 3431 quoe
1217 3367 1458 3418 sideribus
1475 3371 1591 3418 sub-
1659 3385 1767 3419 sum
1782 3372 1801 3417 τ
1838 3368 1961 3417 forte
1978 3368 2041 3417 ad
2060 3366 2353 3432 placandum
2370 3368 2519 3415 deum
2534 3378 2588 3417 et
2608 3386 2786 3419 seeun-

463 3436 644 3497 jacent.
713 3434 922 3481 Mensa
952 3430 1168 3493 serim,
1213 3432 1408 3496 plenius
1447 3448 1593 3507 quam
1658 3432 1771 3481 dam
1794 3431 2153 3494 navigationem
2176 3430 2515 3494 expetendam.

469 3511 681 3546 emensoe
723 3510 904 3545 sumus.
981 3498 1118 3544 Mare
1169 3512 1382 3559 magnum
1429 3497 1591 3561 simpl.
1724 3496 1997 3543 641—648.
2033 3497 2221 3543 Ornata
2248 3494 2418 3552 oratio,
2442 3510 2475 3543 u

2645 3495 2789 3545 inre

469 3570 676 3619 vastum,
695 3558 1018 3639 'immeo-eum,
1053 3560 1124 3607 nil
1155 3560 1380 3635 amplius.
1438 3562 1593 3609 Volva·-
1658 3574 1768 3623 quae
1788 3558 2095 3607 mirationem
2116 3558 2276 3607 facere
2298 3556 2457 3633 debet:
2552 3568 2601 3607 st
2622 3569 2785 3609 sutem

468 3628 980 3761 ”zazss‘zffffiffi‘
991 3639 1105 3751 2:13
1125 3638 1595 3737 ΒΣἝἯἫΜ
1659 3638 1892 3749 affl
1886 3632 2193 3734 1„¹’⁰;².„.2:.f
2214 3623 2788 3735 3‘22‘i‘a'301l'ammmmt.

467 3768 630 3808 mm,
667 3750 906 3813 exquisite
938 3765 1032 3814 pro
1060 3765 1258 3814 ponere,
1293 3750 1499 3808 dueere3
1538 3759 1595 3799 ut
1662 3752 1867 3798 Gonnim
1886 3756 2093 3797 maest
2114 3757 2161 3797 et
2179 3749 2322 3811 jacit,
2352 3764 2443 3813 pro
2468 3748 2593 3811 jacit
2620 3749 2783 3815 simpl.

467 3813 1046 3878 vtssgofsndmentajaei
1067 3814 1308 3863 dicuntur.
1660 3814 1779 3862 Fert
1812 3823 1975 3861 sutem
2014 3812 2083 3861 ita
2120 3828 2217 3870 res,
2253 3821 2323 3871 ut,
2362 3812 2479 3861 dnm
2512 3814 2681 3863 vibras
2720 3815 2782 3862 ti-

531 3881 642 3927 684.
671 3881 918 3927 Hectoreos
939 3894 1104 3935 mes,
1139 3876 1429 3939 exquisitius
1447 3892 1593 3941 quam
1658 3878 1857 3935 tionem,
1880 3885 2017 3925 motu
2037 3876 2147 3940 ipso
2168 3876 2363 3925 flamma
2382 3876 2511 3925 vires
2532 3886 2710 3927 sumat.

467 3944 720 4005 Troianos,
745 3950 802 3989 ut
822 3950 873 3989 et
902 3940 1036 3989 alias.
1093 3940 1175 3987 Ad
1199 3954 1399 3989 sensum
1419 3956 1593 3990 versus
1722 3940 1833 3998 647,
1858 3940 1968 3989 648.
2004 3939 2204 3989 Servius
2226 3940 2288 3988 sd
2310 3940 2356 3989 h.
2381 3939 2414 3988 l.
2448 3942 2555 3989 Non
2580 3950 2655 3989 est
2684 3944 2781 3990 dis·

463 4008 526 4057 cf.
561 4008 645 4055 lib.
679 4006 752 4063 iii,
777 4006 872 4053 849
895 4020 996 4067 sqq.
1033 4002 1233 4061 scilicet,
1267 4018 1366 4051 non
1395 4005 1589 4052 contin·
1655 4008 1821 4061 suasio,
1845 4012 1899 4051 st
1918 4006 2103 4066 quidm
2128 4012 2315 4066 pum,
2342 4004 2471 4065 (scil.
2494 4020 2557 4053 ne
2578 4006 2785 4053 credant

461 4080 560 4135 get,
582 4080 638 4119 ut
657 4086 786 4119 nova
803 4068 952 4131 Troja
966 4067 1144 4117 alicubi
1160 4067 1303 4115 nobis
1319 4067 1585 4117 amidam?
1654 4068 1850 4117 feminae
1870 4068 1997 4117 hanc
2018 4084 2127 4117 esse
2152 4068 2341 4117 Beroen
2362 4084 2522 4130 neque
2552 4069 2601 4116 ei
2634 4070 2783 4118 fidem

529 4135 803 4183 css—640.
840 4131 1094 4181 Somnium
1109 4132 1202 4179 hoc
1217 4131 1519 4195 preclarum,
1542 4142 1593 4179 et
1654 4132 1906 4193 habeant)
1938 4135 2021 4180 sed
2050 4136 2199 4195 nugis
2218 4134 2431 4179 hev-ntur
2446 4134 2779 4193 permade-do,

461 4198 668 4247 consilio
701 4196 1116 4245 accommodatum
1147 4204 1305 4259 poetae
1339 4210 1587 4243 commen·
1653 4200 1852 4243 nemis
1882 4200 2173 4245 maritate.
2230 4198 2435 4257 Spiritus
2468 4196 2531 4244 ad
2564 4196 2779 4260 dignita-

459 4275 580 4310 tum.
647 4262 812 4309 Tantis
845 4263 1091 4323 prodigiis,
1125 4259 1200 4307 rei
1235 4274 1326 4322 per
1357 4274 1585 4307 somnum
1650 4270 1751 4309 tem
1784 4269 1999 4323 spectat:
2042 4260 2090 4307 h.
2122 4259 2326 4323 spiritus
2362 4260 2504 4319 alnis,
2540 4276 2779 4323 magnuss

460 4334 560 4373 tam
585 4323 840 4373 manifeste
871 4332 1164 4372 monstratae.
1215 4327 1329 4371 Arae
1351 4324 1581 4385 Neptuno.
1647 4338 1834 4381 sensus,
1874 4322 2091 4386 adeoque
2126 4332 2309 4386 gesms,
2350 4332 2401 4371 et
2433 4324 2533 4373 oris
2568 4324 2779 4389 species,

455 4391 588 4439 Ante
610 4385 750 4435 ludos
768 4386 1000 4443 fimebres
1028 4386 1312 4438 commissos
1333 4402 1470 4437 sacra
1491 4387 1579 4436 de·
1648 4389 1949 4450 majestatem
1972 4388 2157 4437 habens
2178 4396 2230 4436 et
2251 4402 2449 4451 numen.
