3050 4934
478 222 607 285 594

472 372 601 436 445

1378 222 1904 287 AENEIDOS

732 374 832 437 llli
862 374 1003 439 haec
1034 376 1202 438 inter
1231 395 1300 437 se
1332 373 1548 437 dubiis
1579 374 1662 437 de
1693 374 1890 437 rebus
1922 372 2205 455 agebant

646 473 1027 551 Certantes;
1075 484 1289 538 castra
1319 473 1570 537 AEneas
1602 475 1934 556 aciemque
1961 472 2283 535 movebat.

644 575 937 639 Nuntius
968 576 1215 658 ingenti
1245 597 1366 659 per
1396 576 1576 657 regia
1605 585 1780 637 tecta
1810 572 2092 637 tumultu
2393 656 2396 659 ἦ

649 676 826 740 Ecce
858 677 1009 753 ruit,
1041 678 1419 759 magnisque
1450 677 1682 740 urbem
1709 674 2067 738 terroribus
2097 672 2354 756 implet:

646 776 1009 841 Instructos
1041 779 1177 840 acie
1209 776 1525 841 Tiberino
1557 798 1596 839 a
1625 776 1886 839 flumine
1917 774 2216 838 Teucros

472 878 601 941 450
644 878 1186 961 Tyrrhenamque
1218 896 1475 940 manum
1506 878 1659 939 totis
1691 874 2091 939 descendere
2120 874 2384 954 campis,

646 978 999 1061 Extemplo
1030 979 1275 1042 turbati
1306 979 1519 1053 animi,
1553 997 1998 1059 concussaque
2029 973 2204 1056 vulgi

644 1078 947 1155 Pectora,
980 1089 1047 1141 et
1078 1090 1348 1141 arrectae
1380 1076 1649 1139 stimulis
1681 1077 1860 1139 haud
1889 1074 2188 1139 mollibus
2218 1076 2352 1136 irae.

644 1177 849 1242 Arma
880 1201 1072 1241 manu
1104 1177 1341 1260 trepidi
1370 1186 1684 1259 poscunt3
1731 1174 1946 1240 fremit
1975 1195 2153 1235 arma
2173 1175 2512 1255 juventus:

644 1277 835 1343 Flent
863 1279 1077 1343 moesti
1108 1287 1527 1359 mussantque
1560 1288 1803 1360 patres·
1882 1274 2012 1338 Hic
2043 1273 2330 1356 undique
2361 1273 2602 1338 clamor

476 1379 606 1443 455
653 1378 977 1442 Dissensu
1009 1379 1187 1441 vario
1216 1400 1485 1460 magnus
1520 1398 1590 1440 se
1624 1375 1789 1440 tollit
1817 1376 1882 1438 in
1915 1396 2141 1438 auras:

648 1478 852 1543 Haud
884 1501 1095 1554 secuS,
1128 1490 1324 1560 atque
1355 1478 1486 1541 alto
1516 1480 1583 1539 in
1613 1476 1760 1540 luco
1791 1498 1938 1540 cum
1967 1476 2136 1539 forte
2163 1486 2442 1539 catervae

648 1578 1024 1643 Consedere
1056 1578 1287 1653 avium,
1320 1578 1659 1660 piscosove
1691 1598 1876 1639 amne
1910 1575 2196 1639 Padusae

652 1679 837 1743 Dant
866 1680 1143 1741 sonitum
1173 1679 1351 1741 rauci
1381 1698 1499 1761 per
1533 1688 1763 1761 stagna
1790 1676 2088 1760 loquacia
2115 1675 2319 1758 cycni.

645 1779 871 1856 Imm0,
904 1781 1015 1855 ait,
1049 1801 1086 1841 o
1120 1779 1315 1854 civeS,
1349 1788 1614 1861 arrepto
1645 1788 1959 1860 tempore,
1994 1776 2286 1851 TurnuS,

472 1880 604 1942 460
648 1880 880 1963 Cogite
911 1878 1271 1953 concilium,
1302 1889 1369 1941 et
1398 1900 1626 1960 pacem
1653 1876 1915 1940 laudate
1948 1876 2280 1938 sedentes:

645 1979 747 2043 Illi
776 1981 967 2043 armis
998 1981 1060 2041 in
1093 2000 1294 2061 regna
1324 1989 1537 2041 ruant.
1617 1977 1762 2041 Nec
1791 1976 1983 2061 plura
2011 1976 2266 2039 locutus

646 2079 976 2162 Corripuit
1006 2100 1148 2141 sese
1182 2089 1248 2141 et
1277 2076 1463 2141 tectis
1496 2078 1662 2141 citus
1694 2076 1927 2141 extulit
1957 2076 2124 2141 altis.

644 2179 779 2255 Tu,
810 2178 1081 2253 Voluse,
1114 2179 1346 2241 armari
1378 2176 1770 2241 Volscorum
1799 2178 1984 2241 edice
2013 2176 2340 2261 maniplis;

645 2278 819 2355 Duc,
854 2279 966 2354 ait,
999 2288 1067 2341 et
1096 2276 1404 2340 Rutulos.
1484 2277 1816 2361 Equitem,
1852 2278 2228 2363 MessapuS,
2258 2280 2324 2343 in
2353 2282 2568 2356 armiS,

470 2380 599 2443 465
645 2379 739 2443 Et
766 2401 912 2443 cum
940 2378 1141 2441 fratre
1174 2378 1402 2453 CoraS,
1432 2377 1580 2441 latis
1611 2378 1958 2443 diffundite
1989 2381 2252 2462 campiS.

470 2591 625 2626 versae
646 2578 718 2626 rei
740 2577 1079 2635 communicet,
1104 2578 1251 2639 utq'ue
1286 2577 1328 2625 is
1350 2585 1399 2625 et
1414 2592 1443 2624 a
1466 2576 1592 2625 cala-

471 2641 642 2689 mitate
675 2651 724 2690 et
746 2656 775 2689 a
796 2641 1025 2689 felicitate
1060 2656 1149 2688 sua
1182 2640 1321 2688 absit.
1380 2640 1449 2687 Et
1474 2648 1596 2687 vocet

476 2704 675 2763 AEneas,
714 2714 771 2753 ut
805 2720 831 2751 e
865 2720 896 2752 o
932 2704 1063 2751 solus
1092 2718 1204 2751 cum
1228 2719 1287 2750 eo
1307 2718 1596 2765 congressus

472 2768 534 2815 de
556 2784 745 2817 summa
779 2770 841 2817 be
858 2767 894 2816 li
926 2767 1217 2829 transigam:
1254 2770 1354 2814 Nec
1388 2765 1595 2815 Drances

463 2836 619 2893 potius
660 2840 800 2879 morte
837 2835 935 2879 luat
970 2828 1071 2888 su‘a,
1110 2829 1311 2887 occidat,
1348 2830 1594 2877 communi

471 2894 623 2951 clade,
646 2898 688 2941 si
710 2898 805 2941 haec
826 2898 903 2941 ira
924 2898 1107 2941 deorum
1140 2902 1208 2941 est
1232 2894 1303 2955 (h.
1324 2892 1367 2941 si
1390 2902 1595 2940 eventus

472 2958 569 3005 erit
602 2956 715 3006 belli
754 2958 897 3018 huJus
936 2957 1213 3016 infaustus),
1255 2971 1359 3011 nec,
1399 2960 1491 3003 sive
1524 2964 1594 3005 ese

468 3024 617 3068 virtus
638 3029 684 3068 et
702 3023 868 3083 gloria,
893 3020 937 3067 si
957 3022 1049 3067 hoc
1070 3020 1197 3067 bello
1220 3019 1411 3067 laudem
1435 3020 1588 3067 virtu-

468 3083 534 3131 tis
559 3082 749 3146 (κλέος)
774 3092 824 3131 et
861 3082 1065 3145 gloriam
1101 3083 1275 3144 (κῦδος,
1315 3082 1592 3143 victoriam)

454 3162 617 3201 ,conse
648 3146 701 3194 ui
735 3146 939 3203 dabitur,
965 3148 1097 3194 tollat
1132 3162 1239 3194 eam
1275 3146 1372 3203 ille,
1408 3146 1595 3195 auferat

468 3210 594 3258 hane
612 3272 631 3335 )
648 3211 821 3259 audem
858 3225 948 3274 pro
980 3224 1070 3257 sua
1100 3218 1237 3272 parte
1275 3210 1355 3271 (ut
1386 3210 1596 3271 αἴρεσθαι

469 3276 607 3323 κῦδος
634 3307 645 3320 .
832 3288 855 3302 ·

534 3340 631 3385 445
653 3353 755 3401 sqq.
790 3339 917 3386 Cum
938 3336 1135 3386 solertia
1167 3347 1218 3385 et
1246 3354 1357 3386 eum
1378 3346 1481 3386 arte
1504 3354 1592 3401 po-

468 3410 549 3449 eta
568 3401 745 3466 partim
776 3401 1179 3450 deliberationum
1214 3412 1265 3449 et
1298 3401 1596 3449 incertorum

468 3464 901 3529 fluctuantiumque
936 3464 1249 3512 conciliorum
1274 3466 1459 3513 exitum
1481 3465 1598 3512 facit

470 3544 569 3576 non
588 3529 877 3593 praevisum3
912 3528 1091 3592 partim
1125 3528 1359 3577 instruxit
1392 3538 1442 3577 et
1464 3544 1586 3603 prae·

470 3592 663 3655 paravit
694 3593 809 3640 inde
839 3608 867 3641 e
890 3608 934 3640 v.
962 3594 1061 3640 434
1082 3608 1183 3654 sqq.
1211 3608 1425 3656 pugnam
1461 3602 1592 3640 mter

472 3656 681 3704 AEneam
706 3664 755 3704 et
776 3657 1013 3713 Turnum,
1036 3655 1089 3703 in
1112 3671 1207 3718 qua
1228 3656 1519 3704 narrationis
1543 3665 1592 3704 et

468 3719 698 3769 carminis
718 3720 816 3767 tela
830 3720 946 3768 olim
964 3720 1059 3767 erit
1074 3720 1358 3768 detexenda.
1416 3720 1590 3768 Artem

564 3793 625 3832 tae
656 3784 881 3831 observet
918 3783 1069 3830 lector
1104 3783 1155 3829 in
1189 3783 1483 3831 narrationis
1510 3799 1588 3831 or-

502 3850 585 3896 ine
606 3862 637 3894 a
670 3846 857 3909 vulgari
893 3855 1062 3894 tenore
1100 3855 1150 3893 et
1178 3846 1394 3910 pedestri
1426 3862 1592 3895 rerum

468 3910 818 3961 narrandarum
840 3918 1081 3958 structura
1100 3920 1312 3958 avocato.
1362 3910 1409 3958 N
1413 3925 1492 3958 am
1510 3926 1588 3959 se-

468 3976 681 4025 cundum
724 3975 850 4021 hanc
894 3988 972 4021 res
1014 3972 1084 4021 sic
1126 3982 1231 4021 erat
1273 3975 1587 4036 exponenda:

468 4039 679 4087 AEneam
698 4038 883 4086 interes
918 4036 1088 4085 csstfis
1116 4036 1262 4084 motis
1296 4036 1479 4100 duplici
1502 4053 1586 4099 ag-

464 4104 597 4152 mine
632 4100 864 4149 adversus
889 4102 1059 4166 urbem
1097 4100 1395 4147 Laurentum
1426 4100 1586 4148 inces-

466 4167 602 4223 sisse,
627 4164 841 4228 pedestri
858 4178 947 4227 per
968 4163 1121 4211 saltus
1138 4162 1389 4220 montium,
1414 4180 1586 4226 eques-

464 4229 525 4277 tri
550 4244 640 4292 per
660 4227 913 4290 planitiem
948 4242 1243 4290 camporum.
1300 4228 1453 4275 Poeta
1472 4244 1590 4277 vero

463 4291 655 4353 singula
691 4290 897 4363 singulis
934 4290 1056 4338 locis
1094 4290 1345 4339 commode
1383 4292 1592 4341 dicenda

466 4353 703 4402 servavit:
740 4353 836 4400 vid.
860 4354 947 4400 inf.
974 4370 1017 4401 v.
1042 4355 1133 4401 511
1161 4370 1261 4416 sqq.

1726 2578 1836 2633 452,
1868 2578 1978 2622 453.
2020 2578 2086 2623 Et
2117 2582 2312 2623 arrectae
2339 2579 2538 2623 stimulis
2569 2580 2656 2624 ἕνα
2671 2597 2687 2624 .·
2721 2578 2788 2625 de

1662 2639 1839 2687 virtute
1883 2638 2082 2692 bellica;
2137 2638 2409 2702 exasperati
2455 2649 2571 2688 sunt
2612 2641 2784 2689 animi.

1663 2704 1793 2750 Nam
1822 2702 1896 2750 ira
1917 2701 2134 2764 erigitur,
2158 2701 2388 2764 arrigitur
2405 2718 2462 2751 sc
2489 2704 2785 2762 stimulatur,

1657 2767 1705 2815 h.
1749 2782 1790 2813 e.
1831 2776 2065 2815 movetur.
2145 2766 2212 2814 Et
2253 2769 2463 2814 stimulus
2501 2771 2660 2825 durus,
2698 2769 2786 2831 qui

1659 2830 1780 2877 adeo
1806 2838 2044 2893 penetrat,
2076 2830 2259 2878 infixus
2279 2831 2444 2878 haeret.
2503 2832 2678 2879 Fremit
2701 2849 2782 2879 ar-

1657 2910 1745 2951 ma,
1768 2908 1860 2957 pro
1879 2894 2081 2955 vulg-ari,
2105 2910 2216 2941 cum
2240 2893 2436 2941 fremitu
2459 2896 2684 2957 postulat.

1723 2958 1833 3013 457,
1859 2959 1968 3003 458.
2006 2960 2165 3004 Padus
2196 2972 2456 3019 cycnorum
2479 2958 2620 3021 copia
2651 2960 2786 3023 apud

1656 3029 1827 3083 poetas
1863 3019 2159 3067 celebratus:
2203 3020 2254 3066 in
2287 3028 2474 3082 septem
2511 3022 2634 3069 ostia
2669 3039 2786 3071 cum

1659 3092 1876 3147 tempore
1909 3082 2148 3141 diductus,
2171 3083 2298 3131 binis
2325 3084 2536 3147 primum
2559 3085 2697 3135 ostiis
2729 3087 2786 3135 in

1659 3162 1791 3194 mare
1831 3146 2021 3195 delatus
2057 3157 2144 3203 est,
2180 3162 2387 3209 quorum
2422 3149 2627 3196 alterum
2667 3166 2782 3213 sep·

1660 3211 1952 3258 tenti-ionem
1979 3226 2145 3259 versus
2172 3221 2278 3259 erat
2315 3214 2500 3269 Votum,
2523 3213 2730 3261 alterum
2754 3230 2788 3262 a

1659 3274 1862 3321 meridie
1885 3277 2075 3322 Padusa
2095 3290 2248 3338 prope
2271 3276 2474 3338 Spinam
2495 3292 2524 3323 a
2546 3276 2668 3324 mari
2695 3292 2784 3324 ex-

1661 3344 1904 3402 ceptum·
1931 3338 2160 3386 Creditur
2195 3354 2300 3386 esse
2336 3338 2453 3391 illud
2489 3340 2619 3401 quod
2649 3356 2788 3389 nunc

1661 3404 1699 3448 it
1717 3404 1788 3449 Po
1819 3404 2082 3464 d’Argenta
2110 3402 2394 3465 appellatur.
2461 3402 2654 3451 Ostium
2690 3406 2788 3453 hoc

1661 3481 1832 3513 amnem
1865 3465 2004 3522 dixit,
2035 3475 2086 3512 et
2121 3465 2316 3527 quidem
2335 3470 2572 3527 piscosum
2641 3468 2788 3516 Facit

1655 3527 1776 3575 illud
1797 3528 2082 3589 quibusdam
2104 3528 2224 3577 locis
2245 3529 2487 3593 paludem,
2511 3530 2626 3579 hinc
2646 3540 2784 3595 stag-

1655 3608 1728 3647 na,
1753 3607 1860 3652 quae
1893 3594 2100 3653 loquacia
2118 3592 2243 3639 dixit
2264 3592 2525 3655 eleganter,
2551 3609 2580 3642 a
2607 3594 2782 3657 loqua-

1655 3655 1790 3729 cibus
1822 3672 1848 3702 c
1952 3655 2018 3703 'sz
2054 3656 2144 3703 hos
2178 3672 2337 3705 raucos
2363 3658 2553 3707 vocavit
2586 3658 2782 3722 simpli-

1654 3728 1845 3837 ⁰¹fi2¹5⁸95
1867 3720 2542 3846 “effisffffiitzsszzffl
2569 3794 2786 3849 emm,

1659 3845 1891 3908 εὐκαίρως,
1917 3849 1971 3895 ἐν
1987 3848 2141 3907 καιρῷ,
2161 3862 2272 3895 cum
2293 3846 2533 3897 irrisione.

1719 3910 1830 3957 462.
1868 3913 1973 3958 Sese
1995 3914 2229 3972 corripuit,
2251 3912 2440 3973 ὤρνυτο,
2465 3912 2665 3973 ὡρμήθη,
2693 3914 2782 3964 ἔσ-

1657 3989 1810 4021 ονται.
1867 3973 1948 4021 Ex
1978 3974 2058 4021 his
2078 3990 2134 4021 ac
2157 3974 2396 4023 similibus
2417 3975 2614 4025 ductum
2639 3978 2782 4026 vide-

1655 4044 1735 4084 tur
1757 4053 1932 4097 rapere,
1956 4042 2196 4099 corripere,
2220 4054 2310 4103 pro
2331 4054 2539 4096 movere,
2560 4041 2784 4104 adeoque

1653 4116 1715 4156 se,
1741 4110 1796 4146 ut
1815 4105 1992 4161 eripere
2013 4118 2074 4150 se.
2130 4104 2244 4151 Jam
2275 4118 2380 4166 sup.
2410 4104 2474 4159 vi,
2499 4104 2630 4161 472:
2649 4108 2779 4153 Tau-

1655 4166 1756 4211 dem
1775 4168 2000 4226 corripuit
2021 4182 2129 4223 sese,
2158 4174 2292 4228 atque
2315 4170 2500 4215 inimica
2521 4166 2695 4231 refingit
2723 4173 2784 4218 In

1655 4244 1823 4277 nanus.

1717 4293 1991 4343 463—467.
2041 4293 2420 4342 Festinationem
2457 4295 2612 4343 Turni
2647 4297 2780 4347 bene

1654 4357 1926 4419 assequitur
1963 4357 2116 4405 oratio
2151 4358 2368 4421 abrupta,
2402 4358 2517 4407 dum
2552 4360 2780 4410 Turnum
