3050 4934
1135 274 1478 341 LIBER
1521 273 1747 339 VIII.

2466 272 2597 336 493

468 421 698 502 Lecta,
729 425 938 504 dab03
981 425 1382 509 totidemque
1413 446 1533 490 suo
1560 423 1681 487 tibi
1708 425 1962 488 nomine
1994 421 2233 488 Pallas.

293 524 424 588 520
552 524 688 591 Vix
717 548 798 591 ea
825 525 998 591 fatus
1027 537 1204 604 erat3
1249 525 1583 609 defixique
1612 547 1729 590 ora
1756 525 2067 588 tenebant

470 627 722 692 AEneas
751 625 1186 694 Anchisiades
1215 638 1285 693 et
1311 627 1486 693 fidus
1517 625 1837 702 Achates,

471 727 813 814 Multaque
843 731 1011 795 dura
1041 753 1161 795 suo
1190 731 1362 794 tristi
1390 751 1539 795 cum
1566 729 1766 792 corde
1797 729 2153 810 putabant;
2232 722 2243 735 ⁶

471 827 564 894 Ni
595 831 849 914 signum
878 831 1044 896 coelo
1073 831 1402 916 Cytherea
1428 830 1723 894 dedisset
1750 839 2001 912 aperto.

468 929 773 1016 Namque
801 933 1150 1016 improviso
1178 933 1468 996 vibratus
1499 931 1583 994 ab
1614 929 1857 994 aethere
1888 929 2104 1013 fulgor

297 1031 427 1094 525
470 1029 636 1095 Cum
667 1033 884 1096 sonitu
911 1032 1109 1108 venit,
1141 1042 1210 1096 et
1237 1053 1428 1096 ruere
1459 1031 1671 1094 omnia
1700 1031 1837 1094 visa
1864 1040 2159 1114 repente,

471 1131 990 1217 Tyrrhenusque
1019 1135 1198 1198 tubae
1225 1132 1476 1216 mugire
1503 1153 1627 1216 per
1657 1130 1905 1196 aethera
1932 1131 2219 1216 clangor.

475 1233 886 1319 Suspiciunt:
933 1236 1166 1300 iterum
1196 1245 1392 1319 atque
1421 1235 1657 1298 iterum
1686 1233 1908 1322 fragor
1936 1236 2230 1319 increpat
2256 1233 2507 1318 ingens.

472 1333 676 1400 Arma
705 1337 874 1401 inter
901 1339 1164 1414 nubem,
1194 1335 1342 1401 coeli
1369 1337 1436 1400 in
1465 1336 1732 1419 regione
1764 1357 2015 1412 serena,

475 1435 608 1500 Per
637 1438 872 1502 sudum
898 1436 1162 1502 rutilare
1191 1438 1436 1512 vident,
1469 1447 1538 1500 et
1566 1434 1757 1519 pulsa
1784 1447 2033 1500 tonare.

301 1535 434 1600 530
476 1535 903 1623 Obstupuere
933 1538 1158 1602 animis
1189 1536 1331 1616 alii;
1377 1537 1496 1601 sed
1525 1536 1769 1600 Troius
1798 1536 1995 1600 heros

477 1637 766 1723 Agnovit
797 1642 1076 1705 sonitum
1101 1650 1171 1704 et
1199 1641 1366 1706 divae
1396 1638 1715 1723 promissa
1743 1640 2055 1721 parentis.

475 1739 650 1804 Tum
679 1753 1028 1806 memorat:
1073 1741 1184 1806 Ne
1213 1763 1392 1816 vero,
1423 1738 1693 1823 hospes,
1722 1761 1805 1803 ne
1835 1761 2054 1823 quaere
2084 1740 2405 1824 profecto,

478 1840 694 1913 Quem
723 1863 945 1906 casum
973 1851 1278 1927 portenta
1307 1841 1555 1906 ferant:
1604 1861 1731 1924 ego
1759 1862 1997 1924 poscor
2026 1840 2333 1926 Olympo.

479 1939 629 2006 Hoc
661 1943 912 2027 signum
941 1945 1173 2008 cecinit
1201 1943 1543 2008 missuram
1568 1942 1719 2006 diva
1746 1944 2051 2020 creatrix,

304 2041 432 2106 535
477 2043 548 2106 Si
575 2040 817 2108 bellum
843 2046 1213 2129 ingrueret3
1258 2042 1709 2127 Vulcaniaque
1740 2065 1917 2107 arma
1946 2067 2067 2128 per
2094 2067 2287 2109 auras

480 2142 796 2209 Laturam
824 2143 1088 2210 auxilio.

479 2243 634 2309 Heu
664 2257 927 2329 quantae
953 2235 1211 2310 miseris
1235 2246 1452 2311 caedes
1486 2245 1929 2310 Laurentibus
1958 2249 2237 2312 instant!

482 2345 668 2418 Quas
699 2369 928 2432 poenas
955 2346 1134 2424 mihi,
1164 2346 1416 2424 Turne,
1449 2347 1672 2410 dabis!
1721 2370 1913 2432 quam
1942 2347 2143 2412 multa
2172 2350 2295 2413 sub
2324 2350 2535 2413 undas

483 2447 688 2514 Scuta
713 2447 922 2513 virfim
949 2447 1300 2534 galeasque
1327 2459 1396 2512 et
1425 2448 1617 2512 fortia
1646 2469 1921 2532 corpora
1949 2448 2189 2526 volves,

307 2547 437 2614 540
479 2548 738 2634 Thybri
768 2554 990 2636 pater!
1055 2549 1341 2614 Poscant
1373 2549 1569 2626 acieS,
1600 2559 1667 2614 et
1694 2547 1947 2613 foedera
1976 2562 2299 2634 rumpant.

309 2714 370 2764 tit
393 2715 636 2773 Evander,
661 2725 717 2764 ut
748 2716 844 2766 iter
865 2725 996 2766 esset
1016 2716 1314 2782 expeditum,
1339 2729 1430 2764 nec

305 2779 452 2842 longa
473 2795 608 2828 mors
637 2779 973 2838 intercederet,
999 2797 1143 2844 quam
1165 2779 1432 2828 obsidionis

307 2843 572 2894 discrimen
617 2859 716 2893 non
765 2845 1063 2894 admittebat.
1142 2845 1431 2894 Tenendum

307 2907 400 2958 boc
429 2918 519 2967 est,
543 2923 607 2956 ne
637 2907 818 2957 mirum
849 2908 1072 2958 videami-
1104 2925 1192 2958 cur
1214 2909 1436 2958 Arcades

311 2971 498 3034 equites
551 2971 858 3037 poti-simum
915 2983 1074 3038 poetoe
1131 2973 1432 3038 placuerinu

309 3051 422 3085 cum
467 3036 648 3100 alioqui
687 3037 906 3086 Arcades
945 3039 1164 3101 equitatu
1205 3053 1304 3087 non
1346 3054 1430 3087 va·

309 3099 506 3159 luerint,
533 3116 626 3150 nec
651 3101 704 3149 in
725 3101 924 3166 regione
946 3113 1169 3152 montosa
1190 3112 1241 3151 et
1262 3117 1436 3168 aspera

311 3164 476 3214 valere
497 3165 760 3228 potuerint.

377 3231 648 3278 §zo—528.
685 3231 767 3278 Ex
786 3229 966 3280 veteris
997 3229 1156 3280 ltaliae
1184 3229 1435 3292 religione,

312 3301 364 3342 et
393 3303 552 3358 poene
575 3295 728 3343 nostri
759 3305 1000 3359 perpetuo
1020 3309 1168 3351 more,
1195 3309 1274 3342 res
1295 3293 1438 3343 aliter

309 3357 400 3406 vix
423 3358 644 3422 expediri
676 3359 944 3422 AEneaeque
965 3359 1158 3408 animus
1189 3357 1310 3420 erigi

313 3431 454 3480 terat,
499 3437 644 3485 quam
687 3433 880 3472 ostento
923 3423 1002 3472 vel
1045 3422 1262 3485 augurio.
1337 3373 1438 3470 §lg-d

311 3494 458 3550 poeta
478 3501 608 3535 novo
627 3496 902 3536 commento
931 3487 982 3536 id
1015 3486 1282 3544 constituit,
1307 3485 1434 3548 quod

315 3559 602 3609 meteorum,
636 3567 726 3600 seu
757 3561 1004 3601 ostentum
1039 3551 1180 3608 aeris,
1215 3550 1278 3599 ad
1311 3560 1434 3598 stre-

311 3613 472 3679 pitum
503 3631 566 3664 cx
599 3615 748 3664 armis
779 3615 970 3664 eoelitus
992 3632 1023 3665 a
1051 3617 1245 3664 Venere
1279 3614 1438 3663 allatis

313 3678 510 3728 retulit:
541 3695 640 3728 non
660 3679 820 3729 dicam
841 3679 1082 3744 equidem,
1102 3695 1166 3728 an
1187 3679 1307 3728 satis
1329 3679 1435 3727 feli·

313 3743 450 3792 citer.
511 3746 871 3798 lvi—dedisset,-
915 3759 1040 3792 nova
1071 3745 1226 3792 forma
1257 3743 1434 3792 oratio-

315 3806 409 3862 nis,
427 3805 482 3855 in
505 3823 602 3871 qus
617 3808 768 3857 miror
788 3809 1082 3872 interpretes
1104 3823 1202 3856 non
1225 3807 1437 3856 haesisse.

317 3869 522 3936 Ellipsis
553 3887 662 3922 esse
697 3873 843 3922 debet
876 3872 1024 3922 totius
1059 3871 1436 3922 enuntiationi„

313 3943 362 3983 st
381 3939 560 3985 diutins
576 3941 718 3986 elien
737 3941 788 3985 ἐκ
808 3955 864 3987 ea
971 3942 1154 3986 ‘tatione
1176 3941 1312 3999 defici
1327 3953 1438 4000 per·

313 4003 556 4058 uitiasset,
589 4003 661 4050 Nn·
697 4011 790 4050 etc.
860 4003 905 4050 V
1049 4003 1060 4014 “
1129 4000 1284 4051 forma
1320 4011 1440 4060 erat,

315 4081 416 4113 em
469 4069 650 4128 Quen
706 4068 856 4114 Venus
910 4070 1052 4115 dedit.
1132 4067 1276 4116 Dixit
1329 4069 1440 4115 arlo

315 4135 490 4190 operto,
513 4138 569 4178 ut
601 4131 722 4178 Geo.
747 4130 782 4188 i,
805 4133 902 4179 298
933 4141 1100 4194 aperta
1127 4147 1302 4188 serm,
1329 4147 1442 4180 cum

315 4194 482 4308 aaz}
493 4193 720 4306 ἀὲσῖιιιωκ
738 4195 916 4244 coslum
940 4196 1208 4247 obducere:
1243 4197 1302 4244 cf.
1326 4210 1442 4244 mox

317 4273 364 4306 v.
484 4291 498 4314 .
587 4261 632 4306 8.

381 4323 654 4372 528-629,
689 4323 904 4387 Clangor
921 4338 1183 4381 umorum,
1205 4339 1315 4386 qun
1335 4339 1440 4371 mo—

317 4387 557 4434 vebantur
585 4401 676 4450 per
702 4403 864 4436 serem
895 4388 1152 4452 deportata
1179 4402 1208 4435 a
1232 4388 1440 4446 Venere,

317 4459 628 4516 comparatur
669 4467 782 4500 cum
833 4452 1060 4516 clangore
1105 4454 1247 4502 mbae.
1322 4455 1438 4515 Tyr·

1493 2718 1639 2762 rheno
1656 2714 1771 2780 (pro
1789 2715 2113 2779 Tyrrhenica)
2138 2719 2264 2773 uba,
2283 2731 2313 2764 a
2334 2716 2617 2780 Tyrrhenia,

1495 2789 1552 2828 ut
1577 2789 1747 2828 notum
1784 2789 1871 2836 est,
1907 2779 2135 2835 inventaz
2172 2789 2223 2828 et
2254 2780 2457 2838 doctius,
2497 2785 2617 2845 Tyr-

1495 2847 1663 2892 rhenus
1697 2845 1883 2908 clangor
1916 2847 2050 2893 ταῦθ.
2106 2846 2267 2902 Pulsa,
2298 2845 2522 2910 impulsa,
2546 2847 2617 2895 al·-

1495 2907 1589 2956 lisa
1628 2907 1723 2957 sibi
1764 2909 2001 2956 invicem:
2060 2916 2231 2966 tonare,
2272 2925 2365 2973 pro
2406 2910 2619 2975 simplici

1497 2988 1686 3021 sonare.
2646 3001 2653 3008 -

1564 3039 1835 3085 531-533.
1884 3039 2085 3100 Agnovit
2123 3040 2243 3087 ‹130ae
2272 3043 2499 3100 promissa
2528 3057 2621 3102 pa·

1496 3106 1655 3159 restis,
1694 3109 1745 3150 et
1769 3117 1815 3149 v.
1846 3103 1957 3158 534,
1988 3105 2092 3150 Hoc
2123 3106 2305 3166 signum
2337 3115 2427 3152 etc.
2483 3105 2623 3153 Bene

1501 3163 1727 3214 Servium
1764 3165 1888 3214 κατὰ
1906 3165 1966 3214 τὸ
1992 3167 2295 3228 σιωπώμενον
2324 3171 2625 3233 intelligimus

1508 3231 1723 3278 Venerem
1756 3233 1801 3277 ei
1829 3235 2103 3291 promisisse.
2160 3232 2349 3281 Clarior
2382 3249 2463 3282 res
2494 3235 2625 3299 apud

1504 3294 1707 3342 Homer.
1734 3293 1830 3342 vid.
1859 3295 1999 3343 Iliad.
2024 3313 2072 3354 σ,
2101 3298 2206 3344 189.
2262 3299 2508 3346 Ceterum

1501 3365 1631 3405 etam
1648 3357 1730 3405 hic
1750 3357 1803 3404 in
1824 3358 2005 3408 malum
2026 3359 2187 3408 locum
2208 3361 2433 3410 intulisse
2450 3378 2483 3426 p
2546 3379 2627 3411 em

1499 3431 1717 3486 apparet.
1770 3422 2027 3471 Debebunt
2048 3423 2195 3482 enim,
2220 3435 2277 3472 ut
2300 3425 2380 3474 vis
2396 3426 2629 3475 carminis

1501 3495 1631 3533 esset
1662 3485 1781 3534 satis
1812 3502 2002 3550 magna,
2028 3503 2084 3536 ea
2107 3504 2237 3536 nunc
2268 3489 2429 3538 omnia
2452 3491 2625 3552 subjici

1501 3565 1611 3662 {¹2:¹5
1632 3551 1797 3662 ”iii-,⁸
1818 3567 1973 3662 ἓξὲξ
1999 3552 2115 3662 ⁸:33
2119 3626 2167 3663 t
2184 3551 2375 3679 ’ἓξὲξ
2406 3569 2629 3666 222222'22

1503 3678 1697 3727 animus
1738 3678 1801 3726 iis
1844 3680 1989 3726 rebus
2031 3681 2381 3742 cognoscendis
2416 3697 2526 3744 quie
2562 3682 2629 3730 de

1502 3742 1651 3807 clipei
1684 3752 1969 3806 argumento
2006 3755 2277 3802 narrantur,
2310 3761 2453 3808 quam
2486 3746 2624 3811 cupi-

1503 3807 1657 3855 ditate
1691 3823 1781 3872 per
1815 3807 1913 3865 illa,
1951 3823 2061 3870 quae
2092 3806 2345 3871 interjecta
2380 3821 2508 3868 sunt,
2546 3825 2625 3858 re-

1503 3887 1672 3936 pressa
1716 3881 1768 3920 et
1814 3874 1997 3920 obnisa.
2076 3877 2179 3938 Ego
2216 3891 2375 3936 poscor
2423 3877 2628 3938 Olympo,

1506 3936 1653 3984 tertio
1684 3951 1813 3995 casu,
1836 3953 1927 4002 pro
1955 3941 2015 3986 ab
2038 3941 2253 4000 Olympo.-
2286 3954 2366 3988 me
2388 3939 2631 4004 Olympus

1503 4001 1678 4065 poscit,
1700 4017 1781 4050 me
1804 4003 1921 4060 vult,
1946 4002 2169 4067 respicit3
2204 4005 2252 4050 h.
2278 4003 2339 4051 ad
2361 4019 2441 4052 me
2462 4014 2627 4052 osten-

1503 4075 1609 4114 tum
1632 4066 1761 4115 aeris
1780 4076 1983 4131 spectat,
2004 4066 2131 4115 nihil
2162 4077 2238 4116 est
2268 4067 2397 4132 quod
2419 4083 2506 4117 vos
2530 4077 2627 4117 ter-

1503 4145 1727 4179 reanum.

1573 4195 1847 4244 587-540.
1883 4199 2014 4244 Eheu
2043 4203 2240 4258 quantus
2262 4201 2403 4259 equis,
2431 4206 2631 4260 quantus

1508 4263 1641 4308 adest
1674 4263 1787 4307 viris
1809 4262 1973 4318 Sudor,
1994 4261 2119 4310 Hor.
2148 4260 2165 4308 i
2189 4262 2280 4310 Od.
2304 4277 2385 4318 xv,
2410 4263 2455 4310 9.
2514 4265 2627 4311 Pos-

1507 4333 1617 4372 cant
1652 4328 1806 4372 acies:
1852 4333 1968 4372 eant
2006 4339 2136 4374 nunc
2176 4333 2229 4373 et
2264 4325 2485 4388 flagitent
2522 4328 2626 4376 bel-

1507 4388 1637 4436 lum:
1672 4387 1732 4436 cf.
1852 4423 1865 4436 .
1888 4389 1971 4447 vii,
1997 4389 2107 4446 817,
2132 4389 2214 4439 ubi
2237 4389 2407 4439 eadem
2428 4403 2627 4441 senten-

1509 4452 1577 4500 tia
1598 4451 1695 4502 alio
1712 4467 1761 4501 m
1826 4468 1857 4501 o
1876 4453 2081 4502 reddita.
