3050 4934
389 265 522 331 244

1279 256 1809 324 AENEIDOS

567 414 714 481 Nec
744 413 918 478 tacui
945 411 1251 488 demens;
1295 421 1365 474 et
1387 431 1516 486 me,
1544 407 1679 473 fors
1710 409 1767 472 si
1794 428 1927 492 qua
1954 403 2233 481 tulisset,

435 519 525 582 95
569 517 641 582 Si
669 517 919 602 patrios
949 535 1238 600 unquam
1263 511 1659 576 remeassem
1680 511 1889 575 victor
1916 509 2001 572 ad
2034 505 2281 590 Argos,

565 619 846 684 Promisi
871 615 1187 692 ultorem;
1233 625 1302 678 et
1331 613 1549 678 verbis
1580 613 1734 676 odia
1760 633 1999 696 aspera
2022 609 2215 672 movi.

567 720 744 785 Hinc
773 718 929 783 mihi
955 719 1164 803 prima
1193 715 1342 780 mali
1371 715 1593 791 labes3
1635 713 1789 776 hinc
1814 733 2072 795 semper
2102 708 2335 772 Ulixes

565 821 960 886 Criminibus
991 831 1240 883 terrere
1269 818 1484 894 novis3
1529 815 1683 878 hinc
1714 833 2027 898 spargere
2056 832 2251 886 voces

571 925 651 989 In
679 921 942 1007 vulgum
972 921 1334 1004 ambiguas,
1365 929 1434 982 et
1463 938 1759 1001 quaerere
1790 915 2089 980 conscius
2119 933 2317 975 arma.

404 1027 530 1090 100
573 1024 720 1091 Nec
749 1023 1066 1108 requievit
1093 1023 1288 1097 enim,
1317 1021 1526 1084 donec
1558 1016 1915 1082 Calchante
1940 1015 2319 1079 ministro——

572 1127 711 1192 Sed
739 1125 900 1211 quid
929 1145 1056 1208 ego
1085 1122 1228 1186 haec
1259 1131 1476 1186 autem
1505 1119 1947 1203 nequidquam
1974 1117 2231 1199 ingrata
2258 1109 2562 1176 revolvo?

577 1226 841 1300 Quidve
869 1226 1127 1290 moror?
1175 1224 1231 1288 si
1261 1245 1482 1286 omnes
1511 1243 1645 1284 uno
1675 1221 1903 1284 ordine
1926 1217 2186 1282 habetis
2215 1211 2527 1288 AchivoS,

573 1326 785 1411 quue
815 1326 1042 1390 audire
1073 1335 1176 1388 sat
1203 1334 1343 1402 est3
1379 1322 1771 1407 jamdudum
1802 1320 2033 1384 sumite
2062 1338 2315 1401 poenas.

574 1428 728 1494 Hoc
759 1426 1026 1490 Ithacus
1056 1424 1232 1501 velit,
1261 1434 1330 1489 et
1359 1446 1597 1507 magno
1626 1432 1995 1487 mercentur
2024 1416 2302 1482 Atridae.

405 1531 529 1595 105
657 1529 836 1594 Tum
865 1550 1020 1592 vero
1049 1527 1352 1592 ardemus
1385 1525 1604 1589 scitari
1632 1535 1699 1588 et
1722 1543 2017 1607 quaerere
2046 1540 2301 1594 causas,

573 1631 796 1716 Ignari
826 1629 1142 1696 scelerum
1171 1637 1502 1692 tantorum
1532 1618 1822 1709 artisque
1852 1620 2171 1706 Pelasgae.

572 1733 1006 1817 Prosequitur
1036 1731 1356 1814 pavitans,
1389 1739 1456 1792 et
1485 1727 1643 1791 ficto
1672 1736 1937 1810 pectore
1970 1722 2181 1786 fatur:

570 1835 765 1918 Saepe
795 1831 1018 1916 fugam
1045 1831 1264 1894 Danai
1292 1829 1500 1913 Troja
1521 1829 1787 1912 cupiere
1813 1825 2039 1890 relicta

575 1933 824 2008 Moliri,
855 1943 924 1996 et
949 1931 1146 2016 longo
1177 1929 1334 1994 fessi
1363 1930 1703 1993 discedere
1732 1925 1935 1992 bello:

412 2036 536 2100 110
577 2034 1044 2116 Fecissentque
1075 2032 1356 2094 utinam!
1405 2053 1583 2114 saepe
1613 2029 1753 2094 illos
1782 2049 2017 2113 aspera
2045 2026 2231 2111 ponti

573 2132 948 2200 Interclusit
975 2131 1204 2207 hiems,
1237 2141 1306 2195 et
1332 2133 1567 2194 terruit
1595 2127 1845 2193 Auster
1874 2137 2128 2193 euntes.

579 2234 945 2316 Praecipue,
977 2254 1180 2317 quum
1196 2233 1336 2316 jam
1363 2230 1472 2295 hic
1500 2231 1799 2295 trabibus
1830 2237 2178 2294 contextus
2208 2225 2455 2290 acernis

577 2335 799 2399 Staret
825 2355 1058 2419 equus,
1091 2343 1232 2396 toto
1263 2341 1623 2396 sonuerunt
1652 2330 1899 2396 aetherc
1930 2328 2150 2393 nimbi.

582 2435 900 2521 Suspensi
931 2433 1340 2519 Eurypylum
1373 2435 1673 2500 scitatum
1704 2429 1965 2498 oracula
1996 2428 2237 2494 Phoebi

449 2612 550 2672 ,9st
585 2613 784 2660 Promisi
815 2612 1022 2668 ultum,
1055 2609 1268 2658 minatus
1301 2623 1435 2656 sum:
1473 2617 1533 2656 ut

411 2675 528 2724 alibi
572 2689 778 2749 quoque.
839 2675 1000 2722 Verbis
1045 2675 1152 2722 odia
1195 2689 1360 2734 aspera
1398 2677 1528 2730 movi,

409 2737 652 2849 exquisae
675 2753 780 2814 pro,
805 2737 997 2802 Ulyssis
1029 2737 1196 2786 odium
1227 2736 1528 2802 exasperavi,

409 2815 586 2850 exacer
647 2815 710 2849 νι.

473 2863 552 2916 97.
587 2867 748 2914 Prima
776 2868 888 2914 mals·
921 2867 1060 2922 labes,
1083 2863 1356 2927 elegantius
1385 2881 1531 2927 quam

411 2928 548 2993 origo
580 2929 658 2977 vel
697 2945 870 2978 caussa
921 2930 1070 2978 κακοῦ
1101 2931 1141 2976 δ’
1179 2929 1268 2991 ἄρα
1304 2929 1350 2976 οἱ
1381 2927 1535 2977 πέλεν

411 2991 553 3055 ἀρχὴ,
581 2993 720 3041 Iliad.
745 3001 793 3052 λ,
819 2993 942 3040 6032
977 2991 1082 3041 sive
1103 3001 1160 3040 ut
1183 2993 1307 3040 labes
1328 3007 1528 3056 serpen-

409 3055 475 3104 tis
495 3055 674 3104 ulceris
691 3056 770 3104 vel
797 3056 955 3104 morbi
986 3055 1196 3120 primam
1221 3057 1461 3104 maculam
1483 3065 1536 3104 et

409 3127 576 3168 notam
592 3119 817 3175 denotetz
837 3119 941 3167 sive
972 3127 1030 3167 ut
1050 3119 1258 3184 primam
1279 3119 1528 3184 compagis

408 3181 718 3240 solutionem,
742 3193 1001 3245 antequam
1021 3182 1166 3232 ruina
1187 3183 1256 3232 fit.
1301 3184 1533 3248 Explicat

408 3244 637 3295 lustinus
671 3245 789 3305 xvii,
831 3248 884 3294 1:
921 3249 1040 3296 Haec
1059 3251 1212 3308 prim
1245 3251 1358 3296 mali
1391 3251 1531 3307 labes,

407 3313 492 3360 hoe
511 3313 694 3358 initium
715 3313 1015 3372 mendensis
1035 3315 1182 3360 ruina
1191 3309 1310 3372 fuit.

475 3375 555 3430 98,
596 3375 674 3423 99.
721 3377 999 3424 Criminibus
1039 3383 1210 3424 tenere
1246 3379 1384 3433 novis,
1429 3376 1528 3424 ele-

407 3437 1402 3566 ffismfffflmfflffi
1424 3440 1528 3551 ξε·

409 3570 533 3615 seiae
581 3582 726 3614 mm.
809 3569 955 3614 Arma
999 3583 1105 3616 esse
1154 3577 1362 3632 possunt
1410 3583 1529 3616 con·

409 3629 534 3688 silis,
559 3645 668 3692 quae
695 3630 912 3694 agitabat
940 3630 1140 3695 Ulysses
1175 3631 1237 3680 ad
1275 3631 1524 3708 depellen-

409 3693 528 3742 dum
547 3693 810 3742 imminens
845 3693 940 3742 sibi
972 3709 1002 3742 a
1031 3695 1212 3744 Sinone
1240 3695 1526 3760 pericnlum,

409 3757 481 3806 sie
503 3761 706 3806 eomedas
727 3773 793 3807 sc.
816 3756 1020 3822 periculi
1050 3758 1377 3808 imminentis:
1412 3775 1527 3824 pos-

409 3829 528 3870 sunt
559 3821 708 3870 etiam
741 3835 848 3870 esse
879 3820 1074 3869 fraudes
1107 3831 1156 3870 et
1183 3822 1372 3871 insidiae
1411 3839 1533 3886 quas

409 3883 464 3934 in
488 3885 723 3934 Sinonem
755 3885 970 3949 parabat,
994 3889 1209 3944 mucius,
1233 3886 1378 3935 tacite
1399 3887 1533 3936 intra

409 3964 492 4004 ses
527 3959 614 3998 aut
643 3951 846 3998 οοιιεσὲω
878 3956 955 3996 est
981 3963 1094 3996 cum
1115 3948 1238 4007 aliis,
1257 3951 1528 3999 communi-

409 4019 520 4060 cato
541 4012 728 4062 scilicet
757 4027 871 4062 cum
899 4011 1009 4060 aliis
1037 4012 1255 4062 consilio.
1309 4013 1422 4062 Hoc
1443 4030 1526 4064 ve-

407 4090 520 4124 rum
536 4075 742 4134 videtur,
760 4091 874 4126 cum
893 4075 1060 4124 statim
1078 4076 1392 4125 Calchantem
1411 4093 1527 4126 con-

409 4137 632 4188 siliorum
649 4140 836 4188 socium
857 4139 1144 4189 assumsisse
1166 4139 1367 4189 dicamr.

479 4203 585 4250 100.
620 4205 781 4265 Neque
793 4217 912 4251 sane
928 4203 1024 4266 (δὴ,
1043 4203 1186 4265 aim)
1201 4207 1422 4266 requievit
1439 4215 1531 4254 etc.

409 4265 538 4313 Mox
555 4266 761 4314 reticere
789 4267 1024 4315 Sinonem
1057 4283 1248 4316 summa
1275 4283 1386 4316 cum
1410 4277 1528 4327 ute,

410 4336 529 4386 tum,
554 4343 704 4391 quum
737 4329 1000 4378 maximam
1033 4328 1420 4395 expectationem
1441 4348 1525 4380 ex-

407 4391 620 4449 citasset,
643 4391 786 4440 facile
807 4392 1011 4455 quisque
1029 4395 1191 4442 sentit.

477 4455 748 4503 los-104.
791 4455 890 4502 Uno
911 4459 1086 4514 ordine,
1105 4473 1196 4520 pro
1219 4458 1422 4520 vulgari,
1441 4477 1528 4508 uno

1596 2610 1701 2656 loco.
1753 2606 1953 2656 Servius
1991 2621 2079 2654 uno
2117 2612 2267 2662 nats,
2308 2611 2361 2651 et
2396 2619 2425 2651 a
2460 2616 2719 2651 causarum

1595 2671 1830 2720 classibus
1853 2671 1931 2720 vel
1964 2667 2217 2718 ordinibus
2239 2666 2617 2732 explicationem
2638 2665 2719 2714 ni—

1598 2737 1691 2785 mis
1734 2733 1877 2784 docte·
1922 2733 2060 2799 petit.
2130 2735 2273 2795 quue
2316 2734 2477 2780 audire
2518 2739 2595 2780 eat
2633 2738 2719 2778 est.

1598 2800 1749 2848 Varie
1783 2809 1834 2848 et
1862 2801 1956 2847 hoc
1988 2797 2251 2862 exponitur
2272 2807 2325 2844 et
2341 2793 2521 2860 exponi
2541 2804 2719 2860 potest.

1598 2865 1779 2922 Placet,
1804 2866 1967 2912 audire
1986 2865 2050 2920 id,
2075 2877 2181 2910 esse
2200 2875 2281 2908 me
2304 2875 2456 2909 unum
2479 2874 2543 2907 ex
2564 2859 2720 2908 Achi-

1597 2928 1703 2983 vis;
1740 2937 1792 2976 et
1810 2927 1873 2976 ad
1904 2926 2114 2991 primam
2147 2923 2499 2973 enuntiationis
2529 2934 2723 2988 partem

1597 2992 1771 3040 refero.
1826 2991 1950 3040 Mox
1974 2990 2252 3053 jamdudum
2294 2988 2365 3036 ita
2402 2988 2629 3064 positum,
2666 2999 2727 3036 ut

1644 3065 1759 3184 ulglg
1775 3061 2610 3180 pgzeremerg:ggug{pnonggre
2668 3131 2721 3164 e-

1594 3184 1783 3232 bebatis
1836 3199 2023 3249 poenas.
2108 3185 2297 3230 Ithacus
2356 3198 2446 3257 pro
2504 3179 2724 3229 Ithacius

1600 3249 1817 3312 Ulysses‚
1842 3259 1899 3296 ut
1930 3250 2057 3295 Itala
2102 3264 2217 3310 gem
2250 3255 2302 3294 et
2332 3246 2525 3295 similia.
2581 3244 2725 3293 Alias

1596 3311 1874 3386 ’leant-heroos,
1903 3315 2171 3360 Ithacensis.
2226 3313 2492 3377 Mes-ceatur
2524 3309 2722 3372 elegan-

1600 3385 2267 3501 υυῗθὲῗαιιὲσῐέιᾚὲοἰῖᾛι
2277 3438 2495 3487 fraudem
2522 3453 2722 3502 compo-

1598 3503 1693 3552 sito
1716 3503 1894 3561 animo,
1918 3505 1965 3552 h.
1990 3519 2031 3551 e.
2056 3503 2257 3552 subdole
2279 3513 2331 3550 et
2352 3502 2701 3551 fraudulenter.

1667 3570 1774 3626 108,
1806 3569 1913 3616 109.
1948 3569 2110 3616 Moliri
2129 3565 2299 3630 fitgam
2331 3582 2479 3632 grave
2512 3566 2723 3614 vocabu-

1594 3630 1697 3680 lum
1727 3647 1819 3696 pro
1844 3647 2031 3698 parare,
2064 3631 2161 3679 vid.
2195 3647 2301 3694 sup.
2326 3631 2359 3689 i,
2384 3633 2507 3686 4143
2544 3641 2596 3678 et
2605 3627 2727 3694 seut·

1596 3699 1727 3760 longo
1769 3699 1881 3745 bello
1921 3697 2169 3760 eleganter
2202 3695 2445 3758 adjectum
2472 3695 2541 3756 τᾷ
2574 3697 2723 3743 disoe-

1597 3763 1705 3808 dere

1667 3826 1935 3873 111-113,
1984 3827 2169 3872 Terruit
2200 3832 2370 3880 euntes,
2402 3823 2474 3872 ire
2504 3822 2727 3872 volentes

1596 3886 1847 3944 deterruit,
1867 3887 1945 3937 vel
1962 3903 2057 3950 quo
2074 3888 2237 3936 minus
2256 3889 2399 3945 irent,
2420 3887 2725 3950 navigarent,

1595 3961 1655 4001 ut
1684 3951 1844 4000 Graeci
1884 3951 2032 3999 etiam
2073 3961 2245 4016 poetae.
2317 3954 2491 4000 Trabes
2530 3968 2725 4010 acernae,

1596 4031 1745 4080 supra
1757 4032 1801 4063 v.
1824 4015 1896 4073 16,
1917 4031 1981 4063 ex
1993 4017 2155 4064 abiete.
2212 4019 2457 4064 Gonteaetus
2475 4015 2595 4076 (vid.
2615 4031 2724 4080 sup.

1597 4096 1642 4128 v.
1685 4081 1785 4141 16‚)
1820 4087 1981 4138 staret,
2006 4087 2160 4135 essetz
2196 4089 2255 4128 ut
2286 4087 2533 4129 sonuerunt
2564 4083 2723 4138 nimbi,

1598 4143 1691 4192 orti
1712 4152 1830 4192 sunt
1851 4143 2084 4192 turbines.
2142 4144 2324 4193 Omnia
2344 4144 2407 4192 ad
2428 4143 2726 4192 ornatiorem

1597 4207 1865 4255 orationem
1888 4217 2123 4271 spectant.

1667 4271 1773 4318 114.
1810 4273 2039 4332 Suspensi,
2062 4270 2273 4328 solliciti,
2296 4271 2432 4320 dubii
2454 4271 2572 4333 quid
2594 4271 2723 4319 face-

1593 4343 1719 4382 rent.
1755 4337 1988 4398 Eurypyli
2002 4334 2193 4398 plures3
2216 4335 2561 4383 celeberrimus
2576 4335 2723 4383 Tele-

1594 4397 1679 4461 phi
1717 4397 1864 4456 filius,
1905 4397 1987 4472 qui
2024 4397 2251 4465 Trojanis
2294 4397 2477 4446 auxilio
2500 4399 2649 4456 venit,
2674 4409 2728 4446 et

1594 4461 1753 4524 poetis
1774 4461 1969 4524 cyclicis
1991 4471 2135 4524 atque
2170 4461 2317 4510 etiam
2348 4461 2545 4524 tragicis
2574 4477 2720 4525 argu·
