3050 4934
1054 269 1508 336 ECLOGA
1551 269 1649 336 11.
2474 272 2511 334 7

355 419 696 488 Produxit
719 422 1024 488 miseros!
1071 444 1180 500 en,
1211 423 1398 508 queis
1429 422 1833 488 consevimus
1865 425 2097 506 agros!

355 523 589 590 Insere
619 547 818 602 nunc,
851 523 1192 603 Meliboee,
1225 525 1428 610 pirOS,
1459 547 1632 610 pone
1662 524 1889 590 ordine
1920 524 2105 588 vites».

241 623 316 688 75
357 623 458 690 Ite
489 649 680 704 meae,
714 625 870 691 felix
898 627 1228 711 quondam
1256 649 1482 711 pecua,
1513 625 1937 712 ite'capellae!

358 727 520 793 Non
549 751 678 813 ego
709 751 822 792 vos
852 727 1154 813 posthac,
1187 729 1377 792 viridi
1404 731 1739 814 projectus
1768 730 1839 793 in
1866 740 2078 805 antrO,

357 829 667 894 Dumosa
695 831 986 914 pendere
1016 829 1248 914 procul
1274 831 1360 894 de
1387 851 1552 915 rupe
1582 831 1855 895 videbo:

359 930 672 996 Carmina
696 930 874 996 nulla
902 953 1158 1010 canam3
1207 955 1360 1010 non,
1391 955 1492 997 me
1523 943 1857 1018 pascente,
1890 931 2177 1018 capellae,

359 1031 738 1098 Florentem
768 1033 1046 1117 cytisum
1075 1044 1143 1097 et
1171 1032 1400 1098 salices
1432 1035 1715 1119 carpetis
1746 1057 2019 1099 amaras.

241 1134 320 1196 80
361 1133 528 1198 Trr.
566 1134 698 1200 Hic
721 1145 940 1199 tamen
962 1134 1132 1199 hanc
1155 1157 1406 1199 mecum
1426 1145 1693 1220 poteras
1718 1137 2127 1220 requiescere
2152 1148 2409 1202 noctem

362 1235 631 1300 Fronde
661 1258 861 1320 super
891 1236 1108 1314 viridi;
1155 1248 1308 1301 sunt
1335 1237 1524 1301 nobis
1555 1238 1735 1301 mitia
1762 1260 1978 1322 poma,

365 1338 715 1403 Castaneae
743 1336 992 1414 molles,
1025 1347 1094 1402 et
1120 1339 1335 1423 pressi
1363 1340 1555 1423 copia
1584 1337 1805 1404 lactis:

367 1440 464 1504 Et
482 1441 622 1525 jam
651 1463 902 1504 summa
924 1439 1158 1524 procul
1184 1439 1476 1505 villarum
1505 1440 1783 1506 culmina
1810 1441 2095 1520 sumant3

369 1541 800 1628 Majoresque
823 1543 1070 1608 cadunt
1093 1541 1242 1607 altis
1270 1543 1355 1609 de
1385 1544 1714 1608 montibus
1746 1544 2017 1608 umbrae.

269 1741 338 1790 73.
373 1743 468 1798 Ea,
505 1744 635 1802 queis
683 1744 956 1789 consevimus
971 1760 988 1788 .-
1039 1741 1228 1804 quibus,
1268 1742 1322 1790 in
1387 1741 1512 1790 dalis
1533 1741 1831 1790 inseruntur.
1871 1742 2096 1790 Laudant
2111 1758 2175 1791 ex
2194 1743 2412 1792 Palladio
2428 1743 2513 1792 lib.

215 1820 400 1867 qwmm
430 1805 698 1853 utilitatem
720 1821 862 1868 agros
883 1805 1135 1854 coluimus.
1387 1806 1486 1865 xiv,
1539 1808 1645 1864 155,
1698 1809 2053 1869 Castaneamque
2098 1816 2268 1856 trucem
2314 1811 2516 1870 depulsis

269 1871 337 1920 74.
377 1870 574 1918 Ironice
587 1869 773 1918 dictum
785 1869 1010 1934 accipies.
1044 1870 1176 1926 Quid
1183 1873 1325 1934 juvat
1387 1875 1508 1935 cogit
1532 1869 1707 1919 echinis
1728 1873 1907 1919 Mirari
1910 1869 2101 1933 fructus
2124 1875 2255 1920 lavia
2268 1889 2403 1934 poma
2425 1876 2513 1920 eui.

213 1949 328 1982 nunc
349 1935 612 1984 insevioee!
1389 1935 1560 1984 Potuit
1576 1945 1739 1984 tamen
1757 1935 2023 2001 improprie
2037 1951 2128 2001 pro
2142 1937 2347 1985 maturis
2363 1939 2517 1984 molles

273 2000 345 2049 76.
375 2000 422 2048 Ε
447 2000 654 2048 Theocr.
678 1999 712 2056 i,
740 1999 848 2056 116,
877 1997 983 2049 117.
1388 2000 1648 2075 appellare.
1716 2003 1877 2048 Pressi
1919 2005 2049 2062 copia
2086 2004 2237 2058 lactis,
2278 2001 2325 2048 h.
2370 2000 2516 2059 casei,

270 2063 344 2114 79.
377 2065 460 2112 De
485 2067 644 2127 Cytiso
665 2063 762 2112 vid.
783 2063 846 2112 ed
865 2063 972 2112 Ecl.
995 2063 1046 2122 ii,
1071 2065 1148 2113 64.
1389 2081 1502 2130 qma
1522 2080 1687 2113 serum
1710 2081 1739 2113 e
1760 2065 1963 2128 coagulo
1984 2065 2090 2114 sive
2118 2075 2347 2114 concreta
2376 2065 2518 2114 lactis

271 2131 344 2176 8⁰.
379 2129 424 2177 Ε
448 2129 655 2177 Theocr.
681 2127 748 2186 xi,
771 2129 836 2176 44
857 2145 960 2191 sqq.
1388 2139 1528 2194 parte
1571 2129 1875 2194 exprimitur,
1918 2139 1967 2178 et
2004 2131 2201 2192 adjectis
2245 2130 2393 2178 etiam
2428 2146 2518 2191 pro

269 2195 342 2240 82.
377 2197 622 2244 Castaneae
652 2195 805 2240 molles
835 2191 968 2241 varie
1003 2209 1064 2242 ex
1099 2193 1324 2252 linantur,
1388 2197 1624 2242 soliditate
1650 2197 1931 2257 acquirenda
1954 2197 2247 2257 ponderibus,
2272 2205 2328 2243 ut
2354 2194 2513 2242 Pana-

213 2267 260 2304 ιιι
280 2257 376 2305 sint
397 2269 614 2314 mature,
636 2256 715 2306 vel
736 2266 904 2313 tostam
938 2258 1018 2306 vel
1083 2274 1112 2306 e
1144 2273 1326 2322 genere
1389 2259 1500 2308 dius
1521 2259 1751 2321 loquitur,
1774 2261 2020 2321 eliquatur.

211 2321 408 2382 qmdam
423 2323 556 2385 quod
568 2321 796 2370 echinum
809 2338 898 2370 seu
913 2323 1144 2370 corticem
1163 2323 1326 2372 minus
1456 2327 1533 2372 83.
1570 2327 1637 2372 Et
1658 2323 1763 2388 jam
1780 2343 1797 2371 .-
1842 2339 1941 2372 nox
1972 2323 2185 2388 ing-ruit:
2229 2323 2291 2371 cf.
2324 2323 2430 2372 Ecl.
2464 2321 2517 2380 ii,

213 2385 376 2435 dumam
395 2387 559 2437 habet.
617 2386 701 2435 Fit
738 2387 790 2436 id
819 2385 1060 2451 inprimis,
1081 2387 1126 2436 si
1157 2403 1321 2451 amyg-
1391 2387 1468 2439 67.

803 2909 1252 2976 ECLOGA
1296 2909 1397 2975 11.
1475 2909 1913 2975 ALEXIS.

1057 3145 1668 3194 ARGUMENTUM.

211 3275 432 3340 Cor-5401:
459 3283 644 3340 putor,
671 3273 896 3322 Alexidis
920 3273 1078 3337 pueri,
1101 3273 1182 3336 qui
1212 3289 1242 3322 a
1272 3272 1519 3322 communi
1546 3272 1801 3335 utriusque
1830 3271 2029 3320 domino
2058 3273 2325 3330 amabatur,
2349 3271 2523 3320 insano

269 3371 434 3404 amore
465 3371 579 3403 cum
611 3354 811 3412 fureret,
837 3353 1072 3402 miserum
1103 3353 1180 3402 sui
1211 3353 1363 3402 animi
1394 3353 1621 3402 affectum
1647 3355 1739 3401 hoc
1771 3353 1988 3401 carmine
2022 3353 2239 3418 exponit.
2312 3353 2374 3402 In
2397 3353 2525 3402 votis

267 3437 430 3497 habet,
454 3446 514 3484 ut
537 3435 622 3484 ille
648 3435 752 3484 ruri
783 3450 948 3483 secum
979 3433 1182 3483 habitet.
1251 3435 1524 3484 Enumerat
1553 3433 1719 3500 copias
1748 3451 1862 3484 suas
1898 3444 1949 3483 et
1980 3451 2099 3499 opes
2128 3433 2336 3484 rusticas
2366 3451 2411 3482 v.
2445 3436 2522 3492 20,

267 3532 410 3566 mm
429 3516 532 3566 οἰκ
551 3515 770 3581 speciem
791 3517 870 3573 25,
893 3531 1032 3565 susm
1054 3524 1208 3564 artem
1231 3515 1440 3564 canendi
1469 3518 1547 3574 31,
1572 3531 1665 3564 sua
1694 3531 1897 3564 munera
1920 3531 2077 3580 puero
2102 3523 2287 3579 parata,
2311 3514 2527 3562 fistulam

271 3599 352 3656 ⁸8,
371 3608 424 3646 et
443 3597 546 3646 dno
565 3595 820 3662 capreolos
839 3599 916 3654 4⁰,
942 3606 1047 3645 tum
1069 3596 1274 3644 corollas
1291 3595 1536 3645 variorum
1558 3596 1732 3643 florum
1755 3598 1818 3642 45
1836 3615 1847 3651 ς
1878 3610 1994 3642 mox
2013 3605 2175 3642 tamen
2200 3594 2400 3640 damnat
2420 3593 2529 3656 ipse

271 3693 486 3728 -orem
521 3693 666 3727 suum
705 3679 783 3725 58.
853 3675 1096 3725 Dominus
1139 3693 1230 3741 per
1272 3677 1391 3726 101ae
1431 3691 1611 3724 nomen
1657 3675 1930 3723 declaratus
1974 3689 2080 3722 esse
2122 3671 2317 3720 videtur
2358 3688 2405 3720 v.
2448 3673 2525 3722 57.

275 3759 416 3809 Idem
437 3758 668 3822 Corydon
699 3767 948 3806 amaverat
967 3756 1334 3822 Amaryllidem,
1359 3773 1585 3822 asperam
1614 3753 1844 3821 puellam,
1869 3764 1921 3805 et
1944 3755 2222 3804 Menalcam
2250 3767 2458 3819 puerum
2480 3769 2526 3802 v.

279 3841 340 3888 14
359 3857 430 3902 sq.
457 3841 538 3887 52.

215 3921 382 3970 Etim
413 3920 470 3968 in
497 3919 646 3983 huju
677 3919 858 3982 eclogae
891 3917 1122 3982 allegoria
1151 3918 1422 3967 retexenda
1454 3918 1632 3967 misere
1665 3934 1719 3967 se
1754 3927 1983 3981 torquent
2013 3918 2322 3982 interpretes,
2356 3931 2467 3964 cum
2501 3932 2533 3964 a

278 4001 448 4052 Servio
477 4011 532 4049 et
554 3999 666 4049 aliis
693 3999 926 4049 traditum
957 3999 1272 4064 accepissent,
1299 3998 1482 4048 Alexin
1515 3999 1620 4048 eive
1648 3998 1812 4048 Asinii
1843 3998 2081 4048 Pollionis
2106 3997 2210 4046 sive
2242 3997 2531 4046 Maecenatis

278 4097 486 4148 puerum
509 4081 676 4140 fluisse,
695 4095 726 4129 a
743 4079 954 4144 Virgilio
975 4091 1213 4136 amatum3
1243 4095 1518 4144 quanquam
1542 4081 1647 4144 ejus
1670 4079 1741 4129 rei
1762 4096 1861 4128 non
1884 4079 2003 4128 satis
2024 4088 2253 4127 constans
2276 4079 2403 4128 fama
2424 4078 2533 4127 fuit.

278 4165 402 4219 Qun
431 4164 506 4212 ita
533 4177 742 4212 secusne
769 4177 879 4212 sene
908 4162 1136 4222 habeant,
1159 4161 1286 4212 scire
1319 4161 1486 4224 utique
1517 4159 1640 4209 nihil
1672 4161 1849 4216 τοῖοι-ις
1884 4173 2045 4220 neque
2076 4159 2139 4207 de
2163 4158 2311 4208 castis
2334 4159 2535 4223 Virgilii

281 4244 500 4294 nodhu-
531 4243 784 4308 disputnre
816 4243 910 4291 hoc
939 4242 1050 4292 loco
1081 4243 1284 4300 attinet3
1325 4241 1419 4290 etsi
1453 4241 1537 4290 ille
1578 4241 1631 4290 in
1665 4241 1857 4290 delectu
1890 4239 2000 4288 talis
2033 4239 2309 4304 arg-mnenti
2341 4255 2533 4288 morum

281 4341 478 4382 morum
511 4325 786 4374 castimtem
817 4339 994 4390 pamm
1023 4322 1168 4372 nobis
1201 4321 1502 4388 approbavit.
1576 4321 1637 4370 In
1671 4319 2076 4386 interpretatione
2110 4329 2273 4370 tamen
2308 4321 2427 4370 satis
2460 4331 2536 4370 est

285 4415 368 4455 aut
393 4413 561 4456 tenere
595 4413 680 4455 aut
705 4415 936 4464 statuere,
967 4402 1234 4469 Virgilium
1261 4403 1448 4468 ingenii
1483 4419 1645 4462 causa,
1680 4401 1805 4450 forte
1830 4411 1887 4450 ut
1912 4399 2229 4451 Theocritum
2262 4401 2537 4450 imitatione

288 4487 597 4553 exprimeret,
623 4487 726 4534 hnc
757 4485 1038 4551 scripsisse:
1075 4495 1125 4534 et
1148 4483 1357 4548 exprimi
1379 4485 1470 4532 hac
1502 4483 1669 4546 ecloga
1701 4481 1897 4545 egregio
1928 4499 2041 4532 cum
2064 4482 2272 4532 artificio
2294 4490 2466 4530 mutum
2490 4489 2539 4529 et
