3050 4934
1177 264 1519 330 LIBER
1563 264 1706 329 IX.

447 410 775 496 Trojanos
806 410 949 476 baec
976 423 1267 477 monstra
1295 424 1566 498 petunt3
1612 413 1716 477 his
1745 412 2180 497 Jupiter-ipse

448 509 785 577 Auxilium
814 512 1074 577 solitum
1102 514 1377 597 eripuit3
1422 535 1556 580 non
1585 513 1738 591 tela,
1769 535 1890 579 nec
1919 516 2106 597 ignes

284 610 406 675 130
450 610 863 696 Exspectant
890 612 1201 679 Rutulos.
1264 614 1453 699 Ergo
1478 614 1682 679 maria
1709 614 1880 678 invia
1909 612 2216 690 Teucris,

446 712 596 777 Nec
628 735 778 797 spes
808 712 941 779 ulla
970 712 1185 798 fisgae3
1230 736 1449 780 rerum
1476 736 1632 799 pars
1663 712 1868 778 altera
1895 713 2154 777 ademta
2181 722 2320 777 est:

455 812 671 877 Terra
698 824 917 879 autem
942 816 1011 879 in
1038 817 1278 880 nostris
1306 817 1642 891 manibus3
1689 823 1788 877 tot
1813 812 2031 890 millia,
2062 822 2294 897 gentes

449 909 655 977 Arma
684 913 905 979 ferunt
932 914 1139 979 Italae.
1213 914 1330 978 Nil
1358 937 1461 979 me
1490 912 1711 979 fatalia
1740 923 2011 990 terrent,

451 1013 523 1076 Si
549 1037 681 1098 qua
710 1014 1009 1099 Phryges
1038 1037 1179 1099 proe
1208 1038 1279 1079 se
1300 1016 1578 1099 jactant,
1607 1036 1924 1099 responsa
1953 1015 2246 1078 deorum.

280 1113 401 1177 135
446 1114 567 1178 Sat
592 1114 743 1179 fatis
775 1115 1153 1200 Venerique
1185 1115 1430 1192 datum,
1462 1116 1739 1199 tetigere
1770 1114 1950 1198 quod
1978 1135 2133 1178 arva

447 1215 705 1280 Fertilis
736 1214 1051 1280 Ausoniae
1079 1215 1317 1281 Troes.
1398 1216 1570 1281 Sunt
1599 1226 1668 1281 et
1693 1238 1840 1280 mea
1864 1224 2092 1279 contra

452 1316 615 1381 Fata
644 1317 822 1394 mihi,
854 1316 1030 1381 fe‘rro
1060 1316 1439 1382 sceleratam
1468 1316 1855 1381 exscindere
1885 1325 2171 1399 gentem,

453 1414 750 1501 Conjuge
780 1428 1145 1502 proerepta3
1190 1440 1313 1482 nec
1344 1416 1515 1481 solos
1547 1417 1756 1500 tangit
1784 1415 2060 1479 Atridas

451 1515 586 1582 Iste
616 1517 827 1594 dolor,
858 1517 1141 1603 solisque
1170 1516 1324 1583 licet
1352 1539 1588 1602 capere
1619 1538 1796 1581 arma
1825 1516 2150 1600 Mycenis.

284 1618 409 1683 140
453 1619 589 1683 Sed
618 1620 859 1702 periise
890 1618 1089 1683 semel
1120 1620 1277 1683 satis
1308 1628 1431 1682 est.

1511 1617 1798 1697 Peccare
1829 1616 2062 1681 fuisset

457 1717 635 1783 Ante
668 1720 849 1795 satis,
881 1720 1141 1803 penitus
1168 1719 1363 1782 modo
1389 1740 1521 1781 non
1551 1738 1758 1801 genus
1789 1738 1976 1780 omne
2005 1738 2280 1799 perosos

456 1819 850 1884 Femineum.
930 1819 1191 1892 Quibus
1222 1818 1364 1881 haec
1394 1818 1590 1881 medii
1617 1816 1860 1880 fiducia
1887 1814 2057 1892 valli,

455 1919 933 2004 Fossatumque
959 1942 1182 1995 morae,
1212 1918 1777 2011 labi-“discrimina-
1798 1937 2035 2011 Parva-,-
2053 1997 2061 2003 Ι

456 2020 641 2084 Dant
668 2022 936 2085 animos·
1010 2018 1107 2084 At
1134 2042 1265 2083 non
1293 2020 1598 2083 viderunt
1625 2018 1863 2081 moenia
1893 2017 2118 2102 'Erojae

2066 1990 2133 2003 -qfl

290 2120 413 2186 145
453 2121 753 2205 Neptuni
784 2120 1320 2186 fabricata-manu
1348 2118 1689 2185 considere
1718 2118 1785 2182 in
1815 2118 2044 2201 ignes?

458 2222 593 2287 Sed
622 2244 762 2299 vos,
794 2243 835 2285 o
863 2220 1039 2297 lecti,
1070 2220 1245 2284 ferro
1273 2221 1387 2303 qui
1416 2219 1714 2283 scindere
1741 2216 1978 2283 vallum

457 2320 783 2407 Apparat‚
812 2332 883 2387 et
910 2343 1163 2387 mecum
1190 2320 1435 2384 invadit
1464 2319 1859 2403 trepidantia
1887 2322 2148 2383 castra?

457 2421 615 2487 Non
640 2424 832 2487 armis
860 2422 1019 2487 mihi
1046 2419 1347 2498 Vulcani,
1376 2442 1511 2484 non
1537 2418 1706 2483 mille
1737 2420 1972 2483 carinis

459 2523 588 2589 Est
617 2546 783 2608 opus
814 2524 881 2587 in
908 2523 1229 2589 Teucros.
1308 2518 1586 2585 Addant
1615 2541 1686 2583 se
1715 2530 2031 2602 protenus
2061 2541 2286 2585 omnes

294 2626 417 2689 150
460 2612 731 2689 Etrusci
760 2626 993 2691 socios.
1070 2623 1415 2688 Tenebras
1456 2631 1527 2686 et
1555 2621 1787 2685 inertia
1815 2618 1991 2684 furta

460 2724 811 2802 *Palladii,
842 2725 1027 2791 coesis
1060 2747 1325 2790 summae
1352 2722 1740 2788 custodibus
1769 2721 2006 2799 arcis}

460 2826 570 2890 Ne
599 2828 901 2904 timeant3
948 2846 1067 2889 nec
1096 2825 1249 2909 equi
1276 2846 1451 2889 caeca
1476 2824 1832 2889 condemur
1859 2824 1928 2885 in
1957 2821 2136 2886 alvo:

290 3008 399 3056 No·
418 3008 513 3055 teta
526 3024 544 3053 .-
574 3004 783 3070 pen'turi
800 3013 930 3064 sunt,
948 3014 1207 3069 antequam
1226 3020 1316 3054 nos
1338 3014 1411 3053 te-

292 3071 356 3119 lis
378 3078 431 3119 et
448 3070 553 3133 igni
574 3084 659 3118 eos
680 3078 916 3133 petamus.
972 3071 1143 3117 Rerum
1157 3086 1274 3131 pare
1294 3072 1414 3137 qus-

289 3151 363 3193 ra,
386 3150 477 3199 pro
498 3134 705 3197 vulgari,
736 3134 891 3182 altera
920 3148 1014 3191 res,
1042 3134 1265 3181 alterum.
1320 3133 1411 3181 Al-

290 3208 467 3257 terum,
491 3213 639 3257 mare,
666 3198 684 3245 i
745 3197 758 3210 ⁶
816 3197 1133 3245 interclusum
1164 3206 1252 3254 est,
1280 3212 1412 3244 com·

291 3264 435 3313 busta
452 3262 637 3319 classe3
662 3278 691 3310 a
712 3272 884 3319 terum,
908 3270 1051 3318 terra,
1084 3260 1137 3309 in
1161 3269 1325 3308 nostra
1342 3268 1419 3308 est

360 3336 567 3384 testate;
620 3341 747 3384 nam,
783 3325 1009 3387 Trojanis
1041 3323 1169 3372 vallo
1198 3323 1414 3381 inclusis,

346 3390 472 3440 utuli
514 3391 621 3439 loca
658 3390 821 3439 vicina
858 3388 1085 3437 obsident
1130 3403 1187 3436 ac
1232 3397 1415 3436 tenent.

298 3458 385 3504 Tot
406 3456 569 3512 minio,
584 3463 745 3519 gentes
762 3456 912 3511 Italae,
934 3468 1024 3518 per
1046 3469 1109 3516 ap
1202 3452 1416 3510 ‘tionem,

292 3518 600 3633 mim
618 3528 689 3631 ‘323
706 3517 861 3631 ’ἓξὲξ
876 3516 1415 3631 ΞΕἘῗἮ..ἓίἶί“Τ“ἕὲἰ

322 3620 335 3632 ·
598 3616 613 3641 2

288 3662 473 3761 'aulo-⁴3⁸3.
508 3712 707 3760 Turnus
727 3708 1015 3774 simpliciter
1034 3708 1096 3757 de
1118 3708 1229 3757 fatis
1250 3708 1304 3757 in
1328 3708 1417 3756 ΙΕ-

294 3790 405 3824 neae
424 3776 633 3839 gratiam
662 3790 693 3823 a
712 3783 869 3823 matre
904 3774 1099 3822 Venere
1128 3788 1417 3836 quocunque

296 3840 497 3889 tandem
530 3839 675 3888 modo
706 3836 941 3887 ordinatis
984 3837 1197 3901 cogitare
1241 3837 1415 3901 potuit.

294 3904 442 3959 Quod
484 3902 569 3951 illa
620 3904 651 3952 J
656 3918 797 3951 ovem
840 3901 1066 3966 precibus
1120 3910 1417 3961 exoraverat,

296 3967 586 4017 rescivimus
608 3984 711 4025 nos,
740 3983 769 4015 a
790 3976 934 4031 poeta
956 3966 1095 4015 nobis
1116 3965 1377 4031 proditum.

367 4034 475 4089 188,
503 4032 609 4080 139.
646 4032 763 4081 Non
784 4031 917 4080 solus
940 4030 1197 4079 Menelaus
1228 4039 1421 4095 raptum

298 4096 521 4159 conjugis
554 4096 765 4145 Helene
794 4094 1060 4143 ulciscitur.
1122 4094 1344 4158 Reliqua,

367 4162 637 4208 140—145.
687 4159 857 4208 Paullo
882 4159 1129 4222 argutiors
1158 4168 1209 4208 et
1236 4161 1419 4222 ῥητορι-

298 4226 485 4286 ιύηρα
507 4238 615 4273 esse
634 4224 891 4273 videntur:
939 4223 1041 4281 sed,
1070 4222 1203 4271 dicat
1230 4222 1420 4285 aliquis,

296 4288 417 4337 satis
439 4298 515 4337 est
535 4288 773 4352 Trojanos
794 4288 945 4337 semel
970 4286 1193 4336 ultimam
1222 4286 1419 4335 calami-

298 4349 1325 4481 ssssmsffiamxzwxffiffs.
1350 4350 1422 4463 ’ἐξ

1480 3004 1678 3054 Italiam
1695 3003 2001 3062 adduxerint,
2025 3018 2156 3053 nunc
2175 3004 2238 3054 iis
2253 3004 2458 3056 exitium
2475 3008 2597 3059 affu-

1480 3077 1645 3118 turum
1671 3084 1793 3119 esse.
1853 3070 1931 3118 lta
1952 3084 2070 3117 vero
2097 3068 2216 3119 satis
2246 3070 2393 3119 etiam
2421 3074 2602 3123 habere

1477 3133 1735 3191 debebant,
1749 3134 1902 3182 semel
1914 3133 2133 3198 rapuisse
2147 3133 2399 3192 feminam3
2421 3138 2604 3215 qnippe

1480 3197 1565 3259 qui
1581 3212 1646 3246 ex
1659 3206 1804 3261 raptu
1821 3198 2030 3247 Helene
2047 3214 2104 3247 ea
2123 3198 2252 3247 mala
2273 3210 2462 3265 experti
2485 3212 2602 3261 sint,

1480 3270 1538 3309 ut
1553 3264 1680 3309 modo
1707 3278 1796 3309 non
1817 3278 1941 3310 omne
1963 3263 2011 3309 h.
2037 3278 2078 3310 e.
2103 3272 2260 3311 totum
2281 3280 2436 3327 genus
2459 3266 2602 3314 femi·

1482 3340 1630 3373 neum
1652 3324 1814 3388 perosi
1835 3340 1942 3374 esse
1963 3325 2202 3382 debeant3
2238 3336 2426 3376 tantum
2449 3331 2602 3389 abest,

1480 3396 1540 3437 ut
1574 3404 1752 3437 novum
1786 3404 1840 3437 ra
1876 3399 1994 3447 tum,
2027 3390 2259 3449 Laviniae,
2291 3392 2600 3441 meditentur.

1488 3455 1664 3505 auibus
1678 3456 1786 3501 haec.
1835 3406 1916 3501 Ex
1929 3453 2006 3501 ira
2024 3453 2180 3501 oratio
2199 3454 2379 3503 durior.
2422 3457 2524 3504 Dat
2541 3456 2606 3505 iis

1444 3568 1451 3577 ,
1480 3517 1574 3565 hoc
1596 3516 1791 3574 vallum,
1813 3518 1917 3565 haec
1947 3515 2089 3574 fossa,
2122 3517 2374 3566 fiduciam:
2411 3534 2474 3567 an
2505 3536 2604 3569 non

1482 3580 1638 3629 multo
1659 3580 1923 3628 munitiora
1941 3581 2102 3642 Trojae
2131 3580 2312 3629 moenia
2341 3597 2510 3631 eversa
2531 3584 2604 3633 vi-

1483 3644 1700 3692 derunt?
1736 3644 1980 3707 Arg-utum
2011 3656 2061 3691 et
2090 3644 2272 3693 bellum
2304 3644 2452 3695 etiam
2483 3647 2605 3696 illud

1490 3710 1596 3768 143,
1621 3710 1760 3756 Lethz‘
1781 3711 2049 3756 discrimina
2077 3725 2224 3769 parva
2241 3729 2257 3757 .·
2323 3711 2418 3758 uod
2436 3712 2498 3760 de
2515 3727 2604 3761 na·

1480 3772 1760 3836 vigentibus
1773 3772 2042 3837 simplicius
2057 3772 2260 3822 Homer.
2281 3774 2304 3823 1
2327 3774 2418 3823 iad.
2436 3795 2476 3835 o,
2493 3776 2606 3835 628,

1481 3840 1658 3887 τυτθὸν
1675 3836 1770 3899 ’γὰρ
1793 3837 1868 3885 ὑπ’
1893 3838 1948 3886 ἐκ
1968 3835 2186 3885 θανάτοιο
2207 3838 2443 3901 φέρόνται.

1555 3902 1660 3961 146,
1685 3902 1791 3953 147.
1827 3901 2112 3950 Animosius
2133 3918 2278 3965 quam
2311 3903 2608 3953 Homericus

1488 3967 1691 4024 Hector,
1715 3966 1855 4016 Iliad.
1879 3984 1929 4026 μ,
1950 3968 2059 4014 440.

1556 4031 1661 4078 148.
1699 4030 1922 4095 Respicit
1948 4030 2144 4079 Turnus
2174 4046 2308 4079 arma
2337 4047 2367 4080 a
2399 4032 2608 4082 Thetide

1487 4094 1667 4143 Achilli
1691 4104 1960 4159 apportata,
1986 4103 2037 4142 et
2060 4094 2262 4143 classem
2296 4096 2606 4147 Achivorum.

1556 4161 1662 4207 150.
1686 4158 1900 4207 Insidias
1919 4173 2010 4222 per
2021 4170 2213 4207 noctem
2228 4174 2327 4208 non
2339 4170 2605 4212 struemus:

1486 4231 1544 4271 ut
1550 4222 1736 4285 fier-tum
1759 4222 1918 4270 toties.

1556 4288 1662 4335 151.
1699 4286 1884 4335 Versus
1914 4294 2046 4335 totus
2071 4297 2343 4337 remoratur
2371 4289 2608 4355 impetum

1486 4349 1730 4413 loquentis
1741 4349 1914 4407 Turni,
1929 4349 1998 4399 ita
2011 4360 2068 4401 ut
2079 4352 2346 4403 orationem
2357 4353 2610 4405 liberatam

1488 4432 1548 4463 eo
1569 4430 1677 4464 esse
1699 4414 1949 4479 pervelim.
