3050 4934
455 194 578 272 140.

1267 184 1942 254 GEORGICON

621 342 878 409 Interea
905 343 1066 428 pubi
1094 341 1424 405 indomitae
1453 361 1585 403 non
1612 339 1903 423 gramina
1928 345 2202 412 tantum,

454 445 577 510 175
619 445 768 510 Nec
799 465 1022 508 vescas
1051 441 1318 506 salicum
1345 440 1639 517 frondes,
1670 439 2011 522 ulvamque
2042 434 2423 521 palustrem,

621 546 756 611 Sed
787 544 1110 609 frumenta
1137 565 1330 608 manu
1359 563 1592 626 carpes
1624 551 1787 604 sata.
1862 538 2015 602 Nec
2042 537 2161 602 tibi
2189 535 2391 610 foetae,

623 645 818 710 More
849 657 1131 730 patrum,
1161 645 1350 708 nivea
1377 642 1741 726 implebunt
1766 639 2139 705 mulctraria
2168 657 2405 711 vaccae,

622 747 757 811 Sed
791 756 930 810 tota
957 746 1024 808 in
1053 744 1278 808 dulces
1307 754 1689 808 consument
1716 743 1923 806 ubera
1952 750 2162 804 natos.

707 847 825 911 Sin
854 847 940 910 ad
967 844 1141 910 bella
1168 846 1372 928 magis
1403 845 1693 908 studium
1720 853 2096 925 turmasque
2126 838 2403 912 feroces,

460 949 583 1013 180
627 947 770 1012 Aut
797 946 1060 1031 Alphea
1088 946 1250 1009 rotis
1279 944 1553 1028 praelabi
1580 943 1845 1007 flumina
1876 940 2072 1018 Pisae,

623 1049 718 1113 Et
747 1048 792 1112 J
795 1049 930 1111 ovis
961 1048 1028 1110 in
1056 1046 1206 1110 luco
1235 1067 1466 1110 currus
1498 1046 1747 1129 agitare
1776 1042 2105 1118 volantes3

626 1149 882 1214 Primus
913 1148 1064 1231 equi
1090 1146 1276 1211 labor
1303 1156 1428 1222 est,
1459 1147 1705 1210 animos
1736 1154 1933 1227 atque
1964 1163 2143 1205 arma
2169 1139 2391 1204 videre

623 1249 1016 1325 Bellantum,
1044 1246 1369 1330 lituosque
1401 1247 1575 1329 pati3
1622 1255 1965 1328 tractuque
1993 1251 2359 1327 gementem

621 1351 824 1416 Ferre
855 1359 1086 1424 rotam,
1116 1357 1184 1412 et
1213 1344 1469 1410 stabulo
1498 1344 1717 1409 frenos
1749 1345 1975 1408 audire
2008 1351 2351 1417 sonantes;

459 1453 582 1517 185
625 1451 802 1516 Tum
825 1451 1030 1532 magis
1061 1459 1258 1532 atque
1287 1447 1492 1530 magis
1520 1445 1779 1509 blandis
1809 1444 2099 1528 gaudere
2127 1442 2419 1525 magistri

629 1551 996 1627 Laudibus,
1023 1559 1092 1613 et
1119 1547 1369 1633 plausae
1399 1547 1682 1610 sonitum
1710 1545 1977 1610 cervicis
2008 1564 2247 1608 amare.

624 1650 851 1736 Atque
879 1651 1022 1715 haec
1043 1649 1182 1735 jam
1209 1648 1420 1733 primo
1449 1645 1767 1731 depulsus
1795 1647 1883 1710 ab
1910 1646 2115 1710 ubere
2143 1643 2369 1708 matris

624 1750 917 1830 Audeat,
947 1751 1144 1835 inque
1173 1751 1378 1814 vicem
1407 1750 1524 1813 det
1552 1747 1853 1813 mollibus
1884 1769 2000 1810 ora
2030 1745 2329 1830 capistris

627 1852 983 1930 Invalidus,
1014 1853 1338 1934 etiamque
1369 1861 1677 1925 tremene,
1708 1848 1903 1912 etiam
1930 1848 2173 1912 inscius
2204 1841 2345 1910 aevi.

461 1955 586 2020 190
627 1953 724 2018 At
753 1954 964 2018 tribus
995 1951 1242 2016 exactis
1270 1951 1384 2014 ubi
1415 1959 1650 2034 quarta
1676 1948 2027 2013 accesserit
2054 1958 2273 2020 aestaS,

627 2055 918 2138 Carpere
949 2075 1101 2116 mox
1129 2073 1361 2136 gyrum
1389 2051 1677 2134 incipiat,
1707 2049 2154 2134 gradibusque
2188 2069 2421 2112 sonare

625 2153 1044 2238 Compositis,
1075 2154 1418 2236 sinuetque
1448 2150 1699 2216 alterna
1727 2149 2051 2215 volumina
2080 2171 2381 2227 crurum3

451 2317 612 2359 erem,
635 2313 746 2356 aeoe,
781 2312 910 2346 nunc
943 2296 1086 2354 ferro,
1115 2296 1349 2344 firmatus.
1416 2297 1579 2344 lancti

451 2368 595 2422 orbes,
609 2373 743 2420 rone,
761 2362 810 2409 h.
825 2376 1011 2418 currus,
1029 2359 1109 2408 cui
1127 2368 1260 2408 temo
1268 2363 1470 2422 junctus
1485 2369 1573 2408 est.

521 2425 790 2480 1⁷4—176.
823 2426 948 2474 Pau
979 2427 1226 2482 indomita,
1251 2423 1418 2472 vitulis
1449 2437 1573 2470 non-

453 2493 572 2542 dum
612 2489 822 2546 domitis,
865 2488 1020 2536 donec
1058 2487 1329 2536 domentur.
1413 2489 1579 2535 Vaccae

451 2553 858 2615 salicumsrcndes,
879 2551 1046 2610 exiles,
1067 2561 1253 2609 tenues,
1272 2567 1446 2615 parum
1463 2567 1574 2599 suc-

451 2635 617 2668 cosas:
651 2633 827 2666 vescum
839 2632 1045 2677 papaver
1061 2616 1183 2664 Geo.
1208 2615 1272 2662 iv.
1298 2617 1404 2672 131,
1427 2630 1581 2677 parva

449 2697 604 2746 grana
645 2681 842 2729 habens.
933 2681 1066 2736 Ulca,
1109 2679 1274 2726 herbae
1309 2694 1366 2726 ac
1403 2678 1577 2726 calami

489 2743 684 2795 alustris
715 2757 885 2805 genus,
910 2743 1080 2790 eadem
1102 2757 1214 2790 cum
1247 2745 1390 2804 typho
1411 2752 1579 2790 nostra

449 2763 669 2858 Κώεω.
737 2808 829 2854 Sed
861 2805 1008 2854 etiam
1027 2804 1270 2867 frumenta
1303 2814 1422 2864 sata,
1458 2807 1571 2854 her-

449 2875 539 2922 bas
560 2870 766 2920 novelle
903 2869 980 2917 tis.

519 2933 789 2985 176—178.
961 2941 1128 2996 eptum
1151 2947 1182 2980 a
1205 2931 1372 2980 multis
1394 2932 1573 2980 veteri-

449 3001 542 3049 bus
571 3008 622 3046 et
640 2996 1008 3054 recentioribus,
1032 3011 1146 3044 cum
1171 2995 1234 3044 de
1253 2995 1448 3052 bovillo,
1471 3005 1579 3044 tum

451 3063 514 3111 de
541 3062 690 3110 ovillo
709 3075 890 3124 genere
919 3059 1210 3125 repetitum:
1246 3059 1305 3108 cf.
1331 3060 1490 3108 Varro
1513 3059 1575 3107 R..

451 3127 514 3174 R.
547 3125 600 3183 ii,
626 3127 670 3182 2,
696 3125 754 3179 73
790 3123 980 3172 Colum.
1014 3123 1096 3182 vii,
1128 3126 1174 3180 4,
1203 3125 1260 3178 33
1299 3132 1351 3171 et
1385 3123 1579 3187 pulchri

449 3203 620 3238 versus
649 3187 908 3252 Calpurnii
939 3187 1044 3235 Ecl.
1067 3203 1114 3246 v,
1143 3187 1222 3244 86,
1243 3189 1346 3248 jam
1377 3188 1438 3235 ab
1467 3186 1579 3236 aliis

449 3251 660 3300 laudati:
695 3253 846 3300 Parce
868 3259 1019 3298 tamen
1032 3249 1196 3313 soeeise
1229 3267 1312 3298 nec
1340 3255 1436 3298 εἰπε
1457 3268 1574 3299 com-

443 3319 618 3378 pendia
641 3319 777 3372 tanti,
799 3317 1026 3362 Destruet
1049 3322 1102 3362 ut
1121 3317 1273 3362 niveos
1302 3317 1474 3362 venalis
1493 3331 1573 3362 ca-

449 3396 741 3492 mx
765 3375 1431 3504 {ammas
1445 3380 1573 3488 :3ss

449 3509 570 3556 bant
590 3508 797 3568 maiores
825 3506 1000 3564 facere,
1023 3505 1170 3571 prisci
1268 3503 1577 3554 tresfamilias

452 3582 504 3620 et
517 3570 755 3635 agricole.
790 3571 1090 3634 Ambiguum
1109 3569 1192 3634 qui
1227 3585 1306 3618 em
1323 3583 1412 3632 per
1430 3570 1577 3618 verba

453 3645 542 3692 est,
575 3644 741 3684 utrum
777 3633 1010 3690 fecerint3
1053 3649 1118 3682 ex
1155 3635 1376 3682 Varrone
1413 3643 1577 3681 tamen

449 3699 644 3746 videtur
693 3697 956 3746 robabilius
973 3713 1080 3746 esse
1097 3698 1320 3754 alterum,
1339 3697 1578 3745 manibus

451 3763 568 3811 olim
589 3777 676 3810 mu
753 3761 852 3808 ndo
871 3761 1022 3809 fuisse
1044 3761 1119 3808 lac
1141 3761 1447 3809 subductum.

517 3824 788 3877 179-181,
815 3823 1016 3872 Transit
1036 3839 1166 3872 nunc
1189 3824 1253 3872 ad
1273 3839 1440 3872 curam
1461 3824 1573 3887 pul-

449 3888 634 3936 lorum:
660 3887 808 3936 etiam
822 3888 997 3936 horum
1013 3887 1245 3936 dilectum
1261 3898 1450 3936 mature
1465 3903 1575 3936 mse

449 3951 726 4000 faciendum
781 3951 908 4000 rimo
935 3949 1042 4000 loco
1063 3951 1299 4016 precipit.
1357 3951 1446 3999 Sin
1469 3967 1571 4000 ma-

449 4014 528 4126 s
543 3967 1126 4142 affism
1051 4015 1577 4138 „susim

943 4115 957 4138 ,
1015 4115 1028 4128 .

443 4144 660 4205 praelabi,
679 4157 717 4190 s.
741 4143 1030 4205 prestet-labi,
1051 4159 1155 4209 pro,
1174 4152 1258 4192 aut
1279 4153 1336 4192 ut
1353 4143 1426 4193 illi
1444 4159 1571 4207 prae·

451 4205 689 4261 labantur,
717 4217 928 4266 currant,
955 4223 1102 4256 cursu
1129 4217 1319 4257 certent
1348 4208 1411 4256 ad
1439 4208 1575 4272 ripas

450 4267 634 4332 Alphei
667 4272 795 4327 rotie,
812 4271 1169 4342 ,quadrigarum
1203 4271 1484 4329 certamine,
1521 4287 1575 4322 et

449 4335 646 4396 agitare,
671 4340 729 4382 ut
746 4341 946 4394 agitent,
967 4351 1142 4384 carrae.
1199 4337 1278 4384 De
1306 4336 1573 4388 certamine

1642 2293 1901 2358 Olympico
1924 2309 2036 2342 eum
2052 2293 2201 2356 loqui,
2220 2291 2339 2342 satis
2362 2301 2513 2356 patet,
2531 2293 2660 2355 quod
2682 2294 2775 2342 ha-

1641 2360 1845 2408 bebatur
1876 2361 2021 2421 Juxta
2050 2357 2325 2420 Alpheum:
2363 2355 2459 2404 vid.
2489 2373 2534 2404 v.
2571 2358 2643 2404 19.
2712 2361 2777 2406 In

1642 2425 1741 2471 luco
1762 2424 1890 2470 Iovis
1913 2429 2018 2470 erat
2040 2419 2269 2479 stadium,
2294 2429 2352 2468 ut
2370 2435 2435 2468 ex
2456 2421 2695 2470 Strabone
2721 2431 2779 2470 et

1644 2485 1885 2534 Pausania
1908 2494 2124 2550 apparet.
2158 2533 2170 2544 ,

1712 2551 1979 2597 182—184.
2016 2551 2150 2598 Ante
2176 2549 2339 2598 omnia
2366 2563 2521 2612 equus
2552 2549 2771 2598 assuefa-

1641 2613 1843 2662 ciendus
1866 2623 1942 2662 est
1958 2613 2075 2676 (hoc
2098 2621 2186 2670 eet,
2202 2617 2380 2674 prims
2402 2617 2506 2676 equi
2528 2617 2657 2662 labor
2672 2614 2773 2676 est)

1641 2681 1809 2736 videre,
1832 2687 1889 2725 ut
1910 2677 2087 2734 videat,
2111 2676 2279 2726 videre
2301 2678 2490 2734 toleret,
2514 2677 2773 2736 bellantes,

1642 2757 1729 2790 seu
1750 2756 1957 2806 pugnas,
1978 2751 2031 2790 et
2048 2741 2197 2790 lituos
2220 2743 2455 2804 tubasque
2476 2741 2659 2800 audire,
2682 2753 2777 2791 aut

1639 2805 1898 2916 “uffimm
1952 2821 2183 2879 curruum
2236 2805 2581 2867 stenes-umque
2616 2803 2773 2866 sem,

1640 2871 2775 2990 zwitffilffifflzffffimffl

1641 3000 1821 3046 stabulo
1828 2997 1993 3059 srenoe
2012 3001 2176 3046 audire
2196 3005 2420 3045 mantes.

1712 3061 1817 3108 186.
1862 3060 2123 3125 Expressit
2156 3062 2306 3110 verba
2345 3062 2543 3109 Nemes.
2582 3061 2777 3126 Cyneg-

1644 3125 1753 3182 295,
1774 3125 1883 3182 296,
1906 3129 2031 3173 Gara
2046 3129 2125 3182 sit,
2144 3134 2281 3186 atque
2299 3133 2417 3173 toros
2436 3128 2644 3173 mnibus
2654 3143 2774 3187 per-

1641 3205 2077 3302 mmuffss-‘L'ZZ'Z
2094 3191 2307 3314 ‘0³3⁰‘
2324 3192 2778 3315 ’ἱξέἷῗὲμμἫΜ

2272 3287 2285 3299 ·
2758 3289 2777 3313 s

1638 3333 1679 3362 π
1833 3334 1914 3363 Gly-

1708 3379 1816 3437 187,
1847 3381 1951 3426 188.
1986 3382 2095 3428 Iam
2110 3383 2259 3440 primo
2290 3383 2505 3441 depulsus
2534 3384 2595 3428 ab
2618 3385 2775 3440 ubere,

1640 3457 1743 3505 pro,
1780 3454 1925 3504 quam
1963 3443 2190 3506 primum,
2228 3443 2395 3492 statim
2431 3459 2500 3492 ac.
2564 3448 2773 3504 Audeat,

1640 3521 1730 3569 pro
1750 3505 1908 3564 faciat,
1928 3507 2187 3569 praeclare;
2224 3517 2463 3570 quatenus
2480 3507 2647 3571 pullus
2668 3524 2775 3559 non

1640 3571 1920 3634 expavescit
1936 3569 1999 3618 ad
2018 3571 2232 3634 plausus.
2298 3574 2511 3630 Invicem,
2534 3572 2773 3634 vicissim,

1640 3634 1769 3696 quod
1788 3635 1867 3682 his
1888 3635 2124 3683 assuescit
2144 3651 2295 3699 opera
2316 3644 2414 3684 tua.

1674 3761 1685 3772 ·
1710 3700 1816 3747 189.
1871 3697 2044 3761 Equus
2085 3699 2239 3758 ferox,
2284 3700 2563 3758 indomitus,
2605 3711 2780 3765 potest

1639 3762 1805 3836 videri.
1826 3768 2028 3812 conscias
2050 3779 2156 3812 esse
2186 3768 2355 3822 aeeatk,
2373 3767 2603 3825 juvente,
2628 3765 2773 3829 vigo-

1638 3841 1722 3884 ns,
1760 3826 1965 3882 viriumz
2010 3827 2173 3891 itaque
2218 3832 2390 3877 inscius
2432 3832 2533 3885 συὶ,
2571 3829 2773 3889 virium,

1638 3905 1758 3951 quas
1780 3891 1998 3940 nondum
2024 3907 2116 3940 nec
2138 3893 2287 3941 habet
2306 3906 2399 3940 nec
2422 3901 2655 3956 expertus
2676 3903 2773 3943 est.

1640 3952 1803 4002 Valer.
1838 3955 1912 4003 1³1.
1946 3955 1979 4012 i,
2010 3955 2119 4013 771,
2146 3959 2233 4004 συὶ
2262 3957 2394 4004 rufis
2422 3959 2573 4004 altera
2596 3961 2773 4018 proles,

1637 4018 1685 4065 b.
1710 4033 1829 4076 aevo,
1852 4027 1995 4068 aetate
2016 4019 2142 4068 rudi.
2196 4019 2352 4068 Recte
2376 4018 2601 4068 Servius:
2638 4036 2772 4070 non-

1638 4080 1757 4129 dum
1777 4083 1963 4132 babens
1983 4084 2047 4131 ab
2068 4083 2211 4132 antiis
2232 4083 2473 4131 fiduciam.

1709 4147 1815 4204 191,
1840 4149 1945 4196 192.
1974 4151 2175 4209 Carpere
2188 4164 2371 4222 gyrum,
2392 4156 2449 4195 ut
2468 4146 2611 4204 viam,
2632 4165 2772 4198 cam-

1637 4225 1771 4322 K-‘Zm’
1786 4227 1955 4323 amm*
1950 4212 2775 4324 uwmmffmoeffim

1636 4337 1819 4400 ungula
1839 4291 2059 4396 ³0an,
2076 4291 2635 4402 gressibusffime’rosin.
2684 4293 2775 4392 (gg
