3050 4934
1113 271 1455 336 LIBER
1508 269 1716 357 ΧΗ,

2443 269 2572 331 629

423 418 539 485 Ille
571 430 785 483 tamen
812 418 1023 503 clipeo
1052 420 1313 503 objecto
1340 440 1692 483 conversus
1723 418 1790 481 in
1818 417 2074 481 hostem

422 520 593 596 Ibat,
623 530 693 584 et
720 519 1031 584 auxilium
1060 520 1258 584 ducto
1286 541 1594 584 mucrone
1621 518 1935 602 petebat:

422 619 589 683 Cum
618 630 762 685 rota
785 622 1186 705 praecipitem
1211 632 1279 685 et
1308 641 1630 704 procursu
1659 617 1952 682 concitus
1983 618 2124 681 axis

249 718 381 781 380
423 717 708 803 Impulit,
738 718 1145 803 effunditque
1174 719 1351 797 solo;
1399 719 1802 801 Turnusque
1833 728 2121 793 secutuS,

424 818 625 883 Imam
652 820 825 883 inter
848 818 1121 903 ςειίοιιπι,
1152 819 1383 883 summi
1406 817 1696 883 ‚thoracis
1727 827 1795 881 et
1825 839 1995 893 orae,

422 918 717 983 Abstulit
745 941 901 983 ense
930 928 1155 1003 caput,
1186 929 1617 1001 truncumque
1648 916 1907 1000 reliquit
1935 938 2171 981 arenae.

509 1017 733 1103 Atque
764 1042 843 1083 ea
872 1020 1027 1083 dum
1056 1017 1301 1102 campis
1332 1017 1538 1082 victor
1565 1018 1683 1081 dat
1709 1016 1940 1082 funera
1968 1017 2277 1095 Turnus;

422 1118 684 1184 Interea
712 1119 977 1185 AEnean
1009 1118 1400 1183 Mnestheus
1432 1128 1499 1181 et
1528 1117 1704 1182 fidus
1733 1116 2028 1183 Achates

248 1218 378 1282 385
422 1218 873 1304 Ascaniusque
904 1242 1121 1285 comes
1150 1220 1383 1283 castris
1416 1230 1706 1283 statuere
1729 1229 2096 1295 cruentum,

423 1319 735 1385 Alternos
766 1320 959 1403 longa
988 1322 1299 1384 nitentem
1328 1320 1602 1402 cuspide
1631 1340 1919 1402 gressus,

427 1421 647 1496 Saevit,
678 1432 749 1483 et
774 1419 1049 1483 infracta
1075 1419 1361 1483 luctatur
1390 1419 1707 1482 arundine
1739 1418 1940 1482 telum

428 1520 731 1605 Eripere,
760 1519 1131 1603 auxilioque
1162 1520 1351 1596 viam,
1380 1541 1532 1602 quae
1559 1520 1875 1602 proxima,
1907 1519 2122 1609 noscit
2138 1544 2158 1581 z

428 1621 611 1685 Ense
640 1632 863 1685 secent
892 1620 1023 1683 lato
1054 1620 1309 1696 vulnus,
1342 1619 1584 1704 telique
1617 1619 1930 1683 latebram

252 1722 382 1785 390
426 1720 834 1785 Rescindant
860 1721 1143 1804 penitus,
1176 1742 1451 1804 seseque
1478 1722 1549 1781 in
1576 1718 1749 1782 bella
1778 1720 2130 1783 remittant.

426 1822 705 1906 Jamque
732 1821 963 1885 aderat
991 1821 1249 1885 Phoebo
1276 1832 1429 1884 ante
1455 1820 1616 1883 alios
1647 1819 1922 1884 dilectus
1954 1819 2132 1903 Iapis

424 1922 711 1999 Iasides;
756 1923 890 1985 acri
918 1922 1247 2005 quondam
1276 1922 1381 1986 cui
1409 1930 1645 2005 captus
1675 1942 1893 1984 amore

424 2021 578 2107 Ipse
610 2044 759 2086 suas
790 2032 987 2099 artes,
1020 2044 1139 2086 sua
1167 2044 1458 2098 munera,
1488 2022 1678 2086 laetus
1710 2019 1956 2105 Apollo

426 2121 795 2207 Augurium
826 2121 1269 2207 citharamque
1298 2123 1501 2187 dabat
1531 2122 1907 2205 celeresque
1941 2122 2235 2205 sagittas·

251 2224 383 2289 395
426 2222 568 2301 Ille,
601 2235 674 2288 ut
705 2223 987 2307 depositi
1017 2219 1345 2307 proferret
1370 2223 1505 2288 fata
1533 2224 1850 2308 parentis,

426 2325 607 2389 Scire
636 2333 999 2407 potestates
1029 2324 1379 2388 herbarum
1408 2345 1730 2408 usumque
1759 2324 2064 2387 medendi

427 2424 688 2501 Maluit,
720 2435 788 2489 et
814 2434 1027 2490 mutas
1056 2426 1303 2509 agitare
1334 2423 1648 2508 inglorius
1679 2434 1876 2488 artes.

252 2694 479 2750 luctam,
513 2693 631 2741 dum
662 2690 733 2740 illi
768 2692 1055 2741 obnituntur
1087 2701 1137 2740 et
1172 2707 1375 2758 procur-

254 2767 385 2806 runt.
455 2758 591 2805 Inter
614 2757 717 2805 haec
736 2759 893 2804 lancea
924 2759 1211 2817 consequitur
1230 2766 1375 2805 retec-

257 2829 367 2879 tum,
389 2821 438 2868 h.
461 2820 513 2868 in
534 2820 644 2868 loco
663 2820 881 2883 eorporis
898 2820 1085 2883 patenti
1106 2834 1197 2869 nee
1219 2821 1379 2884 clipeo

254 2948 424 2997 stricto
438 2948 601 3011 gladio
616 2948 667 2995 in
685 2950 853 2995 hostem
869 2946 985 3004 ibat,
1040 2946 1092 2995 ui
1114 2946 1237 2995 adeo
1252 2947 1376 2995 alius

253 3028 311 3061 ac
332 3012 553 3060 diver-sm
574 3013 637 3060 ab
662 3012 831 3059 Turno
866 3026 973 3059 esse
1042 3009 1189 3059 ebuit.
1247 3011 1377 3059 Tum

254 3075 393 3139 equis
416 3079 519 3137 eJus
550 3090 701 3123 manu
722 3074 935 3122 dimissis
958 3075 1155 3123 Turnus
1188 3075 1377 3149 invehit

252 3140 1377 3259 hmawsmbaem

254 3282 353 3316 tre
382 3264 677 3330 (bracteolis,
714 3264 971 3321 catenulis,
1007 3264 1245 3326 squamis)
1274 3266 1373 3312 fac-

254 3340 384 3387 tam3
430 3339 487 3379 ut
528 3332 725 3377 manem
765 3343 870 3391 sup.
918 3326 987 3384 iii,
1022 3328 1135 3385 467,
1171 3343 1215 3383 v,
1252 3329 1374 3383 2593

256 3394 339 3444 ubi
380 3402 479 3443 not.
542 3397 788 3457 Bag-astat,
844 3400 901 3439 ut
931 3392 1127 3439 bibere:
1166 3390 1237 3439 sic
1274 3393 1377 3453 jam

252 3458 479 3521 γεύεσθαι
532 3474 589 3507 ro
610 3456 849 3519 stringere
873 3455 1012 3504 Iliad.
1038 3474 1077 3513 ν,
1102 3457 1213 3504 258.

322 3523 383 3574 87
550 3524 595 3570 2.
630 3524 752 3570 Rota
768 3529 817 3569 et
844 3523 949 3569 aris
972 3536 1197 3581 procursu
1226 3522 1375 3567 conci-

258 3596 345 3644 m,
386 3586 545 3635 Turni
582 3594 714 3650 puta.
782 3586 859 3633 De
904 3583 1121 3633 vulneris
1160 3582 1278 3631 sede
1322 3598 1379 3631 ac

258 3650 400 3699 modo
428 3650 481 3698 in
512 3650 622 3715 ipsa
650 3648 859 3699 cervicis
888 3650 1112 3697 vertebra
1144 3647 1281 3705 illati,
1316 3647 1375 3695 cf.

258 3730 363 3779 sup.
386 3714 454 3772 xi,
476 3714 747 3762 691—693.

322 3779 418 3825 888
440 3794 542 3840 sqq.
578 3776 729 3825 Redit
748 3776 811 3824 ad
830 3776 1040 3825 AEneam
1056 3774 1378 3833 vulneratum,

258 3844 397 3905 eujus
410 3841 728 3897 cinationem,
746 3850 803 3889 ut
817 3840 1010 3904 epicum
1026 3848 1221 3904 poetam
1234 3840 1377 3888 dece-

260 3908 357 3963 bat,
380 3904 591 3953 mirabili
612 3904 757 3954 modo
778 3904 955 3954 factam
976 3904 1193 3968 exponit.

334 3970 633 4019 ase—³90.
680 3971 915 4017 Nitentem
949 3968 1155 4033 (quoad)
1193 3984 1380 4031 gressus

256 4037 457 4085 numos
488 4036 689 4095 cuspide,
726 4032 867 4094 ἔγχει
898 4032 1201 4094 ἐρειδόμενον,
1227 4032 1377 4081 alter-

260 4097 352 4155 nis,
372 4112 486 4147 cum
516 4097 669 4146 altero
692 4096 819 4161 pede
843 4096 1150 4155 claudicaret,
1178 4096 1381 4145 vulnere

258 4163 313 4211 in
334 4162 533 4219 femore,
554 4171 613 4210 ut
631 4159 881 4225 probabile
906 4160 975 4216 fit,
1000 4168 1213 4224 accepto.
1280 4164 1378 4209 Sae-

257 4230 340 4276 vit.
387 4226 538 4283 Bene,
570 4224 731 4287 inquit
756 4223 969 4279 Servius,
1000 4221 1107 4271 viro
1132 4223 1246 4271 sorti
1276 4240 1379 4272 ser-

262 4300 345 4339 vat
358 4290 675 4354 dignitatem:
700 4287 983 4351 indignatur
996 4286 1249 4335 bominum
1268 4302 1381 4351 per·

260 4354 391 4413 adia,
418 4352 705 4408 exardescit,
730 4351 861 4414 quod
892 4366 921 4398 a
950 4364 1115 4413 pugna
1143 4350 1379 4399 abstrahi-

262 4429 368 4467 tur:
406 4418 510 4483 ipse
533 4417 683 4465 telum
708 4422 894 4471 tractat,
916 4414 1196 4463 labefactat:
1232 4414 1385 4463 fracto

1439 2692 1576 2755 ligno
1596 2690 1766 2757 'poscit
1806 2698 1862 2737 ut
1900 2690 2102 2737 vulnere
2135 2689 2366 2754 ampliato
2413 2691 2563 2741 serra-

1442 2764 1663 2803 mentum
1683 2762 1951 2803 exsecetur.

1506 2820 1600 2867 391
1627 2834 1727 2881 sqq.
1767 2818 1916 2893 Iapis,
1941 2817 2040 2867 Iasi
2055 2817 2186 2866 filius
2209 2816 2457 2867 inducitur
2478 2836 2563 2868 ex-

437 2882 723 2948 percutitur.
812 2882 941 2931 Tum
994 2882 1077 2930 ille
1144 2901 1381 2932 conversus
1443 2897 1520 2930 em
1557 2882 1605 2929 lo
1629 2882 1916 2930 Machaerus
1939 2880 2115 2929 vulnus
2139 2882 2358 2930 Menelai
2388 2899 2563 2932 sanan-

1442 2946 1505 2995 tis
1555 2945 1668 2994 liad.
1689 2948 1730 3003 8,
1751 2947 1860 2993 213.
1903 2945 2174 2993 Antonium
2197 2946 2410 3005 Musam,
2428 2951 2566 3011 cujus

1439 3020 1596 3058 artem
1613 3011 1694 3057 Au
1761 3010 1826 3059 sti
1841 3010 2064 3059 valetudo
2079 3018 2332 3074 tantopere
2349 3012 2562 3063 celebra-

1440 3074 1525 3131 vit,
1551 3076 1642 3122 sub
1664 3091 1693 3122 a
1711 3074 1826 3122 iena
1843 3089 2052 3138 persona
2073 3082 2130 3122 ut
2150 3074 2374 3125 laudaret
2401 3076 2560 3125 consi-

1440 3137 1562 3186 lium
1575 3137 1726 3185 fuisse
1745 3138 1944 3186 Maroni
1960 3138 2194 3203 suspicati
2215 3149 2332 3188 sunt
2353 3140 2562 3188 nonnul-

1438 3200 1488 3275 lit
1538 3201 1620 3248 Pit
1643 3210 1804 3248 tamen
1826 3201 1919 3247 hoc
1939 3216 2113 3275 parum
2131 3202 2422 3259 verisimile;
2457 3220 2562 3252 om-

1438 3277 1653 3375 :122⁰ssssss
1659 3264 2254 3389 fflessdi’ffissoepffi
2255 3282 2564 3379 αἳρὲῗὲεὲἓ

1440 3390 1663 3438 homines
1707 3404 1798 3453 per
1840 3388 2120 3451 allegoriam
2166 3400 2216 3439 et
2261 3392 2562 3441 allusionem.

1444 3453 1636 3504 Sufficit
1663 3461 1859 3518 poetam
1885 3453 2108 3517 lapidem
2121 3468 2266 3502 suum
2287 3456 2350 3502 ad
2374 3456 2561 3504 Home-

1442 3517 1655 3566 ricorum
1677 3517 1976 3565 medicorum
1999 3517 2226 3582 exempla
2245 3517 2510 3568 induxisse.

1508 3581 1781 3632 394—397.
1827 3584 2003 3639 Dabat,
2035 3582 2154 3629 dare
2187 3582 2404 3631 volebam
2451 3598 2566 3633 nam

1446 3645 1594 3711 Iapis,
1616 3644 1813 3711 optione
1831 3645 1924 3694 sibi
1947 3660 1978 3693 a
1997 3645 2182 3694 Phoebo
2203 3646 2330 3703 data,
2352 3648 2568 3710 praetulit

1445 3718 1497 3759 et
1510 3712 1677 3758 maluit
1697 3708 1935 3758 medicam
1957 3716 2102 3757 artem
2126 3710 2309 3772 (quam,
2330 3719 2386 3758 ut
2405 3720 2565 3775 poeta,

1444 3791 1576 3823 mm
1603 3774 1752 3837 dixit)
1771 3772 2036 3821 addiscere.
2092 3776 2156 3821 Ut
2175 3776 2370 3835 depositi
2383 3774 2564 3837 μηρίον-

1444 3846 1517 3887 rst
1525 3838 1640 3901 fata
1655 3842 1878 3901 pereutit,
1901 3848 1958 3887 ut
1979 3835 2133 3901 patris
2153 3837 2228 3886 sui
2245 3840 2350 3899 jam
2372 3838 2564 3888 concla—

1444 3903 1564 3952 mati
1587 3912 1794 3951 mortem
1818 3901 2046 3950 differret.
2085 3900 2239 3959 Idem,
2258 3902 2346 3951 sed
2375 3902 2570 3953 diversa

1444 3968 1647 4025 ratione,
1680 3976 1757 4015 est
1777 3964 1986 4028 proferro
2013 3970 2168 4023 utam,
2201 3966 2248 4013 b.
2281 3966 2566 4029 producere.

1444 4031 1515 4079 Et
1536 4046 1680 4095 quam
1703 4039 1872 4079 ornate
1895 4040 1946 4079 et
1965 4030 2028 4078 ad
2052 4029 2286 4094 pietatem
2313 4030 2566 4079 declaran-

1444 4095 1558 4145 dam
1579 4104 1819 4160 potenter,
1843 4094 2016 4143 maluit
2033 4102 2186 4143 mutas
2208 4097 2390 4157 agitare
2419 4096 2566 4157 inglo-

1444 4163 1546 4209 rius
1577 4168 1716 4208 aries.
1783 4161 1931 4207 Mum
1962 4166 2102 4216 artes,
2135 4173 2236 4205 non
2281 4166 2397 4206 sunt
2437 4166 2570 4207 artes

1446 4240 1556 4286 quae
1585 4222 1745 4280 silent,
1771 4222 1860 4271 se‘d
1885 4236 1993 4284 quae
2021 4221 2254 4277 silenum
2289 4230 2340 4269 et
2367 4221 2568 4283 faciunt,

1446 4299 1503 4335 ut
1537 4286 1590 4345 ii,
1613 4287 1696 4349 qui
1731 4301 1814 4335 eas
1851 4294 2072 4343 tractant,
2097 4295 2147 4333 et
2180 4284 2276 4349 ipsi
2305 4285 2566 4343 sileantur;

1447 4350 1664 4413 adeoque
1697 4350 1938 4405 obscuram
1996 4348 2126 4397 unde
2171 4352 2406 4412 ingloriae.
2475 4352 2572 4399 Ars

1448 4414 1636 4463 medic·
1661 4414 1844 4462 nullam
1867 4414 2042 4463 famam
2065 4413 2224 4471 dabat,
2249 4413 2474 4478 inprimis
2509 4430 2570 4463 ex
