3050 4934
467 242 598 304 260
1353 236 1875 302 AENEIDOS

643 390 1054 466 Procumbit}
1100 388 1274 452 cadit
1303 398 1370 451 et
1401 388 1727 472 Rhipeus,
1750 388 2151 473 justissimus
2180 412 2349 454 unus

645 492 780 563 Qui
810 489 932 555 fuit
962 492 1026 553 in
1056 489 1360 566 TeucriS,
1389 499 1459 553 et
1489 490 2009 554 servantissimus
2039 492 2247 575 aequit

643 592 769 653 Dis
801 590 988 655 aliter
1015 592 1255 654 visum:
1302 602 1583 674 pereunt
1610 590 2043 675 Hypanisque
2076 591 2457 675 Dymasque

643 692 903 757 Confixi
933 716 972 756 a
1003 694 1230 769 sociis3
1275 714 1396 756 nec
1425 704 1492 755 te
1523 702 1639 755 tua
1667 691 1965 775 plurima,
1998 692 2285 768 Panthu,

468 794 600 857 430
645 793 1008 858 Labentem
1038 796 1248 877 pietas
1279 815 1400 857 nec
1431 792 1756 877 Apollinis
1786 793 1987 857 infula
2018 795 2203 858 texit.

643 893 819 959 Iliaci
848 897 1120 971 cinereS,
1152 905 1220 958 et
1247 894 1506 959 flamma
1534 906 1829 958 extrema
1858 917 2171 971 meorum,

639 995 906 1074 Testor,
940 998 1004 1059 in
1035 1018 1270 1060 occasu
1301 1006 1519 1060 vestro
1550 1016 1671 1059 nec
1700 994 1831 1058 tela
1860 1017 1981 1060 nec
2010 994 2174 1059 ullas

641 1096 968 1161 Vitavisse
999 1098 1169 1160 vices
1204 1094 1544 1171 Danai‘im3
1590 1105 1681 1171 et,
1714 1096 1769 1157 si
1798 1095 1933 1159 fata
1960 1095 2239 1160 fuissent

641 1198 737 1261 Ut
765 1194 1086 1276 caderem,
1117 1197 1432 1260 meruisse
1459 1216 1675 1259 manu.
1748 1195 2131 1260 Divellimur
2158 1196 2333 1270 inde,

467 1300 595 1361 435
641 1298 897 1383 Iphitus
928 1310 996 1362 et
1028 1296 1244 1361 Pelias
1273 1318 1562 1373 mecum3
1608 1316 1884 1379 quorum
1916 1296 2172 1381 Iphitus
2204 1318 2345 1359 aevo

639 1398 788 1462 Jam
816 1400 1095 1482 gravior,
1129 1397 1344 1461 Pelias
1375 1408 1443 1461 et
1473 1396 1739 1461 vulnere
1768 1398 1997 1461 tardus
2030 1396 2247 1461 Ulixi:

642 1498 949 1562 Protinus
981 1499 1066 1563 ad
1097 1499 1289 1562 sedes
1323 1498 1565 1561 Priami
1594 1496 1871 1563 clamore
1902 1499 2133 1561 vocati.

724 1599 854 1663 Hic
887 1620 1040 1663 vero
1069 1600 1396 1683 ingentem
1427 1620 1735 1683 pugnam,
1768 1620 1889 1663 ceu
1919 1610 2158 1663 caetera
2186 1618 2505 1683 nusquam

641 1698 826 1763 Bella
855 1699 1091 1777 forent,
1123 1698 1280 1764 nulli
1311 1709 1450 1763 tota
1479 1710 1887 1764 morerentur
1913 1698 1979 1764 in
2010 1702 2214 1778 urbe3

469 1801 598 1864 440
643 1801 752 1864 Sic
785 1802 1068 1866 Martem
1098 1803 1501 1878 indomitum,
1538 1800 1938 1885 Danaosque
1968 1802 2055 1865 ad
2084 1812 2259 1865 tecta
2288 1810 2553 1865 ruentes

640 1901 1004 1979 Cernimus,
1038 1904 1508 1985 obsessumque
1538 1911 1685 1966 acta
1716 1902 2043 1966 testudine
2071 1901 2290 1966 limen.

641 2002 918 2066 Haerent
943 2004 1302 2087 parietibus
1337 2001 1551 2080 scalae,
1582 2013 1939 2086 postesque
1973 2003 2097 2067 sub
2126 2003 2307 2086 ipsos

645 2102 966 2166 Nituntur
993 2103 1341 2186 gradibus;
1389 2102 1767 2187 clipeosque
1796 2104 1881 2167 ad
1914 2102 2045 2167 tela
2075 2102 2351 2166 sinistris

639 2202 931 2266 Protecti
960 2204 1296 2287 objiciunt,
1327 2214 1644 2288 prensant
1670 2204 1930 2287 fastigia
1958 2204 2234 2267 dextris.

466 2302 594 2365 445
640 2302 1042 2369 Dardanidae
1072 2316 1299 2368 contra
1327 2315 1541 2369 turres
1572 2327 1650 2369 ac
1680 2315 1853 2369 tecta
1882 2304 2220 2367 domorum

463 2480 666 2525 tissimus
692 2481 826 2539 equi,
851 2477 934 2540 qui
965 2478 1086 2527 adeo
1114 2478 1290 2526 cadere
1309 2492 1408 2531 non
1431 2476 1584 2526 debu-

462 2540 594 2597 isset,
618 2542 866 2589 communi
887 2543 1140 2592 hominum
1160 2542 1371 2605 judici03
1407 2542 1492 2589 sed
1513 2542 1592 2588 ὀίε

463 2608 603 2652 aliter
635 2609 793 2663 visum,
817 2606 878 2652 de
908 2607 1066 2655 causis
1099 2617 1149 2654 et
1183 2606 1450 2655 rationibus
1483 2620 1591 2667 quoe

469 2684 558 2717 nos
580 2668 804 2716 homines
824 2668 989 2717 latent.

531 2734 642 2789 431,
664 2734 774 2779 432.
810 2734 1006 2786 Quanto
1034 2750 1146 2782 cum
1175 2733 1366 2791 affectu,
1395 2732 1593 2795 egregia

465 2794 699 2842 orationis
721 2795 998 2853 inflexione,
1022 2812 1076 2844 se
1101 2798 1392 2845 incolumem
1411 2797 1590 2845 abiisse

467 2862 660 2907 narrat!
708 2859 878 2907 Potest
909 2859 1134 2918 dubitari,
1167 2864 1306 2909 Iliaci
1337 2864 1510 2910 cineres
1542 2872 1593 2909 et

458 2924 646 2983 flamma
669 2931 870 2971 extrema
891 2940 1084 2970 meorum
1106 2924 1266 2971 sintne
1288 2926 1349 2972 de
1371 2941 1503 2987 rogo,
1527 2940 1591 2972 an

467 2986 529 3034 de
563 2986 790 3034 incendio
825 2986 958 3035 urbis
991 2986 1283 3049 accipienda.
1348 2992 1487 3037 Iliaci
1519 2994 1587 3037 ci-

467 3066 598 3097 neres
620 3064 683 3097 ex
707 3050 936 3111 loquendi
959 3064 1050 3097 usu
1072 3050 1132 3096 ad
1161 3050 1306 3097 nium
1327 3051 1378 3098 in
1401 3054 1593 3101 cineres

468 3128 662 3161 versum
698 3113 909 3161 ducunt:
947 3123 1065 3169 tum,
1099 3122 1150 3160 et
1183 3128 1280 3168 vos,
1311 3131 1336 3159 ο
1358 3120 1457 3171 mei,
1482 3116 1591 3179 qui·

468 3176 561 3223 bus
595 3176 874 3224 incendium
898 3177 1032 3224 urbis
1065 3191 1155 3239 pro
1185 3172 1304 3237 'rog-o
1335 3176 1440 3225 fuit.
1501 3180 1595 3227 Est

470 3248 634 3287 tamen
653 3240 764 3287 usui
785 3240 941 3303 mag-is
956 3250 1349 3297 consentaneum,
1364 3244 1595 3301 flammam

469 3311 714 3351 extremam
754 3320 948 3351 meorum
983 3304 1044 3351 de
1075 3319 1196 3367 rog-o
1225 3312 1276 3351 et
1307 3305 1477 3352 fimere
1508 3320 1595 3353 seu

470 3376 627 3414 morte
649 3366 897 3431 acciperes
935 3376 1010 3416 est
1038 3382 1227 3430 quoque
1249 3368 1484 3425 sollenne,
1504 3369 1593 3430 ju-

469 3446 577 3479 rare
599 3438 646 3478 et
677 3434 898 3480 obtestare·
923 3448 1010 3493 per
1040 3436 1227 3490 eineres,
1257 3448 1429 3493 rogum,
1453 3435 1594 3492 flam-

468 3510 600 3553 mam,
624 3499 974 3544 carissimorum.
1009 3496 1240 3545 Testatur
1259 3496 1404 3544 fuum
1425 3496 1601 3560 patriae

473 3568 524 3607 et
543 3558 717 3607 funera
737 3574 950 3608 suorum.

537 3626 649 3681 433,
673 3626 782 3671 434.
826 3622 957 3673 Viees
987 3624 1206 3681 fortuna»,
1230 3638 1385 3682 casus,
1415 3636 1466 3673 et
1485 3624 1594 3686 qui-

471 3686 582 3734 dem
605 3688 652 3735 h.
679 3688 708 3735 l.
739 3704 942 3751 pugnae3
976 3704 1097 3750 quae,
1123 3697 1178 3736 ut
1200 3688 1425 3746 vidimus,
1449 3689 1597 3736 modo

470 3751 684 3799 secunda
707 3752 850 3800 modo
871 3752 1075 3801 adversa
1099 3752 1270 3800 filei-at.
1327 3754 1474 3800 Manu
1499 3770 1594 3800 me-

470 3819 630 3927 ἓιίιίἰεὶε,
665 3816 858 3873 virtute,
893 3826 1054 3879 strage
1087 3832 1232 3877 quam
1265 3816 1395 3863 inter
1429 3816 1597 3864 hostes

535 3895 562 3925 e
597 3888 659 3927 at.

535 3944 644 3990 436.
689 3942 816 3991 Gen.
851 3942 916 4001 ix,
953 3946 1027 4001 12,
1061 3942 1256 3990 laudato
1287 3943 1420 3991 loco:
1457 3960 1595 4005 quum

469 4008 642 4054 diceret
661 4010 838 4064 vulnus,
861 4024 952 4055 non
981 4010 1102 4069 quod
1129 4011 1375 4068 accepisset
1408 4010 1592 4069 Ulyxes,

469 4072 554 4117 sed
567 4074 689 4132 quod
707 4074 920 4120 dedisset.

533 4136 644 4181 438.
697 4135 927 4197 Sequitur
971 4134 1186 4185 narratio
1228 4134 1290 4182 de
1369 4150 1498 4197 ugna
1542 4134 1593 4183 in

471 4194 710 4259 Pergamo
743 4200 954 4263 acropoli
988 4200 1051 4248 ad
1075 4198 1256 4248 Priami
1365 4214 1418 4247 es
1451 4198 1590 4255 facta,

467 4258 530 4305 de
551 4260 727 4308 aedium
749 4264 1124 4327 expugnatione,
1149 4272 1200 4311 et
1230 4263 1412 4311 Priami
1443 4264 1589 4313 coede.

469 4324 562 4371 Gen
589 4326 718 4371 nullo
747 4330 880 4385 prius
913 4330 1124 4385 lamento,
1153 4344 1234 4375 nec
1265 4330 1362 4375 atri
1395 4330 1588 4375 Mam·

461 4396 562 4433 sent
585 4390 764 4444 imbres,
789 4389 986 4449 Statius,
1011 4392 1064 4439 iii
1087 4392 1240 4439 Theb.
1270 4394 1375 4439 122.

1718 2479 1828 2524 441.
1868 2476 2018 2524 Haud
2050 2475 2191 2524 facile
2213 2484 2289 2523 est
2318 2491 2343 2523 s
2434 2474 2531 2522 iem
2562 2475 2779 2523 locorum

1654 2541 1845 2603 assequi
1866 2540 2059 2603 qualem
2080 2548 2226 2603 poeta
2245 2554 2341 2605 spu
2396 2539 2615 2586 animum
2636 2554 2779 2587 suum

1656 2605 1867 2653 finxerit.
1938 2605 2061 2652 Puta
2093 2604 2154 2651 ad
2188 2603 2350 2669 ipsum
2382 2602 2560 2651 aedium
2594 2602 2779 2651 aditum

1654 2668 1817 2725 fuisse,
1852 2685 1881 2716 e
1912 2684 2047 2717 more
2082 2678 2315 2725 veterum,
2347 2667 2523 2715 turrim
2556 2667 2781 2715 eductam

1656 2748 1799 2795 quam
1822 2734 1921 2780 460
1942 2732 2187 2787 nominum
2222 2732 2325 2779 haec
2348 2742 2661 2795 oppugnatur
2682 2738 2731 2778 et
2753 2746 2784 2777 a

1654 2796 1881 2859 Trojanis
1912 2797 2123 2860 desuper
2154 2806 2507 2860 propugnatur.
2574 2794 2783 2843 Aditum

1655 2860 1869 2925 appellat
1890 2876 2021 2909 nunc
2038 2864 2185 2908 limen.
2227 2864 2351 2907 Acta
2372 2862 2601 2907 testudine
2618 2870 2781 2907 scuto-

1656 2940 1764 2973 rum
1788 2925 1917 2973 haud
1938 2924 2099 2981 dubie,
2120 2924 2456 2983 συναστισμᾷἰς
2484 2922 2635 2970 nimis
2648 2922 2783 2971 emm

1656 2989 1827 3036 alienas
1840 2989 1999 3037 forent
2012 2991 2073 3037 ab
2086 2989 2171 3035 illa
2177 2996 2320 3036 aetate
2334 2986 2782 3035 macliinaebellieae.

1720 3056 1993 3101 442—444.
2036 3056 2245 3109 Hareni,
2280 3052 2333 3099 in
2362 3066 2523 3115 prosa,
2558 3050 2783 3113 admotae,

1657 3128 1785 3165 sunt.
1843 3119 2086 3179 Poetesque
2108 3120 2193 3164 sub
2224 3120 2343 3177 ipsos
2364 3118 2601 3163 Nilum
2616 3118 2783 3177 gradi-

1660 3184 1754 3228 bus.
1818 3182 1947 3229 Cum
1977 3184 2115 3229 scala
2149 3188 2429 3229 memorate
2460 3178 2575 3237 sint,
2606 3182 2787 3242 padue

1658 3244 1741 3291 vix
1764 3244 1847 3293 alii
1870 3260 1977 3293 esse
2002 3254 2207 3308 possunt
2228 3258 2372 3306 quam
2392 3244 2661 3300 nealal-uun
2696 3258 2791 3307 per

1659 3323 1779 3369 quos
1800 3313 2025 3365 nituntur,
2050 3308 2317 3366 enituntur,
2346 3316 2501 3369 poetes
2530 3310 2617 3356 aab
2650 3312 2786 3369 ὀρωε,

1661 3370 1958 3435 simpliciter,
1996 3374 2049 3421 in
2086 3372 2272 3421 foribus
2310 3372 2503 3420 edium.
2570 3374 2789 3435 Postigia

1660 3448 1751 3496 pro
1780 3435 1887 3498 ipso
1916 3446 2045 3485 tecto
2066 3436 2199 3485 dicta
2216 3452 2325 3485 esse
2532 3445 2566 3491 t.
2590 3444 2675 3484 aut
2697 3452 2788 3501 pro

1662 3498 1809 3546 turris
1842 3516 2031 3550 summa
2050 3510 2216 3564 ραι-ως
2245 3501 2321 3548 ita
2506 3517 2571 3549 εις
2592 3510 2649 3549 ut
2674 3516 2785 3549 mu-

1660 3576 1840 3619 rorum,
1882 3565 1951 3612 sic
1984 3566 2206 3623 turrium,
2242 3574 2386 3619 sunta
2427 3564 2607 3627 alioqui
2644 3574 2789 3613 erant

1649 3622 1857 3687 fastigia
1894 3628 1945 3674 in
1982 3629 2178 3693 templis
2217 3639 2266 3677 et
2298 3628 2495 3693 palatiis
2530 3628 2583 3676 in
2624 3627 2785 3677 fronte

1660 3689 1851 3736 oedium.
1920 3691 2091 3740 Voluit
2124 3702 2270 3756 poeta
2307 3693 2557 3741 cumulare
2590 3708 2691 3741 uno
2730 3692 2785 3741 in

1658 3752 1767 3800 loco
1787 3753 1953 3817 plures
1987 3772 2164 3818 pugnas
2186 3757 2388 3821 species.
2446 3758 2687 3820 objiciunt
2715 3761 2783 3805 σι’-

1660 3820 1822 3865 nistris
1842 3820 2007 3879 clipeos
2028 3824 2093 3867 ad
2124 3824 2216 3869 tela
2242 3825 2455 3883 protecti,
2475 3832 2531 3869 ut
2552 3822 2786 3871 adversus

1662 3880 1759 3928 tela
1776 3896 1987 3945 superne
2008 3883 2157 3932 missa
2176 3894 2491 3947 protegerent
2512 3900 2578 3933 se.

1722 3948 1834 4002 445,
1858 3947 1967 3993 446.
2006 3948 2217 3995 eulmina
2236 3952 2463 3997 donorum
2484 3958 2619 4006 tecta,
2642 3949 2785 3997 docte

1657 4008 2199 4137 Effiffpffiwssffi?
2214 4014 2365 4124 ‘1⁸3¹'ss
2372 4013 2784 4139 qfflffl‘aessz

2190 4110 2203 4133 ,
2272 4110 2286 4123 .
2599 4112 2611 4123 .

1652 4140 1911 4196 penetralia
1934 4138 2105 4187 eodem
2124 4139 2267 4187 modo
2289 4140 2305 4187 i
2330 4142 2450 4189 Geo.
2470 4140 2581 4191 397.
2618 4140 2781 4189 Etiam

1660 4208 1811 4248 turres
1852 4216 1945 4265 pro
1986 4203 2158 4253 eodem
2204 4214 2333 4253 tecto
2376 4204 2511 4263 dicit,
2554 4204 2670 4267 quia
2710 4204 2779 4252 sl-

1659 4272 1763 4311 tum
1796 4274 1883 4313 est.
1956 4268 2137 4329 Agitur
2174 4276 2337 4317 sutem
2370 4268 2433 4316 de
2464 4282 2565 4316 una
2598 4268 2779 4316 Priami

1656 4327 1827 4385 dom03
1862 4330 1943 4378 cui
1974 4332 2439 4394 magnificentiorem
2458 4332 2673 4397 speciem
2694 4330 2777 4381 sd-

1650 4390 1769 4453 jecit
1791 4408 1935 4455 quam
1956 4410 2065 4457 quae
2085 4396 2215 4460 apud
2238 4396 2511 4445 Homerum
2532 4408 2651 4445 erat.
