3050 4934
516 255 602 316 82

1221 247 1266 293 ’-
1333 249 2007 315 GEORGICON

679 402 933 468 Cuncta
965 403 1080 466 tibi
1111 401 1420 466 Cererem
1450 402 1663 485 pubes
1690 401 1969 484 agrestis
2000 400 2255 474 adoret,

681 503 806 568 Cui
835 516 908 567 tu
937 503 1106 567 lacte
1137 503 1318 567 favos
1349 514 1418 568 et
1447 503 1585 566 miti
1612 501 1788 566 dilue
1820 500 2125 578 Bacch03

505 606 634 668 345
679 605 946 688 Terque
979 627 1176 668 novas
1209 605 1451 668 circum
1479 603 1639 668 felix
1670 613 1779 667 eat
1806 602 2023 666 hostia
2052 601 2303 684 fruges,

685 706 918 768 Omnis
950 727 1144 790 quam
1173 704 1414 769 chorus
1445 715 1514 768 et
1546 705 1703 768 socii
1733 705 2119 768 comitentur
2150 711 2441 777 ovantes,

687 807 780 870 Et
811 807 1122 870 Cererem
1149 805 1430 870 clamore
1459 815 1695 869 vocent
1723 804 1789 868 in
1818 815 2027 868 tecta:
2076 824 2288 886 neque
2318 811 2469 864 ante

686 908 946 972 Falcem
975 909 1245 972 maturis
1275 909 1618 991 quisquam
1648 916 1975 991 supponat
2004 905 2243 980 aristiS,

685 1009 904 1081 Quam
935 1009 1162 1073 Cereri
1194 1019 1366 1073 torta
1395 1008 1734 1073 redimitus
1766 1017 2061 1090 tempora
2088 1025 2335 1089 quercu

513 1110 643 1172 350
689 1109 827 1174 Det
855 1119 1070 1173 motus
1101 1110 1588 1194 incompositOS,
1620 1119 1689 1172 et
1714 1109 1999 1172 carmina
2026 1106 2224 1170 dicat.

773 1209 997 1294 Atque
1029 1210 1172 1274 haec
1199 1221 1276 1273 ut
1305 1211 1498 1274 certis
1527 1210 1852 1294 possimus
1880 1208 2133 1272 discere
2164 1205 2389 1290 signiS,

686 1311 1078 1394 AEstusque,
1111 1310 1515 1394 pluviasque,
1546 1320 1615 1374 et
1646 1319 1915 1393 agentes
1946 1307 2191 1392 frigora
2220 1317 2487 1383 veneos5

679 1413 832 1496 Ipse
867 1412 1066 1476 Pater
1097 1413 1346 1488 statuit,
1379 1412 1539 1495 quid
1568 1422 1902 1476 menstrua
1932 1410 2125 1474 Luna
2152 1419 2480 1484 moneret3

688 1515 844 1586 Quo
876 1513 1062 1597 signo
1092 1513 1404 1578 caderent
1433 1513 1675 1590 austri;
1722 1513 1880 1596 quid
1911 1533 2086 1596 saepe
2116 1511 2411 1574 videntes

510 1617 640 1678 355
685 1613 1014 1698 Agricolae
1040 1615 1314 1699 propius
1348 1613 1621 1678 stabulis
1653 1623 1943 1678 armenta
1970 1622 2289 1676 tenerent.

687 1715 1039 1792 ContinuO,
1071 1717 1278 1780 ventis
1312 1715 1757 1800 surgentibus,
1788 1724 1903 1779 aut
1931 1711 2101 1776 freta
2126 1713 2311 1797 ponti

688 1814 1018 1900 Incipiunt
1047 1817 1293 1899 agitata
1323 1827 1711 1892 tumescere,
1742 1825 1811 1878 et
1840 1813 2062 1878 aridus
2092 1813 2239 1878 altis

687 1916 1030 1982 Montibus
1062 1917 1274 1982 audiri
1304 1916 1562 2002 fragor3
1608 1926 1723 1981 aut
1750 1915 2123 1980 resonantia
2152 1913 2343 1998 longe

689 2017 948 2082 Littora
975 2019 1252 2095 misceri,
1285 2018 1355 2081 et'
1381 2039 1717 2082 nemorum
1746 2017 2227 2081 increbrescere
2255 2037 2563 2080 murmur.

509 2119 640 2182 360
682 2118 729 2182 J
731 2141 833 2182 am
865 2109 989 2182 sibi
1021 2129 1159 2183 tum
1189 2120 1402 2183 curvis
1433 2117 1599 2182 male
1630 2128 1953 2202 temperat
1981 2118 2160 2182 unda
2188 2118 2457 2182 carinis:

605 2271 610 2274 .
688 2219 913 2292 Quum
939 2219 1156 2283 medio
1184 2219 1429 2284 celeres
1460 2218 1753 2284 revolant
1784 2241 1869 2283 ex
1898 2241 2161 2302 aequore
2188 2219 2417 2302 mergi,

691 2320 1184 2404 Clamoremque
1215 2318 1436 2385 ferunt
1465 2320 1551 2383 ad
1580 2319 1835 2397 littora3
1881 2340 2212 2404 quumque
2242 2319 2503 2383 marinae

686 2422 764 2485 In
797 2422 969 2486 sicco
997 2421 1233 2486 ludunt
1261 2420 1509 2498 fulicae3
1556 2431 1876 2504 notasque
1908 2419 2180 2504 paludes

569 2623 842 2670 343—345.
895 2620 1008 2668 Diis
1045 2619 1316 2683 agrestibus
1349 2618 1531 2668 libatur
1566 2634 1630 2667 ex

494 2702 646 2742 more,
693 2687 835 2743 lacte,
885 2685 1044 2744 melle,
1100 2683 1227 2732 vino.
1315 2686 1490 2746 Terque
1532 2691 1625 2731 eat.

499 2750 712 2798 Ducitur
753 2748 926 2806 hostia,
979 2748 1221 2797 lustrandi
1272 2763 1414 2810 agros
1463 2763 1625 2805 causa,

497 2813 628 2861 circa
666 2829 842 2862 novam
1003 2822 1114 2860 tem.
1195 2815 1330 2860 Felix
1371 2816 1533 2870 hostia,
1576 2813 1635 2860 h.-

495 2877 734 2935 foecunda,
757 2892 930 2939 quema
967 2877 1162 2925 modum
1173 2875 1296 2939 filit
1318 2893 1443 2939 ager,
1469 2881 1621 2925 arbor.

443 2965 456 2974 ·
499 2943 576 2989 De
617 2942 694 2990 his
735 2941 926 2989 dubitat
963 2955 1136 2996 nemo;
1179 2941 1251 2988 uti
1294 2956 1384 2988 nec
1419 2941 1482 2989 de
1515 2942 1623 2998 hoc,

495 3005 706 3054 hostiam
746 3005 964 3054 sterilem
998 3004 1149 3054 sacris
1181 3005 1444 3062 admoveri,
1487 3005 1624 3053 nefas

497 3071 674 3118 fuisse:
724 3071 810 3118 sed
849 3085 969 3118 usus
1007 3078 1275 3133 perpetuus
1311 3068 1382 3116 ita
1421 3069 1531 3126 fert,
1568 3078 1625 3117 ut

496 3134 792 3198 accipiamus
811 3133 1021 3181 hostiam
1039 3149 1134 3196 qua
1157 3132 1287 3180 litari
1306 3141 1483 3196 potest,
1507 3133 1622 3196 quia

497 3211 622 3261 pura
654 3207 704 3246 et
735 3197 973 3246 sacrificio
995 3213 1024 3245 a
1061 3207 1110 3245 ta
1137 3197 1328 3260 diisque
1353 3207 1494 3260 grata
1515 3205 1619 3253 αις

531 3277 699 3324 uaeque
722 3261 843 3309 adeo
873 3270 947 3309 est
975 3261 1021 3308 fe
1041 3261 1130 3310 icis
1153 3261 1344 3319 ominis,
1369 3271 1419 3310 et
1441 3263 1623 3310 bonum

518 3341 692 3388 rugum
734 3335 1026 3389 proventum
1071 3325 1335 3389 portendit,
1379 3334 1464 3373 aut
1515 3326 1625 3389 ipsa

497 3389 654 3438 felicis
679 3397 946 3454 proventus
973 3405 1133 3449 causa,
1160 3389 1364 3453 placatis
1395 3405 1488 3454 per
1515 3405 1625 3438 eam

499 3454 608 3512 diis,
630 3453 798 3502 haberi
819 3461 995 3519 potest.

563 3519 836 3568 346-350.
891 3521 1064 3567 Chorus
1094 3525 1142 3566 et
1173 3521 1298 3576 socii,
1334 3527 1409 3567 est
1445 3520 1624 3567 chorus

499 3584 754 3632 sociorum.
845 3583 942 3631 Int.
989 3592 1154 3632 autem
1200 3583 1358 3632 socios
1402 3599 1621 3649 operum,

498 3664 686 3706 vernas,
729 3657 783 3697 ut
821 3647 872 3706 ii,
915 3650 1026 3696 528.
1100 3651 1270 3696 Vocare
1306 3651 1356 3696 t'n
1392 3656 1528 3706 tecta,
1570 3663 1626 3698 ut

497 3713 638 3770 adsit,
669 3713 910 3761 invocare.
970 3713 1094 3761 Hor.
1119 3713 1281 3762 Carm.
1309 3711 1341 3770 i,
1369 3715 1445 3770 30,
1473 3715 1516 3770 2,
1546 3731 1621 3762 vo·-

495 3782 646 3824 cantt's
682 3779 834 3824 Tkure
863 3779 1056 3824 tumulto
1087 3779 1294 3838 Glycera
1323 3775 1545 3838 Transfer
1576 3782 1626 3825 iu

495 3844 650 3890 eedem.
720 3841 798 3888 De
823 3839 1075 3888 incondita
1104 3839 1374 3896 saltatione,
1397 3856 1492 3902 qua
1511 3856 1620 3889 car-

498 3905 632 3954 mina
663 3903 898 3954 messoria
927 3912 1171 3952 canuntur
1200 3919 1306 3967 sup.
1341 3903 1446 3953 Ecl.
1472 3919 1516 3960 ν,
1542 3904 1620 3955 73.

503 3971 731 4020 Quor-nam
779 3985 986 4018 coronam
1031 3967 1085 4015 in
1129 3967 1414 4016 memoriam
1464 3969 1623 4018 victus

501 4033 678 4094 prioris
696 4043 933 4096 gestatam
957 4031 1156 4081 Servius
1178 4031 1339 4080 tradit.

567 4098 838 4146 351—854.
875 4098 998 4146 Hoec
1021 4096 1172 4162 igitur
1189 4096 1366 4154 omnia,
1386 4097 1475 4144 has
1497 4105 1623 4145 tem-

499 4167 744 4222 pestatum
779 4161 889 4210 coeli
923 4171 973 4210 et
1005 4162 1132 4210 aeris
1166 4160 1311 4218 vices,
1349 4161 1411 4208 de
1447 4161 1623 4224 quibus

500 4224 658 4271 adhuc
691 4223 804 4287 egit,
834 4241 981 4289 porro
1009 4239 1238 4289 magnum
1257 4225 1481 4283 calorem,
1511 4225 1619 4290 plu-

501 4287 630 4336 viam
667 4297 717 4335 et
748 4289 876 4350 gelu,
909 4305 936 4336 e
968 4289 1098 4338 lunae
1128 4289 1360 4354 phasibus
1393 4300 1444 4339 et
1477 4289 1625 4340 variis

501 4352 837 4414 prognosticis,
863 4369 970 4414 quae
999 4369 1062 4401 ex
1095 4355 1302 4405 erientia
1331 4354 1510 4413 docuit,
1544 4355 1621 4403 in-

499 4416 727 4478 telligunt
748 4416 984 4478 agricolae.
1091 4428 1137 4467 st
1157 4419 1260 4467 hoec
1283 4429 1621 4483 meteorogno-

1692 2617 1768 2668 sia
1788 2618 1983 2667 rustica.
2038 2619 2153 2682 Ipse
2170 2618 2369 2682 Jupiter
2388 2623 2571 2678 sursit,
2594 2621 2643 2668 h.
2668 2621 2833 2672 lixum

1694 2691 1745 2730 et
1786 2691 2015 2731 constans
2060 2698 2167 2731 esse
2200 2683 2363 2744 jussit.
2451 2684 2703 2749 Plerisque
2744 2689 2835 2738 his

1850 2747 2016 2796 osticis
2044 2747 2317 2796 severiores
2348 2749 2575 2812 physices
2605 2751 2833 2802 ratione·

1690 2763 1847 2859 affl
1876 2811 2113 2874 assignari
2166 2821 2385 2876 possunt.
2468 2813 2723 2876 (Vidimus
2768 2817 2827 2866 id

1690 2891 1847 2940 nuper
1868 2876 2049 2925 factum
2072 2892 2104 2924 a
2130 2879 2195 2924 W.
2219 2879 2371 2934 Iones,
2391 2879 2596 2940 Physiol.
2620 2882 2825 2943 Diqu-

1688 2943 1863 2998 st'ticms,
1906 2956 1956 3004 p.
2003 2941 2099 2989 619
2142 2955 2277 3003 sqq.;
2328 2957 2420 3005 pro
2464 2951 2631 2991 nostra
2672 2953 2830 2995 aetate

1690 3003 1861 3052 eadem
1886 3004 2168 3053 retractavit
2194 3007 2424 3064 Tmou,
2450 3009 2654 3065 Senem,
2686 3011 2823 3058 Win-

1688 3077 1775 3128 ter‚
1813 3071 1905 3117 118
1940 3084 2042 3132 sqq.
2050 3068 2085 3130 ).
2153 3071 2313 3117 Monet
2343 3069 2463 3118 luna
2492 3072 2829 3134 progne-ticin

1686 3135 2519 3262 23353325‘3-2323235355
2527 3138 2673 3249 ἒὲἕ.
2686 3152 2824 3254 Ρὸἶ

1686 3266 1817 3324 signo
1838 3265 2053 3310 caderent
2074 3265 2251 3316 assir-⁸⁹3
2274 3263 2403 3324 quod
2424 3263 2663 3313 indicium
2684 3277 2827 3316 esset

1689 3326 1825 3375 venti
1866 3341 1981 3375 mox
2020 3325 2271 3375 cessaturi.
2356 3327 2435 3376 Ita
2474 3329 2607 3376 enim
2650 3333 2826 3380 cadere

1688 3405 1779 3454 pro
1808 3391 2037 3448 residere,
2072 3393 2201 3438 cadit
2218 3389 2391 3454 fragm·
2416 3395 2593 3456 pelagi,
2626 3393 2747 3444 AEn.
2782 3395 2821 3454 i.

1692 3457 1813 3510 1543
1848 3463 1905 3503 ut
1925 3463 2097 3504 contra
2114 3472 2315 3532 surgere,
2340 3472 2386 3505 v.
2412 3457 2522 3504 356.

1754 3521 2025 3568 356-359.
2068 3519 2390 3568 Immnentes
2416 3521 2656 3584 procellas
2686 3537 2827 3573 nun-

1690 3581 1781 3632 tiat
1812 3583 1989 3632 surdus
2006 3582 2133 3632 aeris
2156 3593 2317 3632 motus
2340 3593 2471 3633 terra
2492 3586 2711 3650 marique
2738 3589 2826 3638 in-

1688 3649 2014 3706 crebrescens,
2034 3663 2133 3711 quo
2154 3648 2375 3697 exterriti
2394 3649 2535 3698 alites
2556 3651 2736 3700 marini
2760 3655 2833 3704 ad

1689 3712 1827 3762 littus
1862 3728 1916 3760 se
1944 3711 2203 3777 recipiunt.
2274 3716 2510 3772 Οοηείκωο,
2540 3714 2792 3780 principio
2810 3738 2827 3768 ε

1689 3777 1786 3825 vid.
1812 3793 1919 3842 sup.
1944 3778 2022 3824 60.
2085 3779 2243 3826 Ventis
2265 3781 2584 3841 surgentibus.-
2612 3795 2747 3838 mox,
2774 3799 2825 3832 v.

1688 3841 1800 3898 365,
1832 3850 1963 3889 vento
1994 3845 2310 3902 o'mpendente:
2354 3841 2451 3891 vid.
2486 3843 2631 3892 modo
2668 3845 2736 3893 ad
2774 3863 2829 3897 v.

1689 3905 1798 3952 354.
1848 3907 2029 3952 Aridus
2047 3904 2231 3968 fragor,
2264 3907 2421 3970 qualis
2619 3918 2671 3957 et
2698 3925 2827 3960 acu-

1689 3978 1769 4016 tus
1800 3968 2043 4032 lig-norum
2076 3969 2325 4019 aridorum
2356 3986 2469 4020 cum
2724 3985 2827 4025 tur.

1694 4035 1881 4081 Latara
1909 4036 2089 4081 misceri
2102 4051 2121 4081 .-
2154 4033 2401 4094 miscetur,
2424 4035 2473 4084 h.
2504 4039 2833 4102 perturbatur

1692 4113 1827 4146 mare
1858 4097 2023 4146 littora
2054 4106 2105 4146 et
2125 4114 2246 4147 saxa
2266 4100 2469 4159 alluens,
2502 4101 2679 4164 quibus
2707 4103 2829 4152 aui-

1688 4162 1875 4210 duntur
1916 4162 2119 4219 fluctum
2176 4172 2229 4212 et
2268 4169 2533 4213 resonantia
2570 4168 2834 4216 mear

1689 4241 1780 4291 pro
1800 4227 2012 4290 simplici
2043 4237 2269 4290 resonant.
2340 4229 2419 4276 De
2440 4245 2667 4277 moran
2688 4247 2829 4280 aar·

1688 4307 1814 4339 mure
1837 4307 1925 4340 seu
1948 4292 2137 4354 mugitu
2158 4291 2218 4340 cf.
2244 4292 2360 4340 AEn.
2384 4307 2433 4350 x,
2458 4293 2668 4342 97—99.

1770 4355 2043 4404 360—364.
2094 4358 2207 4404 Jam
2244 4365 2349 4404 tum
2385 4357 2505 4405 satis
2539 4357 2708 4419 gravis
2746 4371 2835 4410 est

1691 4427 1953 4482 tempestas
1992 4420 2045 4470 in
2082 4419 2193 4480 alto,
2236 4431 2292 4471 ut
2330 4421 2469 4471 navis
2502 4421 2585 4471 vix
2618 4423 2835 4474 resistat
