3050 4934
459 227 588 292 442

1347 221 1877 288 AENEIDOS

637 379 973 444 PassibuS.
1053 377 1206 462 Ipse
1232 375 1458 442 humili
1485 377 1787 461 designat
1816 375 2055 442 moenia
2083 373 2283 450 fossa,

634 480 1036 565 Moliturque
1065 477 1312 556 locum3
1358 479 1728 562 primasque
1757 478 1823 540 in
1851 476 2068 541 littore
2100 476 2315 550 sedes,

639 582 1018 646 Castrorum
1047 581 1114 644 in
1143 601 1406 656 morem,
1437 580 1653 662 pinnis
1684 589 1879 662 atque
1910 597 2149 661 aggere
2176 575 2397 658 cingit.

473 685 596 749 160
637 683 914 767 Jamque
945 682 1070 745 iter
1097 681 1363 756 emensi,
1397 690 1613 744 turres
1644 701 1719 744 ac
1749 688 1922 743 tecta
1954 677 2335 742 Latinorum

635 781 872 848 Ardua
900 783 1256 848 cernebant
1273 783 1575 866 juvenes,
1605 801 1921 864 muroque
1950 778 2277 843 subibant.

639 884 817 949 Ante
849 885 1078 948 urbem
1106 884 1318 969 pueri,
1348 893 1416 947 et
1445 883 1753 966 primaevo
1782 879 1943 944 flore
1963 880 2298 963 juventuS,

638 987 1055 1050 Exercentur
1084 985 1292 1068 equis,
1324 983 1770 1066 domitantque
1800 983 1867 1044 in
1894 979 2163 1063 pulvere
2192 998 2459 1053 currus;

641 1086 782 1151 Aut
809 1108 994 1152 acres
1023 1086 1301 1150 tendunt
1331 1107 1544 1160 arcm,
1575 1094 1690 1146 aut
1716 1081 1893 1146 lenta
1920 1080 2177 1144 lacertis

478 1190 598 1253 165
643 1187 909 1272 Spicula
938 1197 1394 1271 contorquent,
1426 1205 1754 1268 cursuque
1784 1184 2048 1264 ictuque
2074 1179 2435 1245 lacessunt:

644 1289 868 1362 Quum
898 1299 1261 1372 praevectus
1289 1308 1460 1370 equo
1490 1284 1766 1368 longaevi
1796 1285 1969 1367 regis
1998 1283 2085 1346 ad
2114 1304 2306 1346 aures

645 1389 934 1453 Nuntius
966 1390 1262 1472 ingentes
1289 1388 1514 1471 ignota
1542 1385 1609 1449 in
1636 1395 1816 1450 veste
1846 1393 2139 1468 reportat

647 1488 1014 1554 Advenisse
1045 1489 1239 1552 viros.
1317 1487 1434 1552 Ille
1462 1488 1633 1550 intra
1662 1497 1837 1550 tecta
1864 1484 2082 1548 vocari

580 1659 586 1664 ,
649 1590 957 1675 Imperat,
989 1600 1058 1654 et
1087 1588 1247 1652 'solio
1275 1589 1528 1652 medius
1559 1586 1855 1652 consedit
1884 1586 2077 1649 avit0.

484 1693 607 1756 170
650 1691 931 1755 Tectum
960 1698 1331 1774 augustum,
1365 1691 1619 1772 ingens,
1650 1681 1909 1752 centum
1942 1685 2213 1750 sublime
2242 1683 2577 1761 columnia,

650 1793 838 1857 Urbe
869 1792 992 1856 fuit
1023 1813 1291 1868 summa,
1328 1790 1676 1854 Laurentis
1708 1789 1889 1873 regia
1915 1788 2079 1866 Pici,

653 1893 1077 1958 Hori-endum
1108 1891 1280 1956 silvis
1310 1903 1377 1956 et
1405 1890 1715 1975 religione
1743 1901 2105 1975 parentum.

653 1995 785 2060 Hic
817 2007 1078 2080 sceptra
1105 1994 1422 2077 accipere,
1453 2003 1522 2057 et
1551 1993 1793 2077 primos
1823 1989 2119 2054 attollere
2148 1989 2358 2054 fasces

607 2155 614 2160 .
654 2095 954 2179 Regibus
987 2115 1174 2158 omen
1204 2105 1381 2172 erat3
1425 2092 1554 2158 hoc
1583 2092 1706 2156 illis
1736 2093 1917 2158 curia
1944 2091 2275 2176 templum,

490 2199 612 2261 175
656 2197 786 2260 Hae
817 2196 1016 2260 sacris
1047 2195 1238 2258 sedes
1271 2194 1516 2279 epulis;
1562 2193 1668 2258 hie
1697 2195 1899 2258 ariete
1928 2215 2100 2258 caeso

657 2297 1005 2382 Perpetuis
1035 2295 1204 2359 soliti
1233 2307 1451 2381 patres
1481 2295 1821 2360 considere
1852 2296 2111 2360 mensiS.

659 2399 837 2471 Quin
869 2397 1062 2462 etiam
1091 2407 1383 2462 veterum
1410 2397 1657 2480 effigies
1686 2419 1773 2461 ex
1802 2397 2029 2460 ordine
2058 2417 2323 2460 avorum

658 2496 953 2583 Antiqua
981 2520 1018 2563 e
1049 2499 1283 2563 cedro:
1335 2497 1693 2583 Italusque,
1721 2508 2039 2582 paterque
2070 2497 2352 2560 Sabinus

661 2599 1001 2678 vitisator,
1033 2621 1295 2664 curvam
1327 2621 1591 2664 servans
1618 2600 1742 2664 sub
1770 2599 2045 2688 imagine
2076 2597 2326 2676 falcem,

559 2787 824 2838 157--15a
861 2789 1087 2838 Castrum
1108 2789 1200 2836 hoc
1222 2789 1382 2850 Trojae
1407 2799 1495 2846 est,
1519 2803 1607 2837 seu

493 2853 634 2916 froja
666 2870 792 2910 nova,
815 2869 846 2902 a
865 2864 1004 2918 parte
1035 2853 1207 2901 dextra
1231 2852 1447 2901 Tiberim
1479 2869 1603 2917 prae-

488 2917 704 2980 cingens,
728 2918 1030 2966 adstantibus
1055 2917 1400 2979 subductisque
1422 2933 1450 2965 a
1473 2927 1611 2980 tergo

489 2981 708 3038 navibus,
733 2997 762 3029 a
794 2981 992 3029 sinistra
1021 2996 1222 3045 campus
1244 2981 1305 3028 ad
1329 2996 1463 3028 mare
1495 2997 1607 3045 per-

491 3045 698 3108 tingens.
755 3047 950 3092 Molitur
975 3047 1130 3102 locum,
1156 3043 1394 3106 exquisite
1417 3045 1608 3108 poetico

491 3123 627 3156 more
639 3123 742 3172 pro,
758 3107 918 3154 moliri
933 3116 1060 3155 tecta
1078 3107 1128 3154 in
1143 3107 1264 3163 loco,
1275 3109 1321 3155 b.
1340 3118 1605 3157 exstruere.

493 3175 676 3220 Prinas
696 3173 838 3228 sedes,
871 3170 959 3218 int.
995 3170 1046 3218 in
1068 3170 1228 3234 prima
1256 3171 1433 3220 littoris
1453 3182 1607 3238 parte.

493 3237 670 3284 Pinnas
701 3250 792 3298 pro
825 3232 990 3291 muris,
1021 3243 1071 3281 et
1101 3251 1313 3298 aggerem
1343 3251 1434 3300 pro
1465 3238 1607 3296 vallo,

491 3299 621 3412 quod
663 3298 841 3348 fossam
885 3299 946 3347 ab
987 3297 1218 3347 interiore
1259 3309 1399 3364 parte
1443 3302 1609 3360 ambit,

525 3373 633 3412 uut.

561 3429 830 3477 162—165.
858 3428 940 3476 Ad
959 3427 1260 3476 Laurentum
1277 3430 1445 3478 urbem
1463 3429 1615 3478 missa

492 3493 685 3556 legatio.
745 3491 924 3541 Prisce
947 3491 1059 3540 vite
1079 3491 1192 3550 ritu,
1217 3502 1274 3540 ut
1299 3493 1350 3542 in
1371 3493 1478 3542 loco
1503 3495 1611 3543 He-

494 3557 633 3616 siodi,
675 3557 832 3620 (Scut.
877 3559 986 3615 285,
1029 3557 1166 3617 286,)
1202 3567 1314 3606 ante
1351 3560 1522 3606 urbem
1562 3558 1616 3607 in
1678 3559 1806 3623 proef

495 3622 680 3686 eampis
715 3631 912 3671 exercet
945 3638 1000 3670 ae
1038 3637 1184 3670 cursu
1218 3637 1274 3670 ac
1311 3621 1438 3670 ludit
1467 3622 1617 3672 armis

489 3688 723 3761 juventus
747 3687 947 3734 urbana.
1005 3686 1158 3734 Poeta
1187 3695 1352 3734 autem
1389 3701 1467 3760 eo.
1481 3702 1619 3736 more

497 3765 692 3814 egregie
723 3765 842 3798 usus
863 3759 940 3798 est
969 3759 1026 3797 ut
1057 3765 1256 3798 suavem
1288 3760 1617 3799 narrationem

372 3793 405 3834 ⁸
495 3813 688 3864 faceret.
743 3817 979 3863 Domitant
1001 3830 1178 3872 currus,
1200 3830 1292 3878 pro
1320 3813 1458 3877 equis
1475 3817 1615 3878 iuga-

495 3879 636 3928 libus.
704 3880 906 3940 Spicula,
939 3877 1028 3926 int.
1057 3879 1246 3939 jacula;
1283 3887 1334 3926 et
1364 3878 1617 3942 epitheton

499 3947 623 3992 lenta
654 3943 717 3991 ad
749 3941 1001 3990 materiem
1031 3942 1174 3990 refer.
1231 3943 1496 4000 Lacessunt,
1529 3958 1615 3990 ex-

498 4009 676 4072 quisite
697 4021 790 4072 pro
809 4005 1125 4063 contendunt,
1149 4015 1364 4054 certant:
1399 4006 1617 4068 quando-

497 4073 694 4134 quidem
744 4079 1010 4135 pro'vocant
1058 4085 1111 4119 se
1156 4079 1206 4118 et
1247 4069 1493 4119 lacessunt
1534 4070 1619 4132 qui

535 4145 836 4252 Ἥὸι-ι-ἛΙΊἎ
874 4199 978 4248 Pici
1003 4199 1106 4250 haec
1127 4199 1260 4262 regia
1280 4199 1333 4246 in
1356 4215 1466 4248 arce
1487 4199 1616 4248 Lau-

501 4264 643 4322 renti,
667 4264 860 4312 diversa
881 4264 1050 4327 utique
1072 4279 1102 4312 a
1123 4263 1284 4312 Latini
1311 4263 1459 4327 regia,
1484 4280 1529 4311 v.
1558 4267 1619 4312 59

499 4343 619 4439 βε
637 4327 1289 4454 mamimus
1306 4328 1621 4442 ‚mm

1675 2788 1923 2854 templum,
1970 2788 2099 2850 quod
2140 2803 2231 2853 pro
2272 2786 2409 2836 curia
2449 2797 2590 2835 esset.
2670 2789 2786 2835 Urbe

1673 2871 1858 2910 summa,
1903 2853 1954 2901 ἐν
1992 2851 2133 2901 πόλει
2172 2849 2423 2916 ἀκροτάτῃ,
2464 2862 2522 2900 ut
2561 2850 2699 2900 Iliad.
2734 2869 2785 2912 χ,

1680 2917 1785 2974 172,
1820 2918 1867 2964 h.
1907 2933 1948 2964 e.
1990 2917 2045 2965 in
2082 2916 2351 2979 ἀκροπόλει.
2420 2915 2563 2964 Circa
2596 2915 2787 2963 domum

1674 2981 1807 3029 illam
1838 2981 1977 3030 lucus
2010 2991 2115 3030 erat
2148 2981 2216 3042 (v.
2256 2980 2373 3042 172)
2406 2995 2543 3029 more
2576 2988 2789 3028 veoerum

1672 3045 1723 3093 in
1759 3053 1855 3094 tem
1891 3045 1953 3094 lis
1982 3055 2035 3093 et
2063 3044 2116 3092 in
2144 3044 2421 3120 principum
2447 3044 2647 3092 aedibus.
2702 3042 2786 3092 Al-

1674 3118 1833 3158 terum
1888 3125 1945 3157 oc
1968 3125 2031 3157 ex
2050 3109 2133 3156 lib.
2154 3109 2205 3167 1i,
2232 3111 2341 3168 299,
2363 3111 2458 3156 300
2480 3109 2543 3156 de
2564 3108 2792 3157 Anchise

1674 3173 1819 3224 domo
1840 3173 2164 3222 meminimus.

1745 3239 1849 3296 173,
1880 3238 1936 3289 17
1940 3242 1985 3286 4.
2024 3236 2123 3286 Hic
2154 3252 2361 3300 regnum
2392 3236 2635 3301 auspicari
2667 3236 2791 3286 sole-

1674 3304 1793 3352 bant
1824 3317 1977 3365 reges.
2038 3305 2177 3350 Omen
2206 3299 2399 3364 egregie
2430 3317 2521 3365 pro
2544 3315 2691 3359 more,
2714 3300 2794 3350 cui

1674 3369 1856 3416 bonum
1879 3382 2022 3416 omen
2055 3365 2226 3423 inerat,
2248 3373 2303 3414 ut
2336 3367 2571 3427 maiorum
2604 3365 2797 3414 fertum

1677 3439 1960 3494 sequeretur
2002 3445 2169 3493 regem
2204 3441 2411 3492 regnum
2448 3429 2793 3493 auspicantem.

1679 3497 1902 3543 Atreum
1921 3494 2078 3556 fasces
2108 3509 2199 3558 pro
2228 3509 2288 3542 eo
2322 3493 2453 3556 quod
2484 3493 2717 3556 sequitur.
2743 3503 2795 3542 ut

1800 3569 1998 3608 erantur
2020 3574 2147 3608 novo
2166 3558 2287 3621 regi.
2366 3571 2375 3578 ·

1748 3623 1855 3682 175,
1891 3623 1997 3674 176.
2034 3623 2128 3672 Est
2160 3623 2252 3671 hoc
2288 3622 2523 3686 templum
2558 3639 2649 3686 pro
2681 3637 2793 3686 pry-

1680 3695 1839 3745 taneo,
1875 3687 2025 3745 curia,
2060 3697 2147 3736 aut
2178 3686 2325 3736 simili
2362 3687 2466 3734 aede
2503 3687 2713 3750 publica,
2746 3686 2797 3734 in

1682 3767 1777 3814 qua
1808 3751 2043 3800 sacrificia
2077 3751 2273 3816 publica
2298 3767 2411 3800 cum
2444 3751 2603 3816 epulis
2636 3766 2795 3801 sacro-

1681 3831 1791 3862 rum
1822 3815 2076 3864 babentur.
2131 3818 2295 3864 Ariete
2326 3833 2452 3873 caso,
2480 3815 2680 3880 proprio
2708 3815 2797 3863 ali-

1682 3895 1778 3941 quo
1807 3895 2055 3928 sacrorum
2086 3879 2215 3928 inter
2238 3879 2440 3928 Latinos
2472 3895 2621 3938 more,
2644 3880 2803 3944 epulae

1682 3958 1832 3991 sacra
1851 3943 2199 3998 instituuntur:
2233 3944 2277 3992 ai
2298 3943 2547 4006 publicum
2570 3945 2627 3994 fit
2650 3943 2797 3992 sacri-

1685 4007 1863 4082 ficium,
1900 4007 2153 4082 confluunt
2182 4008 2422 4072 primores
2459 4008 2635 4071 gentis,
2669 4008 2801 4070 iique

1682 4071 1841 4198 ῗὲἒὲῗ
1848 4071 2727 4211 εἶχῒξέιῗυξάξὲφᾜᾞῃῖἳ
2746 4073 2803 4185 ἷῖὲ

1677 4208 1947 4262 perpetuum
1970 4208 2147 4263 tergum
2168 4211 2219 4248 et
2240 4201 2347 4250 aha.

1753 4263 2019 4316 177—181.
2066 4264 2228 4313 Etiam
2261 4266 2365 4314 haec
2396 4265 2536 4328 signa
2567 4265 2619 4313 in
2652 4265 2799 4314 vesti-

1684 4329 1799 4378 bulo
1828 4329 2061 4378 collocata
2092 4339 2220 4386 sunt,
2247 4338 2300 4376 ut
2332 4329 2383 4377 in
2410 4330 2547 4378 curia
2567 4329 2644 4378 vel
2679 4339 2800 4378 tem-

1682 4393 1765 4457 plo
1804 4407 1909 4444 moa
1942 4403 2049 4442 erat
2084 4393 2137 4442 in
2178 4392 2313 4442 aditu
2351 4403 2401 4442 et
2438 4393 2631 4458 porticu
2664 4393 2805 4456 signa
