3050 4934
553 248 684 314 390

1461 244 1989 312 AENEIDOS

734 398 1111 462 Obvertunt
1139 393 1374 480 pelago
1403 417 1673 480 proras;
1720 407 1859 460 tum
1886 396 2083 460 dente
2110 397 2323 461 tenaci

735 498 1050 563 Anchora
1079 495 1397 561 fundabat
1423 519 1646 572 naves,
1676 507 1745 560 et
1772 495 1993 561 littora
2020 518 2236 560 curvae

645 601 687 663 5
731 600 1116 663 Praetexunt
1143 619 1423 680 puppes.
1500 596 1831 661 Juvenum
1856 619 2083 662 manus
2114 597 2347 661 emicat
2374 596 2625 660 ardens

735 700 954 764 Littus
984 701 1050 762 in
1082 699 1512 781 Hesperium:
1562 699 1798 781 quaerit
1826 719 1979 782 pars
2014 699 2257 762 semina
2285 697 2563 761 flammae

733 798 1064 863 Abstrusa
1093 800 1160 862 in
1188 800 1368 862 venis
1403 797 1632 875 silicis3
1679 820 1831 882 pars
1864 798 2070 862 densa
2096 796 2383 861 ferarum

730 899 941 966 Tecta
971 901 1164 984 rapit,
1191 898 1413 975 silvas;
1459 900 1849 982 inventaque
1880 897 2145 962 flumina
2174 908 2515 962 monstrat.

733 1000 830 1066 At
859 1003 1006 1086 pius
1037 1000 1288 1064 AEneas
1321 1021 1528 1076 arces,
1560 999 1797 1082 quibus
1828 998 1998 1062 altus
2025 995 2269 1082 Apollo

610 1106 689 1168 10
732 1103 1077 1178 Praesidet,
1109 1099 1586 1183 horrendaeque
1614 1098 1844 1183 procul
1874 1109 2126 1164 secreta
2156 1098 2443 1182 Sibyllae,

729 1202 1014 1267 Antrum
1043 1203 1340 1276 immane,
1369 1201 1571 1284 petit3
1616 1221 1913 1284 magnam
1942 1201 2048 1264 cui
2075 1209 2357 1264 mentem
2384 1201 2801 1288 animumque

733 1302 966 1367 Delius
996 1301 1271 1385 inspirat
1297 1312 1504 1378 vateS,
1536 1302 1877 1385 aperitque
1907 1300 2151 1364 futura.

726 1404 876 1468 Jam
909 1405 1190 1466 subeunt
1219 1402 1464 1466 Triviae
1491 1401 1699 1479 lucOS,
1731 1412 1927 1485 atque
1956 1424 2157 1466 aurea
2187 1411 2379 1465 tecta.

557 1659 732 1721 Neque
770 1673 887 1706 vero
923 1665 1021 1704 tam
1057 1653 1266 1703 otiosum
1297 1663 1370 1704 est
1400 1654 1492 1702 hoc
1515 1654 1675 1765 episo-

555 1723 690 1771 dium
714 1737 858 1785 quam
880 1721 1086 1768 alterum
1118 1719 1284 1784 paullo
1315 1727 1428 1766 ante
1459 1719 1520 1766 de
1588 1719 1675 1766 ali-

555 1801 692 1835 nuro.
753 1787 882 1834 Nam
916 1785 971 1833 in
999 1784 1108 1847 ipso
1146 1784 1208 1832 ad
1249 1783 1442 1831 ltaliam
1465 1797 1677 1840 accessu,

554 1851 616 1899 de
638 1867 803 1900 rerum
826 1859 1004 1898 eventu
1039 1848 1094 1897 in
1131 1863 1260 1896 nova
1293 1847 1409 1896 sede
1441 1846 1681 1910 capienda

556 1915 790 1978 Sibyllam
832 1913 1085 1962 consulere
1137 1926 1234 1959 non
1276 1910 1498 1974 ineptum
1544 1919 1674 1966 erat;

554 1995 760 2042 cumque
783 1977 866 2025 illa
884 1976 1135 2025 Anchisen
1152 1975 1205 2022 in
1225 1975 1396 2023 inseris
1417 1974 1674 2022 consulen-

554 2043 671 2090 dum
708 2057 814 2090 esse
849 2041 1047 2095 diceret,
1073 2053 1270 2087 necesse
1307 2047 1414 2087 erat
1443 2054 1678 2101 responso

553 2108 900 2180 obtemperare.
973 2102 1478 2151 Animadvertendum
1532 2118 1680 2166 porro

554 2179 642 2228 est,
666 2185 880 2233 primum
897 2167 1070 2216 AEneae
1085 2167 1148 2214 ad
1167 2166 1361 2214 Italiam
1377 2166 1565 2215 aditum
1584 2167 1675 2214 hac

551 2233 830 2282 narratione
884 2230 1150 2293 majestatis
1193 2229 1432 2292 religiosae
1483 2230 1583 2278 vim
1626 2241 1678 2278 et

550 2297 786 2345 bonorem
843 2295 1090 2358 accipere3
1177 2309 1268 2342 nec
1335 2293 1550 2342 alienum
1614 2295 1676 2343 ab

551 2360 777 2409 AEneidis
796 2369 1082 2424 argumento
1099 2357 1398 2422 posteritatis
1419 2373 1674 2408 recensum

549 2423 718 2474 haberi
755 2440 913 2489 posse,
953 2423 1181 2488 inprimis
1219 2438 1282 2472 ex
1322 2423 1670 2481 Romanorum,

552 2490 728 2554 quibus
761 2505 900 2538 suam
939 2488 1201 2537 AEneidem
1243 2487 1482 2536 condebat
1548 2496 1672 2546 oeta,

550 2554 728 2603 animis
749 2564 800 2602 et
813 2553 1025 2616 judiciis.
1085 2552 1226 2601 Vidit
1244 2561 1482 2616 praeterea

548 2618 657 2678 lius,
680 2635 771 2683 pro
791 2618 1020 2666 heroibus
1042 2633 1162 2680 quos
1188 2617 1436 2664 Homerus
1457 2631 1669 2664 comme-

549 2693 720 2740 morat,
744 2698 797 2730 se
817 2681 1080 2730 Platonicis
1096 2681 1383 2729 commentis
1402 2680 1462 2727 de
1482 2679 1667 2728 anima-

547 2749 653 2805 bus,
675 2747 936 2808 'antequam
970 2746 1098 2794 hanc
1127 2745 1278 2793 vitam
1301 2744 1535 2806 ingressae
1555 2743 1669 2802 sint,

547 2812 600 2860 in
643 2811 739 2860 alio
793 2811 900 2858 loco
954 2809 1256 2873 degentibus,
1301 2808 1553 2856 commode
1598 2808 1670 2856 uti

547 2939 752 2988 carmini
785 2939 1043 2987 intexeret.
1103 2937 1164 2985 ln
1197 2938 1290 2986 boc
1313 2936 1460 2984 etiam
1483 2937 1671 3010 ingenii

547 3003 625 3051 sui
648 3003 927 3050 felicitatem
945 3000 1222 3057 declaravit,
1243 3000 1385 3062 quod,
1405 3016 1516 3048 cum
1538 3015 1589 3047 in
1613 3016 1672 3048 eo

545 3083 651 3116 aevo
668 3067 856 3114 viveret
875 3081 972 3127 quo
984 3065 1188 3112 Groeciae
1200 3064 1418 3112 doctrina
1437 3063 1558 3112 satis
1568 3067 1671 3127 iam

546 3131 743 3193 vulg-ata
785 3138 904 3186 erat,
947 3141 1046 3176 non
1086 3128 1139 3175 in
1177 3127 1352 3176 fabulis
1393 3128 1673 3177 Homericae

545 3193 702 3243 etatis
736 3191 1002 3254 acquievit;
1039 3191 1126 3240 sed
1158 3207 1338 3240 novum
1361 3191 1462 3240 fere
1483 3193 1667 3256 necyia!

545 3267 784 3314 ornatum,
824 3272 1031 3320 eumque
1076 3255 1324 3314 eximium,
1363 3256 1581 3319 paravit;
1618 3267 1669 3305 et

547 3322 640 3371 hoc
691 3321 744 3369 in
781 3320 918 3369 rimis
973 3329 1261 3368 consecutus
1311 3331 1400 3379 est,
1458 3329 1514 3368 ut
1568 3337 1667 3368 non

544 3386 704 3444 modo,
805 3384 956 3433 omeri
1001 3383 1240 3448 exemplo,
1287 3399 1370 3432 eos
1413 3384 1497 3446 qui
1554 3393 1667 3432 ante

545 3451 756 3500 AEneam
806 3449 1054 3508 obiissent,
1111 3463 1281 3496 verum
1330 3448 1667 3512 posteritatem

546 3531 737 3578 quoque
759 3514 812 3563 in
835 3513 1097 3562 AEneidem
1117 3511 1312 3570 inferre,
1337 3512 1505 3574 reique
1523 3512 1663 3562 novi-

545 3590 658 3639 tate,
707 3589 1046 3642 tantorumque
1102 3577 1316 3626 virorum
1371 3576 1667 3634 nominibus,

541 3645 880 3693 auctoritatem
901 3642 1106 3692 carmini
1141 3651 1192 3690 et
1219 3641 1510 3690 suavitatem
1532 3657 1663 3689 com-

543 3724 714 3773 parare
736 3720 916 3772 posset.

612 3776 652 3821 1.
677 3772 760 3822 Ὦς
776 3769 1196 3834 φάτοδακρυχέων
1207 3770 1541 3820 Homericum.
1560 3770 1663 3817 No-

540 3853 657 3889 vum
695 3836 885 3884 clavum
923 3835 968 3882 ei
1009 3850 1154 3897 quem
1198 3835 1457 3883 Palinurus
1500 3849 1667 3882 secum

541 3901 774 3952 avellet-at
811 3901 940 3962 (sup.
978 3913 1023 3957 v,
1057 3901 1165 3956 858,
1201 3897 1320 3959 859)
1350 3898 1667 3946 substitutum

539 3967 705 4023 fixisse,
731 3981 828 4012 non
862 3962 1206 4011 dubitandum:
1245 3962 1330 4010 sed
1351 3963 1444 4010 hoc
1465 3977 1565 4009 non
1590 3971 1665 4010 est

542 4035 682 4080 classi
704 4032 890 4078 immisit
912 4031 1110 4075 habenas
1125 4046 1142 4080 ,-
1167 4041 1334 4075 verum
1359 4025 1661 4089 simpliciter,

540 4103 748 4157 excepto
770 4093 890 4142 velis
912 4090 1142 4156 expansis
1175 4101 1334 4146 vento,
1357 4105 1555 4138 cursum
1580 4106 1660 4138 ur-

541 4161 688 4222 gebat
720 4158 888 4206 classis
931 4167 981 4204 et
1019 4170 1193 4204 navem
1227 4155 1426 4217 regebat
1461 4155 1661 4212 AEneas,

541 4223 624 4285 qui
647 4223 700 4269 in
724 4221 942 4269 Palinuri
963 4221 1124 4269 locum
1159 4228 1471 4268 successerat.
1532 4220 1663 4267 Nota

541 4287 824 4348 metaphora
858 4287 920 4332 ab
951 4285 1280 4348 aurigatione3
1316 4299 1461 4347 quam
1482 4299 1589 4348 sup.
1614 4299 1659 4342 v,

542 4353 638 4398 662
652 4349 712 4395 de
727 4348 919 4396 flamma
927 4347 1137 4397 vidimus
1151 4367 1162 4396 ε
1172 4347 1300 4410 furit
1314 4352 1527 4398 immissis
1547 4350 1659 4396 Val-

540 4429 680 4463 canus
701 4415 901 4459 habenis.

1810 1655 1855 1702 2.
1892 1657 2109 1703 Euboicis
2128 1657 2370 1703 Cumarum
2383 1658 2489 1703 oris.
2548 1655 2658 1704 Liv.
2674 1655 2776 1715 viii,
2791 1657 2866 1714 22,

1746 1721 1940 1767 Gummi
1958 1722 2017 1767 ab
2043 1722 2259 1766 Chalcide
2277 1722 2481 1768 Euboica
2509 1724 2733 1784 originem
2768 1729 2863 1768 tra-

1743 1786 1870 1830 hunt.
1928 1783 2043 1831 vid.
2076 1783 2269 1832 Cluver.
2314 1783 2423 1832 Ital.
2453 1793 2554 1831 ant.
2594 1784 2679 1832 lib.
2712 1784 2777 1843 iv,
2814 1801 2862 1848 p.

1748 1848 1887 1894 1102.
1934 1847 2103 1895 Habet
2123 1863 2205 1896 res
2224 1846 2547 1904 difficultates,
2568 1865 2678 1911 quoe
2703 1859 2863 1898 tamen

1742 1912 1805 1959 ad
1822 1919 1981 1975 poetae
1995 1910 2255 1959 lectionem
2272 1911 2397 1960 nibil
2416 1911 2617 1960 faciunt.
2673 1913 2720 1961 A
2742 1912 2861 1961 seri-

1742 1975 2865 2088 {zitzssz‘zssffl‘z‘fflfflsssszzffiffffi

1742 2102 1951 2152 retraxit
1974 2101 2225 2166 Virgilius.

1806 2170 1853 2225 3,
1874 2170 1921 2214 4.
1956 2169 2108 2216 Dente
2129 2170 2277 2214 tenaci
2293 2186 2310 2215 .·
2332 2182 2439 2230 sup.
2464 2166 2495 2224 i,
2526 2167 2635 2226 169,
2652 2185 2762 2218 aneo
2776 2185 2859 2216 m

1739 2235 1907 2294 alligat
1944 2234 2143 2280 anchora
2176 2247 2339 2278 morsa.
2402 2233 2651 2280 fundabat
2690 2232 2853 2296 exqui-

1739 2294 1881 2344 sitius
1902 2311 2062 2358 quam,
2082 2296 2317 2353 firmabat,
2342 2296 2552 2342 tenebat.

1805 2361 1947 2408 6—8.
1984 2359 2173 2406 Similia
2190 2359 2303 2406 AEn.
2332 2359 2365 2416 i,
2388 2359 2481 2409 174
2502 2375 2572 2422 sq.
2600 2367 2653 2407 et
2674 2362 2789 2408 Geo.
2824 2359 2857 2416 i,

1742 2425 1848 2472 135.
1916 2421 2112 2486 Σπέρμα
2132 2423 2319 2484 φλογὸς
2336 2438 2414 2486 ap.
2441 2423 2647 2472 Homer.
2675 2434 2851 2473 notum.

1737 2489 1859 2536 Pars
1882 2491 2023 2537 densa
2031 2487 2246 2550 serarum
2273 2489 2413 2536 Tecta
2433 2492 2563 2550 rapit
2581 2491 2725 2537 silom
2740 2508 2756 2536 :
2778 2505 2853 2536 ra—

1736 2625 1793 2663 ut
1812 2616 1890 2663 vel
1912 2616 2097 2664 fontem
2119 2632 2256 2678 aquae
2286 2617 2597 2679 investigent,
2623 2617 2703 2664 vel
2732 2617 2849 2664 sera—

1736 2696 1845 2728 rum
1877 2680 2093 2744 praedam
2126 2679 2187 2728 ad
2222 2679 2390 2744 epulas
2436 2678 2711 2743 exquirant.
2777 2680 2853 2727 Sic

1734 2761 1941 2806 eampum
1958 2761 2121 2806 rapere
2138 2743 2319 2792 dicitur
2330 2759 2497 2807 equus,
2512 2753 2565 2792 et
2579 2761 2763 2806 equom
2776 2761 2851 2792 ra-

1728 2826 1841 2871 pere
1860 2809 2014 2858 navis.

547 2892 704 2939 posse,
727 2884 783 2923 ut
805 2875 977 2924 AEneoe
1004 2883 1227 2938 posteros
1249 2883 1300 2920 et
1321 2888 1399 2920 res
1423 2873 1673 2922 Romanas
1728 2913 1743 2928 ,

1802 2875 1978 2922 9-12,
2029 2873 2113 2922 Ad
2149 2873 2385 2938 templum
2428 2871 2693 2935 Apollinis,
2732 2871 2856 2935 quod

1736 2937 2127 3000 antiquissimum
2150 2937 2242 2985 fuit
2267 2936 2331 2985 ad
2359 2937 2553 2994 Cumas,
2578 2935 2737 2984 monti
2764 2936 2851 2984 im·

1735 3001 2123 3114 ξ’ἕέὲέῗᾞὲἒ
2150 3003 2405 3113 ἳ-Ἐέῗῗέἒ
2416 2999 2653 3128 ιῗὲἔῖὲῖ
2663 3011 2855 3113 2⁰:¹1?

1737 3129 2037 3192 tiquissimis,
2074 3127 2262 3178 Daedali
2302 3128 2423 3176 illud
2465 3144 2494 3176 ο
2530 3143 2588 3176 us
2634 3127 2855 3178 habitum

1734 3194 1802 3256 (v.
1828 3196 1887 3242 14
1910 3209 2009 3256 sqq.
2019 3193 2054 3254 ),
2070 3201 2323 3255 statuaque
2340 3192 2419 3240 dei
2440 3208 2497 3240 co
2517 3207 2659 3240 ossea
2680 3193 2853 3242 nobili-

1733 3267 1899 3306 tatum.
1956 3257 2016 3305 In
2034 3272 2237 3305 ascensu
2256 3256 2318 3304 ad
2336 3256 2571 3321 templum
2594 3258 2725 3304 lucus
2748 3259 2853 3305 Τή-

1731 3326 1817 3370 m'ae
1834 3321 1926 3370 fuit
1944 3321 2013 3384 (v.
2045 3321 2128 3382 13)
2152 3320 2205 3368 in
2227 3337 2323 3384 quo
2341 3321 2449 3384 ipso
2472 3319 2713 3383 templum
2735 3319 2854 3369 illud

1732 3385 1978 3497 ,apollinis
2002 3385 2197 3434 videtur
2222 3385 2372 3434 fuisse
2400 3383 2667 3432 conditum.

1801 3465 1916 3497 neas
1950 3449 2029 3497 hic
2060 3459 2291 3507 moratur,
2316 3447 2544 3498 arcessita
2570 3447 2633 3496 ab
2670 3449 2854 3498 Achate

1734 3513 1991 3577 Deiphobe
2030 3513 2101 3574 (v.
2140 3513 2227 3574 35)
2274 3516 2468 3561 Teucros
2505 3519 2637 3560 vocat
2672 3517 2723 3560 ιἰι
2756 3517 2853 3561 aleo

1734 3581 1901 3639 templa
1925 3577 1996 3639 (v.
2029 3577 2133 3638 41),
2160 3576 2355 3640 Sibynoe
2382 3587 2591 3634 antrum,
2614 3579 2850 3636 μαντεῖον.

1735 3641 1850 3690 Huc
1873 3641 2061 3690 accedit
2086 3657 2149 3688 ex
2181 3641 2365 3688 Heleni
2396 3639 2489 3702 (iii,
2514 3641 2606 3688 441
2641 3641 2774 3703 sqq.)
2804 3650 2856 3689 et

1730 3707 1917 3755 umbroe
1936 3705 2166 3754 Anchisae
2195 3706 2398 3763 monitu,
2422 3721 2467 3762 v,
2493 3703 2583 3754 781
2616 3719 2721 3768 sqq.
2757 3708 2851 3753 Ar-

1732 3787 1805 3820 ca
1820 3790 1836 3818 .·
1860 3781 1965 3818 erat
1981 3769 2217 3833 templum
2230 3769 2284 3817 in
2300 3769 2539 3817 montium
2550 3769 2713 3831 jugisz
2738 3768 2852 3818 hinc

1732 3837 1896 3896 Apollo
1916 3837 2053 3882 altus.
2107 3834 2259 3882 Porro
2282 3837 2461 3896 Sibylla
2482 3835 2724 3891 horrenda,
2749 3833 2851 3898 epi-

1735 3901 1869 3948 theto
1890 3898 2148 3954 translat03
2172 3907 2313 3946 erant
2332 3905 2507 3946 secreta
2526 3897 2597 3958 (b.
2622 3911 2666 3945 e.
2690 3913 2849 3946 secre-

1730 3965 1857 4024 tum)
1876 3962 2143 4011 horrenda:
2169 3962 2227 4009 cf.
2252 3961 2335 4018 vii,
2370 3961 2475 4012 172.
2510 3963 2713 4009 Mentem
2748 3966 2849 4010 mi-

1727 4044 1931 4089 mumque
1971 4026 2239 4074 Homerico
2274 4041 2408 4074 more
2440 4024 2565 4074 κατὰ
2589 4023 2745 4088 φρένα
2774 4026 2851 4075 καὶ

1728 4092 1853 4141 κατὰ
1868 4089 2023 4152 θυμόν.
2076 4093 2287 4153 Inspirat
2310 4107 2519 4154 magnam
2540 4099 2749 4149 mentem,
2768 4107 2852 4140 seu

1728 4156 1856 4204 indit
1888 4167 2103 4204 mentem
2152 4155 2293 4203 valde
2340 4163 2646 4212 commotam,
2690 4156 2849 4204 ἐνθου-

1728 4224 1920 4278 σιῶσαν,
1944 4229 2001 4268 ut
2022 4224 2251 4282 inspirare
2274 4236 2482 4276 amorem,
2506 4222 2657 4282 iguem
2678 4219 2795 4267 AEn.
2818 4219 2849 4277 i,

1728 4285 1850 4339 688;
1886 4286 1990 4333 sive
2012 4285 2145 4333 afflat
2180 4287 2283 4346 ejus
2316 4293 2545 4340 mentem,
2570 4293 2751 4340 movet,
2776 4283 2847 4332 in-

1726 4349 1845 4397 citat
1866 4349 2057 4397 furore:
2094 4359 2145 4397 et
2164 4349 2256 4396 hoc
2277 4347 2467 4396 melius.

1797 4416 1869 4460 13.
1910 4413 2013 4461 Iter
2042 4413 2103 4460 ad
2134 4411 2381 4476 Apollinis
2414 4411 2651 4476 templum
2686 4413 2847 4472 (auree

1553 2551 1670 2614 irgi-
1732 2557 1807 2614 pit
1830 2567 1991 2611 cursu,
2014 2551 2185 2616 rapido
2206 2567 2353 2600 cursu
2372 2551 2676 2626 perlustrant
2700 2552 2853 2610 silvas,
2948 2557 2955 2568 '
