3050 4934
443 181 566 246 134

1256 171 1924 242 GEORGICON

478 347 518 410 7
523 347 563 410 5
607 346 933 411 Continuo
963 345 1218 428 pecoris
1247 343 1553 427 generosi
1581 339 1796 425 pullus
1826 340 1893 404 in
1922 340 2093 403 arvis

612 445 830 511 Altius
861 445 1248 530 ingreditur,
1279 455 1350 509 et
1377 442 1594 510 mollia
1622 463 1817 507 crura
1844 441 2138 525 reponit:

611 547 869 611 Primus
899 557 969 611 et
995 547 1090 609 ire
1121 547 1310 622 viam,
1339 556 1410 609 et
1437 543 1670 610 fluvios
1700 551 1954 606 tentare
1982 541 2266 605 minaces

611 649 864 725 Audet,
895 660 964 712 et
991 648 1216 731 ignoto
1245 669 1392 711 sese
1423 644 1822 710 committere
1850 643 2073 726 ponti3

611 749 758 813 Nec
789 771 988 812 vanos
1018 746 1246 812 horret
1273 748 1609 830 strepitus·
1688 743 1791 808 Iui
1818 743 2027 809 ardua
2053 743 2296 818 cervix,

490 851 576 914 80
619 848 1079 934 Argutumque
1109 859 1331 933 caput,
1358 848 1575 912 brevis
1605 845 1812 922 ulvae,
1843 846 2175 928 obesaque
2203 853 2423 926 terga3

617 951 1070 1034 Luxuriatque
1100 950 1260 1012 toris
1287 949 1647 1012 animosum
1676 956 1930 1031 pectus.
2007 944 2293 1010 Honesti

624 1051 966 1135 SpadiceS,
995 1049 1374 1134 glaucique3
1421 1046 1601 1112 color
1630 1048 2019 1111 deterrimus
2050 1045 2237 1122 albis,

620 1151 714 1217 Et
742 1151 936 1234 gilvo.
1013 1150 1213 1227 Tum,
1245 1150 1300 1214 si
1328 1173 1461 1233 qua
1489 1171 1719 1212 sonum
1748 1147 1979 1231 procul
2008 1170 2187 1211 arma
2214 1145 2481 1222 dedere,

623 1253 814 1317 Stare
845 1251 990 1316 loco
1017 1251 1260 1328 nescit3
1306 1250 1500 1314 micat
1527 1249 1821 1325 auribu8‚
1852 1259 1921 1312 et
1950 1249 2167 1312 tremit
2196 1257 2415 1324 artus3

494 1354 580 1420 85
625 1352 1114 1436 collectumque
1143 1373 1443 1436 premens
1475 1349 1673 1414 volvit
1702 1350 1827 1414 sub
1854 1349 2121 1413 naribus
2152 1349 2386 1432 ignem.

625 1455 858 1519 Densa
876 1454 1078 1538 juba3
1123 1462 1192 1517 et
1222 1453 1460 1517 dextro
1481 1452 1731 1535 jactata
1759 1451 2079 1516 recumbit
2106 1451 2172 1513 in
2200 1470 2415 1514 armo:

623 1556 720 1619 At
751 1553 1000 1638 duplex
1029 1540 1246 1636 agitur
1272 1575 1394 1637 per
1422 1552 1679 1618 lumbos
1712 1552 1937 1635 spina3
1983 1561 2296 1635 cavatque

525 1768 603 1826 75.
646 1766 724 1818 ⁷6.
779 1770 1015 1824 Continuo,
1055 1765 1229 1829 primo.
1308 1764 1388 1814 De
1427 1765 1583 1814 forma

449 1835 542 1882 hac
565 1831 626 1880 cf.
651 1833 772 1879 Geo.
796 1830 830 1888 i,
855 1831 962 1878 169.
1020 1832 1181 1887 Pecu-5,
1205 1829 1253 1876 h.
1275 1829 1305 1876 l.
1331 1829 1580 1892 equinum,

453 1913 499 1944 v.
527 1896 603 1947 72.
655 1897 815 1943 Altius
843 1896 1116 1956 ingreditur,
1155 1893 1313 1940 Varro
1334 1891 1366 1939 1.
1390 1891 1421 1940 l.
1461 1895 1579 1940 Cra-

450 1963 582 2008 ribm
603 1962 742 2006 rectis
775 1964 825 2005 et
847 1958 1113 2018 aeqaalibm.
1181 1956 1370 2003 Colum.
1401 1955 1464 2012 vi,
1502 1957 1581 2012 29,

453 2025 706 2086 ‘equalibus
745 2029 881 2081 atque
925 2023 1037 2066 altis
1076 2022 1299 2080 rectisque
1340 2022 1553 2066 cruribus
1566 2037 1584 2072 ,-

458 2103 549 2134 nec
583 2085 644 2133 ad
678 2083 906 2146 spiritum
941 2091 990 2130 et
1027 2081 1306 2145 superbiam
1345 2095 1476 2129 nunc
1505 2097 1583 2128 re-

456 2148 725 2198 ferendum.
793 2148 959 2193 Mollia
989 2161 1128 2193 crura
1165 2149 1357 2206 reponit,
1394 2145 1590 2209 poetica

457 2213 648 2262 ratione
668 2227 758 2275 pro
789 2209 1026 2263 molliter-3
1063 2209 1120 2256 fit
1147 2219 1311 2256 autem
1339 2209 1447 2266 hoc,
1471 2208 1589 2256 dum

458 2291 602 2326 crura
635 2285 686 2323 et
717 2275 823 2338 ipsa
859 2285 974 2322 nunt
1008 2272 1186 2330 mollia,
1220 2273 1268 2320 h.
1305 2288 1413 2335 quae
1447 2271 1590 2320 facile

459 2340 590 2390 flecti
621 2349 672 2387 et
703 2337 948 2386 incurvari
981 2336 1184 2402 possint.
1251 2337 1397 2393 Quod
1431 2337 1476 2384 si
1509 2352 1591 2385 ars

463 2402 737 2460 accesserit,
784 2411 890 2450 tum
932 2405 1088 2450 sinuat
1140 2404 1322 2450 alterna
1365 2405 1591 2449 volumina

463 2485 663 2525 crurum,
695 2483 740 2514 v.
779 2467 885 2514 192.
954 2466 1034 2514 Ab
1063 2465 1229 2514 Ennio
1259 2475 1473 2514 sumtum
1503 2466 1590 2513 he-

465 2531 782 2589 mistichium,
803 2539 849 2578 et
866 2532 1020 2578 mollia
1038 2547 1176 2578 crura
1194 2533 1384 2591 reponit,
1405 2529 1597 2578 notavit

467 2597 682 2644 Servius.
751 2596 923 2643 Πῶλον
957 2595 1109 2655 ὑγρῶς
1144 2591 1378 2654 κάμπτειν
1409 2593 1473 2642 τὰ
1503 2591 1590 2654 ’γό-

463 2678 586 2709 νατα
618 2657 746 2706 dixit
777 2658 1004 2732 Xenoph.
1037 2657 1098 2705 de
1132 2672 1186 2706 re
1219 2657 1446 2721 equestri,
1481 2674 1521 2705 c.
1557 2656 1591 2715 i,

465 2725 511 2772 6.
573 2722 802 2773 Imitatur
837 2721 987 2770 Silius
1023 2721 1122 2779 xvi,
1161 2723 1272 2780 444,
1311 2730 1406 2770 tum
1440 2723 1595 2770 mollia

463 2804 604 2835 crura
634 2788 821 2848 superbi
855 2788 1086 2834 Attollens
1113 2802 1313 2848 gressus.
1381 2787 1595 2835 Versum

465 2851 614 2900 etiarn
659 2850 712 2898 in
757 2849 920 2899 animo
955 2849 1130 2898 habuit
1167 2851 1369 2899 Gratius
1407 2851 1591 2914 Cyneg.

469 2917 580 2971 503,
605 2916 755 2962 ardua
764 2912 939 2976 fimdet
959 2917 1009 2961 in
1031 2931 1171 2962 auras
1195 2917 1358 2962 Crura.

534 2980 612 3027 80.
649 2981 882 3042 Argutum
903 2985 1055 3040 caput.
1119 2980 1171 3025 Si
1191 2985 1330 3040 caput
1351 2981 1488 3026 habet
1510 2995 1597 3026 mm

468 3060 683 3106 magnam
716 3043 875 3090 Varro
896 3043 957 3090 R.
991 3041 1052 3088 R..
1085 3040 1135 3100 ii,
1162 3040 1206 3099 7,
1241 3043 1348 3101 §53
1384 3046 1597 3105 exiguum

470 3114 610 3168 caput
646 3105 834 3154 Colum.
869 3105 932 3163 vi,
967 3107 1044 3164 29,
1071 3107 1128 3161 23
1166 3109 1296 3154 breve
1334 3107 1458 3154 Hor.
1495 3107 1596 3154 Sat.

468 3171 501 3229 i,
541 3172 586 3227 2,
627 3171 706 3218 89.
777 3169 912 3232 Ergo
956 3169 1092 3218 notio
1128 3170 1297 3218 subest
1329 3170 1599 3218 venustatis

470 3233 677 3296 alicujus
715 3249 828 3281 cum
872 3233 1109 3281 brevitate
1148 3243 1200 3282 et
1232 3233 1507 3289 alacritate;
1557 3234 1601 3282 si

473 3299 536 3347 ad
567 3297 784 3346 animum
818 3297 1120 3355 transfertur,
1155 3296 1421 3360 ingeniosae
1446 3297 1601 3346 subti-

473 3361 626 3411 litatis
650 3371 701 3410 et
733 3359 982 3410 acuminis.
1052 3363 1217 3410 Brevis
1237 3364 1380 3420 alvus,
1404 3361 1451 3408 h.
1481 3359 1600 3409 ven-

477 3435 553 3476 ter
575 3424 878 3475 substrictus.
925 3425 1084 3475 Varro
1105 3424 1221 3474 ibid.
1245 3434 1400 3474 ventre
1418 3429 1603 3484 modico,

476 3494 640 3540 lumbis
679 3494 884 3538 deorsum
919 3505 1092 3538 versam
1123 3493 1313 3552 pressis.
1390 3491 1457 3538 Et
1498 3491 1603 3538 Ne-

475 3555 676 3604 mesisn.
714 3555 824 3612 244,
850 3557 1227 3618 Immodicumque
1256 3557 1392 3614 latus,
1419 3571 1602 3619 parvae-

477 3637 560 3682 qae
583 3622 843 3682 ingentibus
865 3622 974 3668 alvi.

542 3686 619 3731 81.
655 3685 890 3731 Luxuriat
922 3686 1034 3730 toris
1052 3687 1300 3731 animosum
1324 3693 1499 3745 peetus,
1525 3699 1603 3732 or-

478 3757 593 3796 nate
616 3763 719 3811 pro,
743 3761 916 3810 pectus
947 3755 1023 3794 est
1057 3754 1272 3795 torosum
1303 3756 1354 3795 et
1385 3748 1607 3796 eminens

478 3811 656 3876 pulpis,
681 3819 738 3860 ut
756 3811 892 3859 Serv.
919 3807 1001 3868 ait,
1019 3810 1066 3857 h.
1094 3813 1236 3857 latum
1259 3829 1314 3858 ao
1331 3813 1531 3872 plenum,
1553 3820 1609 3859 ut

478 3875 692 3924 Varroni
717 3874 832 3924 ibid.
871 3873 1060 3922 Colum.
1082 3885 1260 3931 autem,
1287 3877 1380 3923 lato
1408 3883 1456 3923 et
1484 3893 1605 3922 mus-

478 3941 679 3988 culorum
725 3942 839 3988 toris
877 3955 1107 3987 numeroso
1139 3946 1336 4000 pectore.
1423 3939 1607 3987 Pauad.

471 4010 635 4064 pectus
674 4005 766 4051 late
812 4011 992 4066 patens.
1077 4003 1338 4051 Laxat-iuri
1387 4019 1504 4052 vero
1546 4019 1609 4051 ex

481 4081 616 4116 more
640 4066 702 4114 de
723 4067 989 4117 laetioribus
1011 4065 1341 4115 incrementis.

557 4133 634 4178 82.
690 4131 828 4180 Inter
871 4131 1100 4196 pulchros
1145 4147 1380 4195 equorum
1425 4131 1611 4180 colores

479 4194 633 4242 refert
670 4199 900 4256 spodio-em
929 4199 1243 4258 glaucumque.
1319 4197 1611 4258 Quanquam

481 4258 543 4307 de
573 4258 790 4306 colorum
823 4259 953 4322 apud
979 4268 1169 4308 veteres
1200 4260 1480 4308 nominibus
1512 4259 1606 4308 dif-

484 4320 626 4372 ficilis
659 4330 734 4372 est
764 4321 1046 4385 disputatio,
1072 4340 1135 4372 cx
1166 4325 1274 4374 loco
1297 4335 1461 4374 tamen
1483 4325 1607 4373 clas-

1646 1763 1749 1812 sico
1768 1762 1918 1812 Gellii
1950 1763 2003 1821 ii,
2029 1764 2106 1822 26,
2130 1764 2249 1814 satis
2276 1773 2495 1875 apparet,
2518 1779 2629 1812 esse
2658 1780 2771 1828 spa-

1647 1827 1819 1883 dicem,
1845 1842 1874 1874 a
1903 1827 2099 1890 spadice
2134 1828 2297 1892 palma
2365 1829 2531 1887 ictum,
2568 1843 2633 1876 ex
2666 1829 2778 1876 rufo

1646 1905 1841 1952 genere,
1884 1900 1935 1936 et
1972 1892 2233 1939 convenire
2270 1907 2383 1941 cum
2426 1901 2599 1939 nostro
2638 1893 2779 1940 fusco

1647 1954 1808 2001 colore
1831 1969 1861 2001 a
1880 1965 2108 2002 castanea
2123 1955 2388 2018 appellato:
2414 1955 2467 2002 in
2488 1956 2629 2017 equis
2642 1956 2780 2004 color

1653 2021 1829 2074 badius,
1858 2021 1949 2074 bai,
1976 2021 2077 2065 baio
2101 2020 2155 2080 (a
2175 2018 2297 2075 βαῒς,
2321 2017 2462 2072 Batou
2482 2034 2648 2066 ramus
2667 2019 2776 2082 pal-

1652 2080 1785 2140 mae).
1866 2083 1991 2128 Nam
2026 2085 2300 2142 phoenioeus,
2346 2099 2475 2144 quem
2520 2091 2571 2129 tu
2616 2085 2779 2130 Graeee

1652 2143 1842 2206 φοίνικα
1871 2147 2049 2202 dixisti,
2082 2153 2130 2194 et
2162 2149 2332 2194 rutilus
2362 2155 2409 2194 et
2438 2149 2619 2207 spadix,
2641 2150 2779 2208 phoe-

1654 2211 1773 2256 πίοσί
1809 2207 2088 2268 συνώνυμος,
2128 2213 2207 2270 qui
2230 2207 2395 2270 saetas
2430 2213 2589 2258 Graece
2626 2219 2783 2258 noster

1655 2279 1738 2329 est,
1763 2274 2106 2320 exuberantiam
2134 2276 2499 2336 splendoremque
2519 2277 2783 2337 significant

1655 2339 1835 2384 ruboris
1849 2353 1867 2390 ,-
1898 2339 2054 2396 quales
2073 2335 2380 2400 suntsructus
2394 2341 2562 2400 palmae
2584 2342 2784 2396 arboris,

1655 2417 1743 2448 non
1770 2402 2010 2448 admodum
2040 2403 2131 2449 sole
2166 2405 2343 2460 incocti,
2378 2406 2495 2451 ande
2525 2406 2706 2464 spadici
2738 2412 2787 2452 et

1651 2467 1885 2526 phoeniceo
1914 2481 2071 2512 nomen
2100 2473 2181 2513 est.
2250 2469 2453 2528 §podica
2476 2471 2595 2514 enim
2618 2470 2789 2516 Dorici

1657 2535 1819 2577 vocant
1834 2531 2038 2576 avulsum
2054 2546 2079 2578 e
2091 2533 2249 2591 palma
2266 2535 2487 2579 termitem
2500 2529 2791 2594 εποίησεν.

1658 2593 1691 2641 J
1693 2607 1771 2640 am
1800 2595 1995 2655 glaucus
2017 2592 2241 2657 proxime
2262 2596 2325 2643 ad
2352 2595 2613 2644 caeruleum
2644 2611 2787 2644 acce-

1658 2656 1744 2704 dit.
1812 2658 1983 2705 Album
2016 2657 2231 2706 colorem
2267 2659 2348 2708 hic
2382 2659 2632 2722 pallidum,
2670 2669 2723 2708 et
2758 2676 2791 2708 a

1658 2723 1867 2780 candido,
1909 2721 2112 2780 nitente,
2154 2739 2299 2785 quem
2342 2723 2447 2798 ipse
2491 2723 2607 2772 alibi
2650 2740 2787 2772 com-

1659 2785 1872 2844 mendat,
1914 2787 2028 2834 AEn.
2073 2786 2159 2845 xii,
2202 2789 2279 2846 84,
2319 2787 2565 2836 diversum
2603 2803 2793 2852 ponere

1658 2850 1833 2915 potuit,
1872 2850 1965 2898 etsi
2000 2851 2121 2900 alias
2156 2861 2416 2916 utrumque
2455 2868 2633 2900 nomen
2668 2869 2788 2918 pro-

1660 2913 1844 2962 miscue
1867 2914 2098 2964 adhibere
2124 2916 2291 2964 soleat.
2351 2918 2520 2966 Potest
2549 2927 2715 2965 tamen
2740 2927 2797 2966 et

1659 2977 1746 3027 illa
1765 2977 1891 3027 ratio
1918 2979 2129 3044 probari,
2155 2989 2211 3028 ut
2238 2983 2407 3029 candor
2437 2981 2489 3029 in
2518 2980 2655 3043 equis
2680 2981 2791 3044 qui-

1662 3042 1773 3090 dem
1797 3041 1905 3090 aliis
1937 3043 2127 3092 laudari
2160 3045 2386 3108 potuerit,
2416 3054 2468 3094 at
2498 3044 2551 3094 in
2586 3045 2710 3104 aliis,
2735 3056 2799 3095 ut

1662 3107 1716 3154 in
1739 3107 2037 3165 admissario,
2066 3109 2127 3156 de
2159 3123 2255 3170 quo
2284 3109 2365 3157 hic
2396 3109 2572 3172 agitur,
2607 3109 2793 3174 impro-

1664 3170 1783 3219 bari.
1853 3173 2013 3220 Gilvns
2035 3171 2245 3236 denique
2272 3171 2425 3222 flavus
2446 3173 2580 3223 color
2608 3173 2651 3222 is
2682 3189 2799 3224 esse

1666 3233 1872 3345 vidgtiuan
1906 3235 1991 3298 qui
2024 3235 2085 3284 ad
2118 3235 2280 3286 mellis
2319 3236 2531 3286 colorem
2563 3239 2793 3303 proxime

1669 3314 1752 3347 acc
1847 3308 1879 3346 t.

1736 3363 1941 3436 83—35.
1988 3363 2157 3427 Equus
2190 3365 2438 3415 animosus
2465 3374 2516 3414 et
2542 3366 2801 3440 pugnandi

1670 3425 1843 3474 ardore
1872 3441 2101 3476 incensus
2130 3433 2271 3478 micat
2295 3433 2486 3478 auribus
2500 3449 2518 3484 ‚-
2551 3445 2605 3479 m
2638 3430 2805 3479 soluta

1672 3489 1905 3548 oratione,
1940 3507 2083 3540 aures
2115 3493 2299 3542 micant
2328 3493 2381 3542 in
2413 3493 2588 3558 capite,
2622 3495 2800 3544 celeri-

1671 3563 1747 3603 ter
1782 3565 2054 3614 moventur,
2092 3557 2385 3620 arriguntur.
2462 3561 2625 3623 Agiles
2660 3576 2805 3608 aures

1672 3619 1953 3668 Nemesian-
1990 3621 2174 3684 Cyneg.
2215 3624 2323 3670 245.
2392 3623 2460 3671 Et
2492 3639 2597 3688 pro,
2633 3624 2805 3673 tremit

1673 3684 1887 3741 artubus,
1909 3700 1995 3734 seu
2019 3695 2153 3734 artus
2176 3695 2404 3746 tremunt,
2430 3686 2584 3752 magis
2606 3689 2803 3752 poetice

1672 3747 1859 3796 dictum
1882 3753 2036 3798 tremit
2056 3758 2201 3798 artus.
2247 3753 2406 3814 Ignem
2420 3752 2656 3827 praeclare
2673 3753 2805 3802 dixit

1672 3811 1899 3860 ardentes
1918 3813 2184 3870 anhelitum
2208 3824 2264 3862 ut
2281 3823 2333 3863 et
2350 3815 2432 3864 alin
2451 3825 2625 3880 poetae.
2662 3817 2803 3866 Hinc

1671 3877 1907 3924 Diomedis
1935 3895 1960 3925 o
1990 3881 2040 3925 ai
2072 3882 2303 3940 spirantes
2325 3883 2515 3928 nauibus
2547 3885 2699 3943 ignem
2721 3897 2800 3946 ap.

1674 3939 1868 3988 Lucret.
1896 3957 1941 3999 vs
1960 3895 2042 3990 39.
2096 3943 2295 3991 Fumant
2316 3947 2546 3992 humerius
2564 3947 2722 3992 calida
2744 3947 2803 3996 de

1672 4020 1784 4052 nare
1814 4021 2003 4066 vapores
2034 4005 2233 4056 Nemes.
2257 4009 2441 4071 Cyneg.
2468 4011 2576 4056 248.
2638 4009 2807 4058 Multo

1676 4068 1832 4184 mags
1854 4085 1933 4117 res
1955 4069 2008 4118 in
2030 4071 2216 4119 Graecis
2238 4070 2395 4130 obvia,
2418 4073 2511 4135 πῦρ
2530 4071 2790 4124 πνείοντες.

1806 4168 1817 4180 .
1854 4135 2039 4196 Duplex
2064 4139 2199 4196 spina
2223 4137 2284 4184 ab
2306 4137 2534 4185 omnibus
2556 4137 2809 4188 veteribus

1674 4195 1728 4244 in
1758 4198 1887 4245 bono
1917 4213 2042 4261 equo
2073 4199 2310 4248 laudatur.
2382 4201 2596 4249 Innuere
2627 4201 2804 4252 viden—

1678 4269 1756 4308 tur
1796 4260 1987 4324 spinam
2025 4263 2187 4322 latam,
2233 4280 2459 4324 crassam,
2502 4274 2559 4314 ut
2590 4266 2811 4316 maxime

1676 4339 1845 4373 versus
1888 4325 2057 4374 clunes
2110 4336 2343 4392 tanquam
2395 4345 2569 4380 cavum
2614 4329 2813 4382 sulcum
