3050 4934
1195 248 1540 315 LIBER
1585 252 1673 317 V.

2462 254 2594 318 373

438 393 561 459 Illa
588 394 805 459 Notos
837 404 1037 479 atque
1064 406 1209 461 atra
1235 398 1458 463 volans
1484 400 1552 463 in
1583 399 1806 463 nubila
1829 400 2020 482 fugit.

437 497 614 561 Tum
642 498 915 582 rapidus
936 499 1327 581 jamdudum
1357 522 1515 565 arcu
1545 513 1852 565 contenta
1879 512 2116 586 parato

441 597 609 663 Tela
638 608 893 675 tenens,
924 598 1194 664 fratrem
1225 600 1552 685 Eurytion
1579 604 1646 665 in
1675 612 1825 666 vota
1856 604 2130 678 vocavit,

265 700 397 764 515
440 698 591 764 Jam
621 720 829 763 vacuo
856 697 1071 763 laetam
1099 699 1267 765 coelo
1296 700 1672 785 speculatus
1695 728 1710 779 ;
1759 714 1828 767 et
1855 703 1974 766 alis

441 798 875 864 Plaudentem
902 800 1091 882 nigra
1118 800 1265 884 figit
1294 803 1420 865 sub
1450 803 1626 866 nube
1657 802 2040 868 columbam.

442 899 712 964 Decidit
741 900 1079 976 exanimis,
1111 901 1437 985 vitamque
1467 901 1728 986 reliquit
1756 903 1822 966 in
1851 905 2048 968 astris

441 998 790 1075 AEtheriis‚
820 999 1149 1084 fixamque
1180 1000 1385 1065 refert
1414 1000 1686 1086 delapsa
1717 1004 2040 1087 sagittam.

442 1098 707 1163 Amissa
738 1098 913 1164 solus
946 1098 1160 1183 palma
1196 1104 1557 1186 superabat
1582 1102 1902 1181 Acestes3

268 1200 401 1265 520
446 1198 583 1272 Qui
610 1208 826 1263 tamen
856 1202 1067 1264 aerias
1098 1199 1298 1265 telum
1326 1203 1663 1267 contendit
1687 1204 1756 1267 in
1782 1226 2001 1281 auras,

446 1300 809 1364 ostentans
836 1310 1174 1385 artemque
1204 1313 1393 1385 pater
1422 1325 1776 1388 arcumque
1808 1316 2168 1369 sonantem.

447 1400 579 1465 Hic
607 1398 811 1465 oculis
844 1402 1130 1465 subitum
1160 1403 1464 1487 objicitur
1492 1425 1858 1488 magnoque
1887 1405 2179 1471 futuru'm

445 1501 749 1586 Augurio
774 1514 1170 1580 monstrum3
1214 1504 1439 1568 docuit
1464 1515 1618 1587 post
1647 1506 1860 1569 exitus
1889 1507 2143 1589 ingemi,

445 1603 739 1687 Seraque
769 1601 1034 1667 terrifici
1064 1604 1439 1668 cecinerunt
1468 1606 1683 1669 omina
1710 1617 1913 1670 vates.

270 1706 402 1769 525
444 1703 750 1786 Namque
780 1701 1002 1767 volans
1032 1702 1295 1786 liquidis
1326 1705 1393 1768 in
1424 1706 1708 1770 nubibus
1739 1708 1900 1770 arsit
1927 1708 2203 1784 arunde,

445 1804 867 1888 Signavitque
896 1804 1064 1867 viam
1091 1804 1384 1882 flammis,
1416 1818 1778 1890 tenuesque
1809 1809 2079 1871 recessit

445 1904 803 1969 Consumta
832 1906 897 1968 in
926 1916 1191 1969 ventose
1238 1906 1405 1971 coelo
1434 1928 1558 1971 ceu
1587 1929 1764 1991 saepe
1791 1908 2002 1972 refixa

444 2003 939 2070 Transcurrunt
966 2007 1337 2090 crinemque
1366 2006 1650 2071 volantia
1681 2009 1898 2073 sidera
1927 2010 2196 2073 ducunt.

444 2104 766 2171 Attonitis
797 2105 1051 2171 haesere
1082 2108 1331 2183 animis,
1365 2128 1770 2192 superosque
1801 2110 2051 2193 precati

271 2206 405 2271 530
446 2205 771 2271 Trinacrii
799 2205 1175 2289 Teucrique
1206 2208 1359 2270 viri:
1407 2230 1527 2273 nec
1557 2232 1896 2274 maxumus
1925 2229 2114 2275 omen

446 2306 702 2371 Abnuit
732 2306 1025 2383 AEneas;
1072 2307 1189 2371 sed
1219 2307 1441 2371 laetum
1470 2309 1808 2392 amplexus
1839 2308 2131 2374 Acesten

274 2568 354 2617 99.
412 2568 710 2615 Miser-maus
742 2563 986 2629 exc-mos.
1040 2568 1197 2615 Nodos
1226 2575 1272 2614 et
1300 2569 1400 2614 m'n-
1429 2586 1440 2595 ·

273 2634 413 2680 culo.-
449 2630 546 2679 vid.
576 2630 717 2679 Iliad.
748 2634 798 2692 ψ,
824 2630 919 2677 865
941 2644 1013 2691 sq.

342 2696 453 2743 512.
504 2693 559 2743 Ἦ
591 2692 683 2754 μὲν
721 2692 867 2742 ἔπειτ’
902 2694 1002 2755 ἥῖξε
1039 2693 1154 2755 πρὸς
1193 2693 1402 2755 οὐρανὸν,

261 2757 400 2821 sugit
429 2761 479 2805 in
502 2760 647 2806 Notos
667 2765 715 2805 et
743 2760 917 2814 nubila,
961 2756 1006 2805 b.
1032 2772 1074 2806 e.
1099 2758 1151 2804 in
1174 2760 1331 2806 nubes
1353 2768 1404 2807 et

274 2822 455 2871 coelum
478 2820 700 2870 evolavit.
740 2821 867 2869 Mox
885 2820 979 2871 517
1002 2821 1161 2869 idem:
1194 2826 1243 2869 in
1262 2826 1405 2871 astris

272 2889 479 2935 otherii:
513 2884 759 2940 ornatius3
804 2893 855 2933 et
890 2901 936 2932 v.
974 2886 1085 2943 525,
1123 2888 1311 2946 liquidis
1354 2889 1404 2933 in

274 2953 489 3007 nubibus,
512 2950 561 2997 h.
582 2964 623 2997 e.
648 2964 775 2997 aere.

342 3016 453 3072 513,
478 3014 590 3061 514.
624 3014 851 3075 Rapidus,
878 3012 1027 3060 Hom.
1061 3011 1093 3059 l.
1129 3028 1171 3060 c.
1209 3028 1255 3060 v.
1290 3013 1401 3072 870,

274 3077 625 3140 Στερχόμενος,
656 3075 843 3141 rapide,
876 3074 1146 3125 confestim.
1208 3078 1268 3123 In
1300 3084 1404 3125 vota

272 3145 465 3191 vocavit.
514 3142 737 3189 Fratrem
760 3140 1039 3188 Pandarum
1062 3148 1291 3202 tanquam
1312 3140 1401 3189 he-

274 3220 427 3263 roem,
460 3204 715 3253 invocasse
746 3213 893 3267 puta3
936 3203 1065 3265 quod
1097 3203 1295 3266 gravius
1328 3214 1405 3252 est

274 3284 425 3333 quam
446 3268 488 3317 si
512 3270 617 3329 eJus
636 3267 973 3316 recordatione
988 3266 1206 3315 mimum
1223 3268 1400 3316 confir-

276 3342 473 3391 masset,
498 3341 584 3381 aut
605 3334 711 3393 ejus
736 3332 913 3381 Manes
928 3330 1217 3389 invocasset,
1236 3341 1293 3379 ut
1313 3331 1407 3380 sihi

314 3406 861 3509 ffifflnxmm
896 3466 1052 3507 artem
1086 3474 1227 3507 suam
1261 3460 1316 3507 in
1348 3474 1407 3507 eo

276 3524 507 3583 declarat,
530 3524 659 3589 quod
690 3522 973 3587 longissime
997 3523 1051 3570 in
1072 3522 1226 3571 altum
1248 3524 1409 3571 evolat

278 3588 471 3651 sagitta.
493 3592 743 3663 Artenque
756 3604 997 3649 arcumque
1010 3595 1407 3645 mauman-xus

280 3652 521 3701 tractandi
542 3650 784 3715 peritiam.
839 3653 1099 3699 Monstrum
1128 3668 1291 3714 magno
1320 3668 1405 3699 au-

274 3720 413 3779 gurio
430 3714 663 3777 ,summm-
717 3716 766 3763 N
769 3730 835 3762 on
862 3715 1023 3779 primo
1056 3714 1201 3763 satim
1236 3716 1409 3765 obtutu

280 3780 506 3837 occurrit,
522 3779 638 3842 quid
656 3780 853 3827 tandem
868 3786 1115 3827 monstrum
1131 3779 1238 3836 hoc,
1256 3778 1409 3827 mirus

279 3844 361 3892 hic
389 3858 545 3901 casus,
571 3843 863 3907 protendere
898 3842 1149 3899 debuerit3
1186 3852 1235 3891 et
1255 3846 1409 3891 docuit

282 3916 447 3955 tamen
468 3922 585 3956 mox
616 3910 767 3955 exitas
781 3926 801 3961 ,-
832 3922 939 3956 rem
966 3906 1133 3969 igitur,
1160 3922 1271 3968 quae
1294 3922 1408 3955 vere

280 3972 461 4028 evenit,
484 3980 599 4020 ante
620 3970 786 4019 oculos
801 3971 974 4020 habuit

278 4035 355 4083 vit
373 4036 505 4083 haud
520 4035 667 4084 dubie

280 4116 393 4147 cum
430 4099 621 4148 Siculis.
710 4114 745 4145 n
768 4099 937 4147 Sicilia
968 4099 1181 4148 Romani
1218 4099 1346 4147 bello
1378 4116 1407 4147 a

280 4163 767 4227 Carthaginiensibus
790 4173 841 4211 et
856 4162 1047 4221 Siculis,
1068 4162 1293 4227 inprimis
1315 4164 1404 4226 Sy-

280 4226 546 4285 racusanis,
583 4228 719 4275 suere
758 4228 927 4291 petiti3
963 4228 1051 4276 sed
1084 4228 1259 4275 horum
1292 4243 1410 4289 opes

282 4301 549 4341 consumtae
570 4292 699 4339 bello
720 4291 933 4357 acceptis
950 4290 1257 4365 cladibuaut
1278 4306 1408 4339 nunc

284 4356 461 4423 sagitta
481 4354 599 4419 igni.
658 4356 877 4415 Acestes,
903 4356 1085 4420 quippe
1120 4370 1203 4417 qui
1240 4356 1410 4404 urbem

1084 3980 1147 4019 ta.
1205 3972 1403 4034 Specta—

776 4044 825 4083 ta
840 4036 903 4083 ad
924 4037 987 4083 be
1006 4036 1053 4083 la
1075 4036 1407 4083 Romanorum

1471 2563 1652 2614 Siciliae
1705 2565 1957 2629 Segestam
2003 2574 2206 2625 teneret,
2263 2569 2362 2618 fata
2417 2569 2596 2619 Siciliae

1469 2645 1602 2678 nunc
1657 2629 1862 2705 augurio
1911 2630 2202 2679 denuntiare
2244 2642 2378 2681 recte
2417 2644 2592 2707 potest.

1468 2694 1614 2749 Quod
1646 2702 1824 2757 sagitta
1855 2694 2142 2753 exardescit,
2165 2696 2296 2744 haud
2320 2697 2468 2746 dubie
2489 2714 2592 2747 me-

1466 2758 1563 2806 lius
1585 2758 1646 2806 ad
1667 2767 1950 2823 portentum
1981 2766 2127 2822 poeta
2159 2760 2341 2817 retulit,
2367 2777 2511 2823 quam
2534 2777 2596 2810 ex

1470 2822 1784 2896 hyperbolica
1803 2821 2067 2870 celeritatis
2095 2822 2430 2886 desig-natione
2451 2841 2593 2901 repe-

1470 2884 1575 2941 tim
1602 2894 1657 2933 ut
1678 2886 1859 2935 factum
1879 2895 1955 2934 est
1975 2886 2026 2934 in
2047 2886 2223 2949 glande
2241 2888 2484 2951 plumbea,
2507 2890 2594 2938 inf.

1468 2948 1537 3007 ix,
1563 2950 1674 3007 588,
1693 2958 1854 2998 motus
1869 2949 2118 2999 celeritate
2141 2950 2414 3013 liquefacta.
2473 2953 2592 3001 Por-

1468 3022 1660 3061 tentum
1681 3024 1846 3061 autem
1881 3013 2012 3077 ignis
2043 3014 2164 3063 aerii
2193 3015 2352 3063 simile
2374 3015 2447 3064 illi
2469 3017 2598 3081 quod

1466 3076 1519 3135 ii,
1543 3078 1656 3135 693,
1679 3078 1792 3135 694,
1816 3078 1900 3126 ubi
1922 3078 2019 3126 vid.
2043 3088 2144 3127 not.

1534 3142 1806 3189 524—528.
1842 3144 2055 3204 Sumque,
2085 3144 2202 3205 quia
2233 3143 2491 3203 antecedit,
2515 3148 2595 3195 do-

1468 3207 1568 3252 cuit
1583 3213 1690 3265 post
1705 3210 1855 3253 exitus
1871 3210 2046 3268 ingens,
2069 3224 2270 3257 necesse
2289 3218 2364 3257 est
2385 3209 2447 3257 ad
2471 3218 2593 3258 tem-

1466 3279 1589 3331 pora
1622 3283 1722 3317 non
1759 3270 1846 3317 illa
1887 3270 2064 3332 quibus
2103 3280 2349 3321 ostentum
2382 3273 2596 3323 oblatum

1472 3340 1562 3389 est,
1585 3332 1674 3379 sed
1694 3332 1870 3395 quibus
1892 3344 2122 3383 eventum
2150 3336 2335 3394 habuit,
2359 3346 2594 3401 spectare.

1475 3398 1748 3472 Cecinerunf
1769 3406 1844 3445 est
1865 3398 1912 3444 h.
1931 3398 1964 3445 l.
1985 3398 2293 3474 interpretati
2307 3411 2436 3449 sunt.
2471 3404 2596 3460 Sero,

1470 3473 2457 3575 §ffffoeff.:ffi„⁰.¹ae2322.3213233.221²
2479 3464 2601 3576 ⁰2¹5.

1471 3602 1616 3649 ergo:
1652 3587 1800 3635 etiam
1822 3596 1972 3645 vates,
1998 3588 2090 3636 etsi
2107 3588 2278 3645 serius,
2300 3593 2468 3652 etjam
2486 3602 2600 3656 post

1472 3658 1702 3698 evenmm
1725 3666 1869 3713 quem
1902 3666 1982 3698 res
2013 3652 2198 3710 habuit,
2230 3668 2396 3701 casum
2428 3654 2496 3703 ita
2518 3656 2593 3704 in-

1472 3714 1726 3777 terpretati
1743 3724 1872 3763 sunt.
1929 3718 2102 3763 Exim
2115 3718 2275 3779 ingens
2291 3718 2520 3781 preclare
2537 3720 2599 3768 de

1472 3789 1650 3826 evento
1661 3794 1838 3841 magno
1847 3794 1904 3826 ac
1925 3779 2149 3829 mirabili.
2193 3783 2406 3830 Valentia
2427 3786 2595 3842 sidera,

1473 3842 1628 3891 stenae
1657 3843 1888 3891 cadentes
1923 3844 2068 3907 vulgo
2105 3844 2261 3903 dictae,
2303 3862 2416 3894 cum
2450 3856 2598 3895 noctu

1474 3915 1578 3955 tum
1593 3906 1806 3956 interdiu
1827 3923 2082 3957 occurrere
2096 3909 2264 3957 solite.
2315 3913 2488 3970 Reflaea,
2511 3912 2595 3959 de-

1472 3971 1630 4029 cidua,
1655 3986 1768 4020 nam
1787 3972 1908 4020 alias
1929 3972 2084 4020 stellae
2103 3972 2452 4035 dicunturfixae
2474 3990 2594 4023 esse.

1539 4038 1650 4093 530,
1687 4038 1796 4083 531.
1851 4040 1952 4084 Nec
1987 4054 2220 4086 munus
2259 4054 2382 4085 omen
2421 4042 2601 4088 Abnm't

1472 4103 1647 4147 AEneas
1663 4118 1678 4147 .-
1723 4100 1874 4163 igitur
1909 4100 2088 4165 accipit
2131 4112 2358 4163 tanquam
2397 4103 2596 4151 laetum?

1472 4172 1606 4211 certe
1639 4164 1768 4225 quod
1803 4165 1884 4211 ille
1919 4166 2146 4228 putabat:
2183 4180 2295 4213 nam
2329 4165 2598 4216 claritatem

1474 4226 1700 4284 nominis,
1725 4228 1902 4275 famam
1925 4238 1975 4275 et
1995 4228 2202 4287 laudem,
2221 4230 2422 4279 omnino
2443 4231 2594 4281 fortu-

1474 4290 1879 4401 namdinsignem,
1903 4294 2232 4355 augurabatur
2261 4294 2390 4359 ignis
2410 4296 2463 4344 in
2485 4314 2598 4347 aere

1476 4369 1594 4403 exar
1627 4370 1811 4403 essens.
