3050 4934
1161 276 1499 343 LIBER
1547 276 1688 342 lx.

436 422 567 488 Ast
592 424 753 490 alios
782 448 1001 492 secum
1028 427 1303 493 includit
1328 428 1692 512 recipitque
1720 436 2012 501 ruentes,

434 522 763 591 Demens!
812 529 923 611 qui
954 528 1273 594 Rutulum
1300 528 1369 593 in
1396 528 1612 592 medio
1643 548 1775 591 non
1803 527 2056 611 agmine
2084 545 2308 610 regem

434 622 693 691 Viderit
723 628 1207 714 irrumpentem,
1238 628 1542 713 ultroque
1573 628 1908 692 incluserit
1933 628 2118 691 urbi:

262 722 391 787 730
433 722 783 792 Immanem
808 729 1009 794 veluti
1036 752 1278 815 pecora
1306 732 1475 794 inter
1505 731 1740 794 inertia
1767 729 2006 813 tigrim.

438 825 764 893 Continuo
792 852 959 895 nova
986 830 1103 895 lux
1132 832 1334 896 oculis
1366 829 1636 906 offiilsit,
1667 840 1738 894 et
1764 850 1944 893 arma

434 926 863 994 Horrendum
892 953 1205 1009 sonuere;
1252 942 1538 996 tremunt
1565 932 1632 994 in
1661 931 1903 995 vertice
1933 931 2153 994 cristae
2262 964 2272 973 ·

435 1026 848 1113 Sanguineae,
878 1032 1219 1116 clipeoque
1248 1032 1552 1097 micantia
1579 1030 1847 1095 fulmina
1874 1031 2158 1095 mittunt.

434 1126 827 1213 Agnoscunt
856 1130 1085 1197 faciem
1114 1134 1382 1197 invisam
1410 1143 1610 1216 atque
1639 1133 1936 1196 immania
1965 1132 2254 1195 membra

262 1226 303 1290 7
304 1227 392 1292 35
435 1228 719 1295 Turbati
748 1234 967 1299 subito
996 1234 1344 1301 AEneadoe.
1420 1234 1595 1299 Tum
1628 1233 1972 1298 Pandarus
2001 1234 2235 1318 ingens

437 1330 717 1409 Emicat,
748 1346 818 1399 et
844 1337 1071 1400 mortis
1100 1335 1407 1401 fraternae
1435 1335 1726 1399 fervidus
1753 1337 1854 1399 ira

438 1430 737 1498 Effatur:
784 1434 941 1499 Non
970 1436 1115 1500 haec
1142 1435 1379 1500 dotalis
1409 1438 1590 1520 regia
1619 1434 1912 1513 Amatae3

435 1530 583 1597 Nec
611 1536 811 1599 muris
843 1536 1107 1601 cohibet
1134 1537 1361 1621 patriis
1392 1537 1607 1601 media
1635 1535 1864 1601 Ardea
1892 1536 2214 1601 Turnum.

437 1633 671 1699 Castra
700 1636 953 1702 inimica
984 1639 1202 1702 vides:
1248 1637 1425 1703 nulla
1452 1638 1608 1702 hinc
1633 1638 1816 1702 exire
1844 1647 2164 1721 potestas.

263 1734 394 1797 740
439 1734 574 1800 Olli
604 1737 949 1801 subridens
982 1740 1213 1803 sedato
1238 1750 1507 1823 pectore
1537 1739 1844 1803 Turnus:

435 1836 682 1920 Incipe,
715 1840 771 1902 si
799 1862 929 1923 qua
958 1841 1171 1904 animo
1200 1842 1427 1918 virtus,
1458 1852 1527 1905 et
1556 1862 1828 1905 consere
1860 1839 2197 1917 dextram3

436 1936 570 2001 Hic
596 1940 789 2003 etiam
817 1941 1149 2006 inventum
1178 1940 1441 2006 Priamo
1466 1942 1766 2006 narrabis
1795 1938 2144 2005 Achillem.

438 2036 743 2103 Dixerat.
816 2040 937 2105 Ille
966 2042 1199 2107 rudem
1227 2044 1415 2107 nodis
1444 2053 1515 2106 et
1542 2043 1784 2107 cortice
1823 2042 2031 2107 crudo

437 2138 783 2224 Intorquet
812 2143 1077 2206 summis
1102 2145 1379 2207 annixus
1412 2144 1658 2207 viribus
1685 2142 1963 2207 hastam.

266 2239 397 2303 745
440 2240 789 2326 Excepere
818 2264 997 2307 aurae
1023 2242 1294 2321 vulnus;
1342 2244 1650 2307 Saturnia
1677 2242 1859 2306 Juno

440 2340 741 2406 Detorsit
771 2344 1073 2419 venien83
1117 2356 1457 2428 portaeque
1486 2343 1780 2427 infigitur
1807 2342 2021 2407 hasta.

438 2441 533 2506 At
560 2465 691 2507 non
720 2443 847 2509 hoc
877 2443 1101 2522 telum,
1128 2466 1275 2509 mea
1302 2445 1485 2527 quod
1513 2445 1577 2507 vi
1605 2444 1882 2508 dextera
1910 2455 2152 2521 versat,

438 2542 777 2629 Effugies:
822 2566 1036 2629 neque
1066 2547 1239 2610 enim
1266 2546 1321 2609 is
1352 2544 1463 2609 teli
1492 2566 1616 2609 nec
1645 2542 1928 2607 vulneris
1957 2554 2208 2609 auctor.

440 2644 549 2709 Sic
578 2646 690 2722 ait,
719 2658 787 2711 et
818 2645 1145 2711 sublatum
1172 2646 1301 2710 alte
1333 2646 1668 2729 consurgit
1695 2646 1762 2709 in
1789 2666 2033 2720 ensem,

266 2746 397 2811 750
440 2745 535 2809 Et
560 2748 837 2811 mediam
866 2746 1043 2812 ferro
1072 2750 1327 2832 gemina
1356 2749 1526 2811 inter
1555 2758 1850 2831 tempora
1878 2746 2158 2811 frontem

439 2847 717 2923 Dividit,
744 2849 1175 2933 impubesque
1204 2849 1463 2912 immani
1490 2848 1756 2913 vulnere
1785 2847 2008 2911 malas.

438 2948 545 3012 Fit
576 2971 811 3013 sonus:
857 2949 1103 3033 ingenti
1130 2972 1447 3015 concussa
1475 2960 1580 3014 est
1613 2949 1906 3034 pondere
1935 2948 2149 3013 tellus.

439 3048 779 3135 collapsos
809 3062 991 3115 artus
1019 3061 1216 3135 atque
1246 3074 1425 3116 arma
1455 3062 1726 3117 cruenta
1755 3052 2030 3117 cerebro

442 3151 691 3215 Sternit
719 3152 899 3215 humi
925 3154 1239 3229 moriens3
1287 3164 1483 3237 atque
1512 3152 1603 3216 illi
1631 3154 1928 3237 partibus
1960 3154 2166 3237 aequis

266 3254 395 3319 755
440 3252 595 3319 Huc
627 3265 824 3339 caput
851 3266 1049 3338 atque
1080 3252 1231 3319 illuc
1256 3254 1531 3319 humero
1561 3278 1644 3320 ex
1675 3266 1954 3339 utroque
1985 3256 2326 3341 pependit.

440 3355 818 3440 Diffugiunt
843 3358 1016 3421 versi
1044 3357 1302 3440 trepida
1332 3354 1674 3420 formidine
1703 3356 1942 3420 Troes.

440 3456 557 3533 Et,
590 3457 645 3521 si
674 3458 983 3522 continuo
1012 3458 1321 3522 victorem
1350 3480 1429 3522 ea
1459 3478 1618 3522 cura
1647 3456 1959 3534 subisset,

267 3686 379 3719 rum
402 3670 643 3726 excludit3
678 3670 857 3727 hostes,
880 3669 965 3731 qui
990 3669 1283 3733 irruperant,
1314 3668 1392 3717 in-

268 3734 435 3785 eludit.
492 3734 674 3793 Hira-105
702 3744 794 3783 etc.
835 3733 977 3782 Iliad.
1011 3737 1062 3790 β,
1098 3736 1175 3791 38,
1206 3744 1257 3781 et
1286 3748 1393 3798 sup.

268 3798 335 3857 vi,
374 3800 485 3857 590,
520 3802 717 3849 Dentrem
750 3802 831 3861 qui
864 3801 1037 3847 nimbos
1066 3807 1157 3846 etc.
1223 3800 1397 3846 Pacoro

268 3868 453 3921 fimeta,
478 3878 609 3913 oves.

350 3927 951 3979 731-733.Pr2012n
992 3928 1097 3977 hoec
1140 3926 1195 3974 in
1238 3928 1395 3988 majus

268 4002 423 4041 sumta.
494 3992 693 4042 Scilicet
728 3992 1041 4056 cogitandum
1080 4001 1171 4051 est,
1208 3990 1393 4055 princi-

269 4072 389 4131 pum
430 4057 645 4107 virorum
682 4074 737 4105 ac
773 4073 944 4121 regum
978 4072 1113 4106 arma
1184 4056 1397 4120 raecipuo

269 4120 433 4183 aliquo
470 4122 649 4171 laevore
689 4136 745 4171 ac
786 4122 853 4169 ful
918 4136 974 4169 re
1010 4122 1151 4186 splen
1186 4138 1269 4171 ere
1307 4121 1393 4169 de-

268 4184 447 4244 buisse,
471 4188 643 4236 cristas
662 4186 813 4235 fuisse

270 4250 441 4299 Turno
463 4261 625 4300 autem
644 4252 775 4301 intra
792 4260 952 4299 castra
972 4250 1247 4312 intercepto
1262 4264 1393 4299 crea-

270 4314 339 4363 cit
370 4316 493 4365 adeo
518 4316 749 4365 audacia:
785 4332 900 4363 nova
932 4317 1011 4363 lux
1044 4316 1187 4362 oculis
1210 4315 1359 4373 offulsi
1362 4322 1396 4370 t,

270 4378 465 4437 affulsit,
489 4380 705 4444 adeoque
728 4379 921 4429 effulsit.
976 4382 1175 4427 Mittunt
1198 4377 1301 4427 soil.
1326 4392 1395 4435 se,

272 4443 559 4494 mittuntur:
596 4444 773 4494 durum
796 4454 959 4494 tamen
982 4444 1087 4492 hoc.

882 4185 1045 4243 tiores,
1070 4196 1121 4234 et
1140 4185 1211 4233 sic
1232 4200 1393 4249 porro.

1526 3666 1638 3719 787.
1674 3668 1860 3714 Detulit
1879 3682 1932 3714 re
1905 3670 2026 3725 eia,
2051 3666 2370 3717 Laurentum.

1527 3732 1638 3781 742.
1675 3730 1748 3779 Ut
1775 3729 1900 3779 illud
1949 3728 2011 3779 ib.
2046 3731 2098 3789 ii,
2134 3733 2244 3790 647,
2268 3732 2457 3795 Referu
2477 3750 2590 3797 ergo

1461 3798 1989 3861 hoc—Degeneremque
2021 3798 2360 3858 Neoptolemus
2389 3814 2588 3848 narrare

1526 3868 1772 3982 ⁷45,‘⁰⁷⁰46.
1807 3927 1930 3973 Jm
1949 3926 2158 3973 detorsit.
2194 3924 2396 3975 preivit
2417 3940 2586 3975 exem-

1459 3990 1598 4055 plum
1619 3988 1866 4054 Apollinis
1901 3987 2040 4037 Iliad.
2068 3994 2108 4046 θ,
2135 3990 2244 4046 311,
2269 3998 2320 4037 et
2347 3990 2591 4040 Minerva

1464 4055 1604 4104 iliad.
1631 4074 1672 4112 υ,
1695 4056 1792 4103 438
1813 4070 1936 4116 sqq„
1957 4054 2042 4102 ubi
2074 4024 2308 4117 dearum
2283 4052 2436 4110 ἧκα
2453 4054 2591 4113 μάλα

1460 4118 1648 4183 ψύξασα
1669 4118 1848 4168 avertit
1867 4088 2020 4166 telum
2043 4070 2308 4165 Hectoris
2295 4120 2356 4167 ab
2379 4118 2588 4168 Achille.

1526 4184 1636 4235 748.
1670 4184 2588 4256 Neqmenmc‘ctelinecvulnen'scuc-

1462 4246 1922 4361 {affitffi'ffit
1940 4245 2315 4359 fflffi
2299 4261 2591 4362 mm

1528 4374 1802 4427 757-759.
1839 4374 1931 4422 Kal
1952 4372 2008 4423 νύ
2026 4392 2111 4424 κεν
2131 4374 2284 4451 Gryno·
2285 4395 2338 4425 εν
2355 4377 2464 4439 πυρὶ
2495 4388 2588 4426 etc.

1467 4440 1606 4489 Iliad.
1643 4444 1684 4498 θ,
1725 4437 1819 4488 217
1843 4454 1912 4501 sq.
1971 4439 2026 4487 Si
2057 4392 2360 4490 meminisset
2392 4441 2590 4491 Turnus
