3050 4934
453 287 586 350 222
1339 278 1871 346 AENEIDOS

625 433 772 498 Nec
803 430 1034 516 procul
1061 431 1214 495 hinc
1245 430 1456 495 Rhesi
1485 431 1687 495 niveis
1718 428 1997 493 tentoria
2028 424 2183 490 velis

453 535 582 598 470
626 533 950 618 Agnoscit
978 531 1354 609 lacrimans3
1399 534 1608 616 primo
1638 553 1787 614 quae
1819 529 2078 614 prodita
2110 549 2336 592 somno

626 634 924 718 Tydides
954 632 1157 697 multa
1183 634 1484 697 vastabat
1511 633 1692 696 caede
1725 638 2069 706 cruentus;

626 736 1092 818 Ardentesque
1124 736 1356 799 avertit
1383 757 1588 818 equos
1618 735 1685 797 in
1715 743 1952 809 castra,
1983 732 2163 815 prius
2192 751 2387 814 quam

629 834 884 902 Pabula
915 835 1294 920 gustassent
1322 821 1547 918 Trojae
1580 833 2049 917 Xanthumque
2079 833 2419 896 bibissent.

630 940 830 1003 Parte
863 936 988 1000 alia
1016 935 1270 1020 fugiens
1303 937 1555 1000 amissis
1586 934 1853 999 Troilus
1884 935 2099 1010 armis,

458 1043 541 1104 47
545 1043 586 1104 5
631 1038 869 1104 Infelix
898 1059 1087 1122 puer,
1119 1048 1317 1121 atque
1349 1038 1556 1120 impar
1584 1035 1975 1118 congressus
2006 1032 2270 1109 Achilli,

631 1140 871 1205 Fertur
901 1140 1111 1222 equis,
1143 1159 1471 1221 curruque
1498 1136 1709 1200 haeret
1736 1136 2087 1220 resupinus
2116 1133 2313 1208 inani,

635 1241 816 1306 Lora
844 1250 1072 1304 tenens
1105 1249 1356 1316 tamem
1404 1238 1559 1302 huic
1590 1237 1939 1320 cervixque
1968 1255 2297 1317 comaeque
2328 1231 2675 1296 trahuntur

637 1342 771 1406 Per
801 1351 1064 1417 terram,
1095 1351 1163 1404 et
1191 1339 1380 1404 versa
1410 1337 1621 1422 pulvis
1650 1337 2026 1402 inscribitur
2053 1335 2263 1399 hasta.

637 1443 898 1508 Interea
924 1441 1010 1504 ad
1041 1439 1350 1524 templum
1381 1460 1510 1502 non
1542 1461 1749 1523 aequae
1780 1436 2067 1500 Palladis
2098 1437 2280 1501 ibant

467 1545 597 1608 480
640 1542 946 1606 Crinibus
977 1539 1215 1605 Iliades
1245 1541 1481 1624 passis,
1513 1539 1906 1624 peplumque
1939 1537 2239 1602 ferebant

634 1642 1033 1727 Suppliciter
1062 1643 1306 1717 tristes,
1339 1653 1408 1704 et
1437 1651 1649 1704 tunsae
1681 1650 1951 1724 pectora
1980 1637 2241 1723 palmis:

634 1744 810 1808 Diva
838 1741 976 1807 solo
1003 1743 1174 1806 fixos
1206 1742 1428 1806 oculos
1459 1765 1693 1806 aversa
1721 1743 2009 1806 tenebat.

633 1845 774 1909 Ter
803 1845 1043 1909 circum
1073 1843 1303 1907 Iliacos
1332 1853 1707 1927 raptaverat
1736 1843 2033 1907 Hectora
2060 1863 2303 1916 maroa,

639 1945 1160 2028 Exanimumque
1192 1967 1352 2008 auro
1380 1966 1621 2028 corpus
1652 1945 1977 2008 vendebat
2006 1940 2321 2007 Achilles.

465 2048 597 2111 485
641 2046 818 2109 Tum
846 2068 1000 2109 vero
1031 2047 1360 2129 ingentem
1387 2048 1697 2130 gemitum
1726 2045 1841 2108 dat
1870 2055 2135 2128 pectore
2167 2044 2251 2107 ab
2281 2043 2444 2119 imo;

639 2145 734 2210 Ut
765 2145 992 2230 spolia,
1023 2157 1097 2209 ut
1126 2167 1381 2223 currus,
1415 2158 1616 2231 utque
1646 2147 1861 2229 ipsum
1890 2166 2129 2229 corpus
2160 2145 2367 2219 amici,

639 2247 1181 2330 Tendentemque
1212 2269 1436 2311 manus
1470 2247 1799 2311 Priamum
1830 2246 2177 2331 conspexit
2207 2246 2509 2309 inermes.

470 2458 657 2506 Verum
679 2454 732 2503 id
751 2453 976 2517 quidemz
1013 2453 1113 2511 sed,
1137 2462 1194 2502 ut
1225 2455 1287 2502 ab
1308 2453 1496 2503 caeteris
1517 2469 1595 2502 ar-

473 2521 583 2579 mis,
606 2521 676 2568 ita
698 2535 728 2568 a
747 2519 886 2582 galea
909 2527 960 2565 et
980 2517 1127 2566 crista
1149 2527 1470 2599 saepeyemt
1491 2518 1595 2581 epi-

631 2593 801 2648 poetae.
859 2581 940 2629 Sic
964 2580 1266 2643 κορυθαίολος
1301 2587 1476 2644 nnn-op.

535 2647 810 2698 469—471.
847 2647 926 2694 De
958 2648 1106 2694 Rheso
1141 2645 1278 2693 Iliad.
1304 2663 1347 2702 κ,
1373 2647 1468 2692 433
1494 2661 1597 2708 sqq.

472 2713 570 2763 470
583 2729 686 2774 sqq.
727 2713 940 2759 Tentoria
955 2714 1106 2771 primo
1118 2727 1266 2758 somno
1273 2712 1474 2770 prodita,
1489 2710 1539 2756 h.
1556 2725 1598 2756 e.

475 2778 691 2824 Thraces
723 2775 776 2822 in
810 2773 1034 2822 tentoriis
1065 2773 1311 2822 cubantes.
1390 2772 1599 2822 Pulchre

1662 2467 1839 2517 equos3
1874 2467 1987 2500 nam
2015 2451 2211 2500 Troilus
2242 2451 2375 2500 solus
2402 2460 2452 2499 et
2483 2466 2703 2515 pugnare
2736 2459 2788 2499 et

1662 2532 1832 2580 regere
1855 2531 2005 2580 equos
2026 2515 2207 2564 debuit.

1728 2580 2001 2630 479—482.
2037 2579 2119 2628 Ex
2153 2579 2293 2628 Iliad.
2327 2577 2367 2640 ζ’,
2396 2581 2667 2636 269-312,
2702 2579 2787 2628 ubi

1666 2644 1864 2693 Heleno
1904 2653 2133 2692 monente
2172 2643 2362 2692 Hector
2396 2645 2459 2692 ad
2495 2645 2667 2692 urbem
2706 2659 2784 2691 re-

1801 2724 1859 2756 us
1894 2708 2153 2757 Hecubam
2182 2707 2243 2756 ad
2278 2707 2517 2756 Minervae
2552 2705 2789 2772 templum

1663 2787 1716 2821 m
1734 2770 1947 2836 acropoli
1960 2773 2281 2834 Trojanarum
2298 2783 2627 2820 matronarum
2642 2773 2786 2834 (Ic-'a-

1664 2837 1795 2898 dum)
1840 2851 2069 2900 pompam
2115 2835 2307 2894 ducere,
2352 2836 2638 2898 donau-iique
2680 2835 2790 2884 loco

1666 2899 1771 2950 deae
1808 2900 2007 2965 peplum
2046 2901 2241 2964 egregie
2282 2901 2579 2950 elaboratum
2614 2915 2786 2948 conse-

1666 2979 1803 3014 crare
1833 2965 1987 3027 Jubet,
2028 2975 2086 3013 ut
2131 2963 2385 3014 Diomedis
2422 2964 2661 3028 impetum
2706 2963 2791 3012 illa

475 2587 609 2634 theta

475 2851 642 2888 autem
677 2853 847 2887 somno
879 2838 1116 2886 tributum
1146 2837 1206 2885 τὸ
1237 2841 1443 2898 prodere,
1471 2837 1602 2900 quod

509 2919 562 2952 er
617 2909 841 2951 somnum
895 2901 1090 2950 factum.
1175 2903 1438 2950 Diomedem
1491 2902 1599 2950 sine

470 2921 651 3032 {nysae
695 2966 964 3022 nominare,
1018 2965 1226 3013 liberum
1279 2975 1384 3014 erat
1426 2975 1598 3029 poetae.

474 3035 641 3082 Niveie
673 3035 872 3079 teutona
903 3033 1028 3078 velis.
1099 3028 1242 3076 Dixit
1267 3044 1327 3078 ea
1346 3040 1492 3092 poeta
1513 3029 1599 3078 de-

476 3106 608 3144 serto
649 3093 822 3159 priscae
865 3093 1022 3141 aetatis
1065 3108 1227 3140 more:
1285 3103 1428 3142 erant
1469 3093 1601 3142 enim

475 3159 776 3207 Achivorum
796 3165 846 3204 et
877 3157 1198 3220 Trojanorum
1225 3155 1408 3206 κλισίαι
1439 3157 1603 3221 potius

477 3222 685 3286 tuguria,
709 3220 955 3285 stipitibus
977 3220 1335 3283 viminibusque
1359 3221 1598 3270 intertex-

385 3323 392 3328 .
477 3287 556 3345 tis,
580 3296 633 3334 et
665 3295 807 3334 terrae
836 3300 1012 3347 aggere
1043 3284 1246 3342 munita,
1269 3285 1486 3348 adeoque
1523 3294 1599 3334 tu-

481 3351 622 3414 guria
645 3349 822 3414 potius.

543 3414 654 3472 472,
676 3412 786 3463 473.
822 3414 1050 3460 Ardentes
1075 3429 1210 3474 equos
1238 3428 1374 3462 acres
1397 3413 1537 3472 dixit,
1561 3414 1604 3463 si

479 3477 708 3541 loquendi
729 3491 870 3525 usum
889 3475 1071 3524 audias.
1123 3480 1310 3526 Avertit
1339 3487 1414 3526 est
1436 3478 1603 3542 abigit,

481 3541 749 3604 exquisite3
805 3556 902 3589 non
951 3540 1212 3605 intercipit.
1303 3541 1470 3590 Fatale
1513 3543 1606 3590 hoc

480 3606 632 3655 fuisse
663 3605 768 3654 sive
803 3606 968 3653 Rheso
1001 3605 1106 3653 sive
1141 3605 1378 3667 Troianis,
1417 3607 1461 3654 si
1493 3606 1607 3668 equi

479 3679 757 3734 gustassent
788 3670 988 3717 herbam
1019 3680 1070 3718 et
1101 3685 1273 3732 aquam
1305 3670 1605 3728 Scamandri,

485 3735 734 3782 Homerus
769 3749 868 3781 non
906 3733 1079 3790 habet5
1127 3744 1184 3782 ut
1221 3750 1286 3782 ex
1315 3745 1474 3798 poetae
1505 3734 1603 3781 lec-

481 3799 616 3847 tione
639 3807 884 3862 promtum
905 3797 1079 3858 cuique
1101 3813 1209 3845 esse
1230 3807 1404 3861 potest.

546 3862 770 3914 474-47
775 3863 820 3908 8.
850 3863 1152 3923 congressus
1173 3861 1253 3909 hic
1272 3861 1452 3910 Priami
1475 3861 1607 3910 filius

481 3943 594 3976 cum
627 3925 837 3983 Achille,
873 3933 986 3973 ante
1025 3924 1193 3973 Iliadis
1229 3935 1460 3989 tempora,
1496 3924 1604 3975 vul-

483 3988 1098 4118 ’,1ξέἳὲἓῖιῖρέἓὲῗῇῗὲ
1111 3989 1608 4118 ffipffifmssz

485 4121 772 4167 traheretur.
818 4122 976 4166 Armis
994 4121 1188 4176 amissis,
1205 4117 1364 4183 clipeo
1382 4134 1444 4166 ex
1459 4134 1608 4167 manu

484 4182 712 4238 dimit-‚sog
749 4197 862 4230 nam
882 4184 1071 4231 hastam
1101 4183 1308 4241 tenebat,
1333 4183 1420 4230 sed
1441 4182 1605 4232 inver—

483 4261 604 4302 sam,
627 4257 684 4294 ut
712 4247 834 4294 adeo
851 4262 940 4310 per
971 4256 1150 4295 terram
1173 4255 1326 4296 tracta
1345 4247 1430 4295 illa
1449 4247 1611 4296 sulcos

485 4309 679 4358 faceret.
737 4311 956 4358 Observa
977 4321 1141 4359 autem
1201 4321 1360 4359 oetam
1381 4311 1610 4360 recedere

485 4390 516 4421 a
545 4388 679 4422 more
717 4374 996 4432 Homerico,
1035 4391 1132 4437 quo
1199 4391 1336 4424 eroes
1366 4375 1449 4438 qui
1482 4391 1607 4439 pug-

487 4446 607 4486 nant
642 4437 704 4485 de
742 4451 902 4494 curru,
943 4439 1122 4486 habent
1165 4438 1314 4488 alium
1352 4439 1435 4502 qui
1476 4449 1611 4504 regat

1663 3045 1719 3078 re
1754 3029 1966 3078 timeret.
2025 3031 2211 3077 Interea
2230 3044 2329 3076 non
2350 3028 2413 3076 ad
2434 3038 2626 3093 tempus

1665 3109 1720 3142 re
1740 3093 1837 3142 erri
1867 3093 2086 3148 videtur;
2122 3092 2208 3140 sed
2239 3092 2369 3142 inter
2396 3103 2573 3140 caetera
2684 3091 2787 3140 ula-

1667 3173 1777 3206 rum
1958 3166 2085 3214 enta,
2096 3171 2223 3214 ecce,
2238 3157 2449 3206 occurrit
2459 3158 2567 3214 hoc,
2581 3157 2789 3218 quod—.

1667 3224 1774 3270 Non
1794 3238 1939 3283 aequa,
1972 3221 2153 3282 iniqua,
2178 3221 2404 3282 Trojanis
2434 3221 2638 3279 infensa,
2666 3220 2793 3268 irata

1668 3285 1843 3334 Pallas.
1910 3288 2635 3345 Divaaeolofioeosoculoewersa
2666 3293 2789 3333 tene-

1670 3353 1763 3408 bat,
1801 3349 1983 3413 quippe
2020 3349 2072 3397 in
2116 3349 2309 3412 pictura
2342 3364 2599 3413 expressa,
2650 3359 2702 3396 at
2738 3349 2793 3396 in

1669 3414 1945 3464 narratione
1963 3421 2120 3476 poetae
2144 3413 2347 3461 Homer.
2379 3413 2411 3460 l.
2436 3429 2477 3460 c.
2503 3428 2547 3460 v.
2574 3415 2684 3470 311,
2700 3409 2795 3463 ‘os

1671 3477 1807 3540 ἔφατ’
1831 3474 2082 3538 εὐχομένη,
2102 3473 2289 3524 ἀνένευε
2305 3474 2359 3524 δὲ
2376 3473 2578 3525 Πάλλας
2593 3475 2791 3536 Ἀθήνης

1670 3541 1757 3590 sed
1778 3541 1831 3589 in
1848 3539 2058 3604 Virgilio
2078 3549 2135 3589 ut
2152 3539 2357 3604 picture
2372 3539 2793 3599 accommodatior,

1669 3605 1739 3654 ita
1760 3604 1955 3654 suavior
1982 3604 2055 3652 rei
2088 3604 2249 3666 imag-o
2271 3619 2377 3652 esse
2398 3603 2605 3662 videtur,
2628 3621 2795 3654 aversa

1669 3669 1763 3718 dea
1794 3669 1931 3726 facie,
1966 3671 2109 3717 oculis
2140 3671 2232 3718 eolo
2251 3671 2378 3730 fln’s,
2412 3684 2557 3731 quam
2594 3669 2647 3716 in
2682 3669 2793 3718 Ho-

1670 3749 1807 3782 mero
1826 3750 2020 3782 rennem
2041 3742 2194 3796 caput.
2252 3733 2458 3798 Peplum
2479 3742 2643 3782 autem
2672 3733 2796 3782 illud

1670 3797 1915 3846 interdum
1979 3797 2084 3846 deoe
2142 3797 2281 3861 signo
2340 3797 2645 3860 inficiebatur
2704 3813 2795 3861 pro

1672 3861 1867 3975 amicffi,
1903 3861 2149 3910 interdum
2188 3871 2379 3911 tantum
2414 3862 2478 3911 ad
2510 3877 2671 3926 genua
2704 3878 2791 3927 ap-

1736 3941 1799 3974 ne
1862 3935 1955 3973 tur.

1671 3942 2010 4040 Ρ0483--4-87.
2048 3989 2243 4038 Novum
2264 3999 2605 4054 argumentum
2631 3989 2683 4038 in
2704 4007 2791 4054 pa-

1672 4055 1796 4104 riete
1832 4069 2131 4118 expressum,
2168 4053 2377 4104 redditio
2416 4055 2633 4119 corporis
2656 4055 2791 4102 Hec-

1674 4118 1813 4176 torei,
1838 4133 1902 4166 ex
1921 4118 2062 4167 Iliad.
2087 4139 2137 4167 eo.
2191 4118 2441 4168 Homerus
2466 4119 2645 4182 raptati
2666 4119 2797 4168 circa

1674 4185 1871 4246 Trojam
1891 4183 2123 4232 Hectoris
2144 4198 2243 4231 non
2264 4183 2501 4232 meminit.
2547 4184 2645 4232 Ter
2666 4183 2798 4232 circa

1673 4247 1810 4296 urbis
1840 4263 2007 4297 muros
2038 4247 2163 4311 fugit
2192 4247 2394 4306 Hector,
2428 4247 2567 4296 Iliad.
2590 4265 2644 4310 χ,
2670 4249 2793 4303 208;

1674 4327 1827 4362 emus
1865 4322 2029 4360 autem
2069 4311 2236 4360 statim
2276 4311 2337 4360 ad
2380 4327 2530 4360 naves
2574 4311 2795 4370 trahitur,

1678 4377 1818 4425 Iliad.
1841 4395 1895 4439 χ,
1920 4379 2015 4426 399
2045 4391 2163 4438 sqq„
2193 4375 2278 4423 ubi
2310 4385 2384 4424 ter
2420 4375 2633 4439 quotidie
2668 4375 2797 4424 circa

1677 4441 1888 4490 Patrocli
1932 4440 2171 4489 tumulum
2220 4451 2411 4502 raptare
2458 4455 2571 4488 eum
2612 4439 2799 4488 solebat
