3050 4934
25 4671 42 4898 k

1095 283 1551 351 ECLOGA
1596 287 1651 352 1.
2493 291 2535 352 5

259 437 342 500 45
385 435 518 501 Hic
545 435 705 500 mihi
733 456 1120 521 responsum
1148 437 1394 521 primus
1427 437 1612 502 (ledit
1640 435 1747 502 ille
1777 440 2063 523 petenti:

383 539 670 616 Pascite,
701 550 778 602 ut
806 549 982 615 ante,
1010 538 1238 615 boveS,
1262 540 1490 623 pueri3
1539 540 1897 605 submittite
1928 535 2175 604 tauros.

384 640 576 704 Mn..
623 639 987 704 Fortunate
1019 643 1254 704 senex!
1301 662 1460 725 ergo
1491 651 1607 706 tua
1627 664 1783 706 rura
1810 644 2188 719 manebunt,

389 741 484 806 Et
513 742 634 806 tibi
659 764 898 827 magna
926 742 1120 820 satis;
1168 743 1458 825 quamvis
1486 741 1652 828 lapis
1685 745 1898 808 omnia
1925 744 2142 809 nudus

390 843 792 927 Limosoque
823 839 1014 927 palus
1045 843 1334 908 obducat
1359 866 1609 928 pascua
1626 847 1851 930 junco·

258 947 344 1010 50
381 945 546 1010 Non
573 946 833 1009 insueta
857 966 1090 1029 graves
1122 945 1470 1009 tentabunt
1497 946 1741 1030 pabula
1764 946 1958 1012 foetas
1984 973 2002 1025 ;

385 1045 536 1111 Nec
565 1045 732 1110 mala
762 1047 954 1110 vicini
982 1047 1240 1130 pecoris
1265 1047 1567 1130 contagia
1592 1046 1855 1112 laedent.

301 1183 310 1193 ·
387 1148 753 1213 Fortunate
787 1151 1026 1212 senex!
1072 1147 1182 1212 hic
1209 1149 1379 1212 inter
1409 1147 1677 1212 flumina
1704 1159 1861 1213 nota

385 1251 484 1314 Et
513 1249 730 1314 fontes
763 1271 984 1314 sacros
1013 1249 1220 1334 frigus
1251 1251 1547 1335 captabis
1578 1273 1875 1336 opacum.

385 1352 590 1428 Hinc,
622 1351 742 1415 tibi
770 1374 919 1435 quae
945 1373 1206 1436 semper
1233 1354 1444 1417 vicino
1473 1354 1559 1418 ab
1587 1353 1787 1418 limite
1820 1376 2011 1439 sepes

263 1456 354 1518 55
393 1453 692 1537 Hyblaeis
722 1453 958 1537 apibus
987 1452 1216 1518 florem
1243 1454 1522 1538 depasta
1552 1454 1781 1532 salicti,

394 1555 587 1640 Saepe
617 1555 744 1619 levi
775 1577 1069 1620 somnum
1099 1557 1402 1620 suadebit
1431 1557 1593 1621 inire
1626 1579 1919 1622 susurr0.

391 1657 570 1722 Hinc
601 1655 734 1721 alta
757 1657 884 1720 sub
912 1679 1078 1741 rupe
1109 1668 1299 1722 canet
1327 1657 1671 1723 frondator
1698 1659 1782 1722 ad
1813 1675 2005 1723 auras
2028 1687 2045 1737 3

225 1843 496 1958 «πᾶν
523 1843 770 1954 0³35?
805 1839 1344 1955 remex

225 1975 317 2022 cris
333 1923 716 2021 Ιίῐειτεῃῗεῖἒειὶι
755 1973 952 2018 Fumant
967 1985 1058 2035 pro
1073 1923 1343 2020 fumaliuiiat.

287 2040 362 2085 45.
397 2039 639 2095 Hic‚cum
655 2035 828 2082 Romae
840 2051 1013 2092 essem,
1063 2035 1240 2084 rimum
1258 2035 1347 2084 tuli

225 2117 508 2167 responsum
527 2099 664 2156 illud,
679 2099 728 2147 h.
747 2098 950 2147 facultas
968 2115 1032 2147 no
1065 2099 1108 2148 is
1127 2100 1240 2148 data
1255 2110 1344 2159 est,

225 2178 280 2215 ut
295 2183 384 2214 noc
400 2165 562 2230 pueri,
583 2179 760 2220 vernae,
779 2163 924 2220 servi,
947 2163 1100 2212 libere
1120 2181 1345 2229 pascere-

231 2247 334 2280 mus
353 2241 406 2279 et
428 2239 597 2278 mnes
618 2227 1032 2277 submitteremus.

283 2297 358 2344 46.
395 2297 678 2342 Sub-iecere
697 2302 774 2340 est
789 2292 920 2340 alere
936 2293 998 2340 ad
1015 2308 1214 2356 gregem
1228 2309 1344 2358 sup-

226 2360 477 2425 plendmm
527 2374 644 2406 nam
685 2358 1012 2420 subjunguntur
1051 2357 1253 2420 reliquis
1297 2367 1348 2406 et

226 2433 548 2488 aggregamur
561 2423 596 2470 ii
611 2421 738 2470 tauri
749 2420 924 2484 quibus
931 2437 1054 2484 grex
1062 2421 1320 2497 suppletur
1330 2441 1345 2470 τ

227 2491 340 2538 Gen.
359 2489 434 2544 iii.
453 2488 540 2538 732
567 2487 626 2535 cf.
653 2487 757 2534 159.
791 2489 1070 2535 submittere
1086 2502 1218 2534 emm
1239 2502 1348 2535 esse

225 2555 416 2602 tritten-e
445 2553 500 2600 in
532 2551 734 2600 alterius
767 2550 944 2608 locum,
976 2567 1036 2599 su
1069 2550 1220 2626 plere,
1253 2551 1343 2598 du-

225 2618 476 2666 bitandum
496 2616 646 2680 plane
667 2629 766 2662 non
789 2625 877 2663 est.
927 2617 1010 2663 An
1083 2625 1218 2663 ctum
1241 2631 1352 2664 esse

227 2683 376 2747 possit
396 2697 492 2746 pro
511 2689 671 2728 επεν-ω
690 2683 950 2738 admittere,
973 2679 1197 2728 dubitare
1216 2680 1348 2728 licet.

283 2747 498 2798 47-49,
533 2747 663 2807 Ergo
697 2751 780 2792 tua
814 2761 928 2792 rura
963 2748 1208 2792 manebunt
1243 2744 1348 2802 tibi,

223 2827 316 2859 nou
335 2810 640 2875 eripientur:
669 2817 716 2857 et
739 2823 798 2856 ea
813 2808 1010 2870 quidem
1027 2812 1145 2857 eatis
1166 2827 1348 2872 magua,

225 2877 282 2924 ad
321 2874 574 2941 pascenda
615 2883 852 2921 armenta.
919 2875 1044 2928 Quae
1078 2881 1350 2936 sequuntur

224 2936 1182 3054 :Yitjssoem'fflm'tssshssff-Wemm-„fi
971 2939 1354 3050 mmm

217 3069 548 3131 pacui-nco
562 3087 580 3121 ‚-
613 3068 722 3115 Non
740 3066 954 3129 (tamen)
977 3071 1158 3115 insueta
1171 3084 1350 3130 graoea

223 3135 324 3184 Aut
353 3141 414 3182 ut
445 3147 562 3180 cnm
596 3129 908 3210 antecedenti
928 3133 1143 3210 jungas:
1180 3140 1229 3180 et
1263 3135 1352 3180 tibi

221 3205 816 3312 Μιῦἵῖἱίςωωυζε
845 3213 1222 3309 Μιηεὴιῖιῗῖῒιιει
1236 3200 1352 3326 git

221 3343 326 3384 em,
337 3326 460 3375 satis
473 3324 564 3374 tibi
779 3325 1000 3387 quamvis
1014 3325 1138 3389 lapis
1152 3337 1202 3373 et
1213 3327 1356 3390 palus

225 3391 388 3440 munia
427 3389 650 3438 obdoeat.
705 3389 733 3436 J
739 3404 818 3436 am
853 3389 948 3437 hoc
980 3389 1163 3455 duplici
1229 3399 1358 3438 otest

227 3456 372 3504 modo
391 3455 580 3502 dictum
603 3469 736 3502 esse:
769 3462 856 3502 aut
875 3463 932 3502 ut
954 3470 1069 3516 ager
1091 3453 1173 3502 ille
1196 3407 1260 3503 Ii'i
1342 3454 1354 3466 “

227 3535 432 3568 saxonis
453 3529 506 3567 et
525 3517 758 3583 palustris
780 3517 872 3572 sitz
907 3528 992 3567 aut
1013 3529 1070 3567 ut
1087 3518 1219 3567 inter
1234 3520 1354 3567 aho-

227 3601 334 3632 rmn
375 3599 522 3648 agros
561 3598 764 3630 saxosos
805 3593 856 3630 et
894 3583 1138 3646 palustres
1175 3599 1358 3648 pascua

227 3649 431 3713 'l'ityms
459 3649 642 3696 babeat
671 3646 790 3695 satis
819 3649 948 3695 bona
981 3658 1032 3696 et
1067 3648 1350 3696 tolerabilia.

233 3715 342 3762 Hoc
397 3711 672 3778 presertim,
724 3721 780 3760 ut
827 3712 1102 3775 neglectum
1151 3714 1354 3761 culturae

229 3793 458 3840 agrum
499 3775 688 3824 colonis
723 3775 824 3824 suis
860 3787 1138 3841 ereptorum
1179 3793 1237 3825 ea
1274 3793 1355 3825 res

229 3853 418 3904 arguat.
485 3839 686 3888 Scilicet
722 3839 856 3888 haud
895 3841 1042 3890 dubie
1080 3842 1184 3889 haec
1226 3841 1355 3890 dicta

229 3917 344 3955 sunt
365 3921 481 3955 eum
755 3905 963 3954 formnae
993 3905 1198 3954 istorum
1230 3917 1354 3954 tem-

229 3987 420 4035 porum.
493 3968 748 4018 Prioribus
768 3969 978 4019 dominis
998 3985 1054 4019 er
1117 3970 1156 4018 ti
1189 3969 1294 4034 agri
1329 3986 1358 4018 a

228 4034 478 4084 veteranis
517 4033 646 4082 male
675 4033 796 4082 culti
828 4035 1048 4084 sentibus
1113 4035 1358 4092 orrebant,

229 4099 419 4148 lacunis
461 4107 516 4147 et
554 4097 816 4162 paludibus
860 4109 1000 4148 erant
1043 4099 1270 4148 obducti:
1308 4098 1360 4147 id

232 4165 360 4228 quod
381 4163 542 4212 multo
561 4161 720 4226 magis
737 4163 808 4212 ita
823 4179 877 4212 se
903 4165 1084 4213 habere
1115 4163 1285 4212 debuit
1307 4163 1359 4211 in

233 4229 365 4292 agris
397 4228 460 4276 ad
483 4227 730 4275 Mincium
746 4227 950 4276 fluvium
979 4228 1102 4285 sitis,
1140 4231 1280 4291 quus
1311 4238 1362 4276 et

234 4304 544 4406 me
561 4291 878 4404 εῆἒξὲςυεηᾱ
907 4293 1238 4390 exundatione
1270 4309 1356 4356 pa-

239 4373 464 4470 ιιὲω.
492 4371 668 4496 ἓξὲξ
685 4367 1364 4471 οῗνξοῖἰῖἒὲοῗΐὲἒῗζΐ.

238 4486 440 4536 fluvium
463 4495 562 4545 sm,
587 4485 764 4547 quibus
787 4485 1006 4548 adjacere
1037 4488 1250 4536 debuere
1282 4485 1364 4534 alii

1412 1844 1585 1892 eodem
1605 1842 1705 1892 situ
1723 1842 1993 1906 eademque
2007 1843 2314 1892 conditione:
2342 1845 2447 1893 Ecl.
2471 1844 2539 1904 ix,

1413 1907 1471 1964 7:
1508 1907 1592 1966 vii,
1622 1910 1707 1964 123
1734 1910 1854 1956 GeO.
1880 1905 1949 1967 iii,
1980 1910 2054 1967 14,
2084 1911 2169 1966 153
2199 1907 2249 1966 ii,
2280 1912 2386 1967 198,
2416 1911 2539 1966 1993

1411 1973 1527 2021 AEn.
1554 1988 1601 2032 x,
1627 1975 1737 2032 205,
1764 1974 1873 2022 206.

1478 2039 1541 2084 50
1565 2053 1666 2100 sqq.
1712 2039 1859 2086 Nunc
1890 2036 2041 2100 igitur
2078 2037 2341 2086 Meliboeus
2374 2037 2540 2102 pergit

1411 2117 1693 2166 comparare
1732 2117 1871 2150 suam
1902 2101 2227 2150 calamitatem
2261 2116 2373 2150 cum
2408 2113 2541 2150 sorte

1411 2165 1569 2214 istius.
1620 2168 1761 2222 Cum,
1790 2165 1963 2228 inquit,
1998 2181 2029 2214 a
2059 2165 2183 2214 meis
2216 2166 2345 2228 agris
2376 2166 2535 2214 disce-

1412 2230 1629 2279 dendum
1662 2230 1782 2279 mihi
1811 2231 1901 2288 sit3
1939 2246 2096 2294 neque
2132 2245 2195 2278 ex
2228 2239 2373 2295 partu
2413 2231 2542 2279 male

1411 2295 1607 2344 affectas
1629 2295 1839 2361 capellas
1860 2295 2182 2343 conveniente
2213 2295 2393 2358 pabulo
2417 2296 2532 2343 refi-

1409 2375 1536 2418 cere,
1562 2375 1735 2422 neque‚
1759 2375 1869 2408 cum
1892 2359 2014 2407 mihi
2045 2359 2141 2407 illae
2162 2374 2259 2422 qua
2280 2375 2385 2408 sors
2406 2359 2544 2408 dabit

1411 2425 1613 2487 agendae
1644 2424 1756 2482 sint,
1786 2423 1906 2472 satis
1936 2439 2109 2473 cavere
2142 2423 2204 2472 iis
2236 2439 2448 2488 possum,
2478 2439 2541 2472 ne

1411 2488 1464 2535 in
1496 2503 1671 2550 greges
1703 2488 1941 2550 contagio,
1971 2488 2100 2550 quod
2132 2491 2301 2536 malum
2332 2489 2380 2535 h.
2416 2502 2539 2535 nox-

1411 2552 1514 2600 ium
1550 2551 1744 2609 dicitur,
1779 2562 1946 2609 tactos,
1984 2561 2071 2600 aut
2106 2550 2159 2599 in
2191 2551 2373 2598 infecta
2404 2561 2543 2626 septa

1411 2616 1645 2664 incidant.
1708 2619 1880 2665 Graves
1893 2615 2042 2678 soetas
2060 2615 2200 2673 dixit,
2224 2624 2280 2662 ut
2301 2615 2441 2663 foetas
2462 2631 2537 2663 m-

1415 2680 1606 2744 telligns
1642 2681 1827 2736 enixae,
1863 2689 2006 2755 partu
2040 2681 2281 2738 liberatas,
2304 2689 2361 2728 ut
2393 2695 2539 2744 stepe.

1420 2748 1617 2794 Tentare
1638 2745 1700 2792 de
1722 2747 1905 2794 morbis
1927 2745 2138 2810 proprie.

1481 2812 1560 2867 52,
1594 2811 1670 2857 53.
1706 2813 1922 2858 Flumina
1956 2817 2064 2857 nota
2090 2819 2207 2858 sunt
2238 2809 2455 2857 Mincius
2490 2819 2543 2856 et

1417 2873 1593 2922 Padus.
1663 2873 1895 2932 Mincius,
1940 2889 2005 2922 cx
2051 2874 2161 2922 lacu
2210 2875 2406 2921 Benaco
2456 2874 2541 2922 ubi

1414 2938 1666 3004 processit,
1700 2953 1798 2986 non
1830 2938 1975 3002 longe
2005 2954 2035 2985 a
2072 2939 2281 2986 Mantua
2315 2938 2449 2985 lacus
2486 2938 2544 2985 fit

1417 3003 1632 3066 quinque
1654 3003 1789 3051 mille
1823 3015 2069 3067 passuum,
2093 3017 2211 3076 mox
2240 3001 2543 3064 aliquantum

1415 3065 2543 3195 Rssss’og'ffiffimffffiet’ioflffig'ssmffiffssffi

1417 3199 1538 3245 Geo.
1556 3196 1609 3254 ii,
1633 3197 1740 3254 198,
1766 3199 1871 3245 199.
1908 3199 2081 3258 Frigus
2096 3213 2283 3258 opacum
2301 3205 2377 3243 est
2390 3193 2545 3257 frig-us

1417 3261 1512 3310 loci
1529 3260 1685 3326 opaci,
1706 3260 1923 3308 nemoris
1938 3263 2143 3308 umbrat:
2171 3259 2276 3307 Eel.
2298 3259 2347 3318 ii,
2368 3261 2413 3306 8.

1487 3326 1695 3374 54—56.
1734 3325 1885 3373 Hunc
1906 3325 2081 3382 locum,
2108 3323 2181 3372 uti
2212 3339 2341 3372 nunc
2371 3339 2425 3371 se
2454 3323 2541 3372 ha-

1419 3392 1516 3448 bet,
1550 3391 1621 3438 ita
1652 3390 1899 3454 expedire,
1922 3399 1979 3438 ut
2009 3389 2133 3437 nihil
2168 3388 2381 3453 supersit
2416 3387 2547 3450 quod

1421 3454 1647 3511 offendat,
1665 3469 2001 3517 quamcunque
2017 3452 2259 3502 rationem
2278 3453 2429 3509 ineas,
2446 3467 2545 3499 non

1423 3520 1544 3568 adeo
1566 3519 1707 3568 facile
1730 3529 1817 3568 est.
1870 3520 2009 3566 Inter
2026 3527 2227 3566 caeteras
2247 3515 2545 3564 tolerabilior

1421 3583 1547 3632 ratio
1576 3585 1681 3632 haec
1724 3593 1811 3641 est,
1851 3599 1996 3646 quam
2022 3583 2335 3629 Burmannus
2354 3594 2545 3640 quoque

1419 3648 1546 3705 iniit,
1584 3647 1745 3696 verbis
1778 3647 1829 3694 in
1860 3647 1992 3693 hunc
2028 3646 2225 3692 modum
2250 3641 2515 3705 Jungendis
2530 3661 2543 3688 :

1419 3715 1549 3761 Hinc
1566 3727 1693 3773 sepes
1714 3729 1745 3758 a
1772 3713 1917 3757 limite
1943 3712 2103 3766 vicino,
2138 3709 2186 3755 h.
2225 3721 2395 3770 agrum
2425 3705 2545 3754 vici·

1419 3793 1539 3824 num
1576 3791 1605 3824 a
1635 3784 1720 3824 tuo
1746 3773 2105 3832 disterminans,
2134 3789 2234 3836 quae
2267 3787 2442 3832 semper
2467 3773 2548 3818 de-

1413 3850 1556 3903 pasta
1572 3844 1811 3902 θείμαν-ηε
1831 3843 1989 3888 salicti
2006 3843 2184 3902 apibus,
2203 3840 2341 3899 cujus
2360 3835 2549 3894 salices,

1423 3921 1452 3954 e
1481 3906 1658 3968 quibus
1684 3906 1793 3970 ipsa
1823 3913 2008 3953 structa
2036 3914 2124 3962 est,
2155 3917 2350 3966 semper
2374 3899 2550 3965 depas-

1422 3980 1601 4018 cuntur
1617 3971 1678 4018 ab
1700 3971 1888 4035 apibus,
1915 3971 2059 4033 (quas
2083 3968 2300 4032 epitheto
2321 3965 2383 4014 ad
2405 3980 2548 4014 orna-

1424 4045 1528 4082 tum
1552 4033 1678 4082 facto
1700 4038 1926 4097 Hyblam
1943 4049 1973 4080 a
1991 4041 2157 4080 monte
2181 4030 2361 4078 Siciliae
2382 4031 2551 4095 appel-

1423 4099 1535 4160 lat,)
1567 4103 1781 4147 madebit
1796 4115 1917 4160 saepe
1953 4100 2040 4144 tibi
2074 4113 2261 4144 murro
2293 4099 2379 4143 levi
2402 4109 2549 4159 apum

1425 4163 1603 4226 (καλὸν
1623 4165 1830 4223 βομβεῖν
1850 4163 2055 4209 Theocr.
2076 4159 2203 4208 dixit
2221 4160 2253 4217 i,
2282 4160 2399 4221 107)
2432 4163 2552 4207 inire

1422 4245 1635 4276 sommam.
1722 4225 1911 4275 Ultima
1960 4225 2203 4289 expressit
2236 4226 2422 4272 Auson-
2460 4223 2553 4287 Ep.

1425 4309 1539 4350 xxv,
1570 4295 1643 4340 12.
1697 4293 1911 4353 Hyblaeis
1928 4293 2093 4351 apibus
2111 4306 2239 4352 sepes
2261 4292 2453 4350 depasta
2474 4304 2553 4335 eu-

1429 4365 1603 4404 surr-at.

1496 4419 1704 4471 57-59.
1740 4422 2013 4478 Fraudator,
2046 4419 2129 4482 qui
2160 4418 2286 4467 vites
2320 4425 2555 4480 amputat,

1432 4495 1481 4534 et
1500 4485 1674 4534 vitium
1686 4484 1809 4560 folia
1826 4484 2035 4549 stringit,
2052 4482 2293 4547 dccci-pitz
2319 4481 2415 4530 vid.
2436 4481 2556 4528 Geo.
