3050 4934
1140 204 1502 284 'LIBER
1550 220 1699 286 111.

2467 222 2590 287 133

435 368 589 434 Nec
617 369 774 434 mihi
804 368 1148 454 displiceat
1174 368 1441 434 maculis
1470 370 1740 455 insignis
1771 383 1840 437 et
1867 372 2039 450 albo,

434 468 583 534 Aut
602 471 769 555 juga
798 472 1207 549 detrectans;
1254 472 1712 557 interdumque
1741 496 1978 558 aspera
2005 496 2234 551 cornu,

438 570 537 635 Et
562 570 795 637 faciem
824 584 1017 636 tauro
1044 572 1351 655 propior3
1396 595 1675 657 quaeque
1704 574 1914 638 ardua
1943 584 2104 652 tota,

438 672 539 737 Et
566 674 873 757 gradiens
904 674 1033 736 ima
1058 675 1261 737 verrit
1288 674 1564 757 vestigia
1591 673 1820 739 cauda.

300 772 393 834 60
440 774 643 838 AEtas
675 774 993 839 Lucinam
1010 773 1359 858 justosque
1387 775 1525 857 pati
1555 774 1928 859 hymenaeos

440 874 711 939 Desinit
738 886 889 939 ante
920 876 1169 951 decem,
1200 884 1355 959 post
1384 886 1668 958 quatuor
1695 876 1922 959 incipit
1949 896 2188 939 annos:

440 974 704 1039 Caetera
732 998 853 1040 nec
882 973 1143 1040 foeturae
1172 974 1431 1051 habilis,
1464 997 1585 1040 nec
1613 974 1802 1039 fortis
1832 978 2084 1039 aratris·

440 1075 727 1153 Interea,
758 1086 1026 1160 superat
1054 1076 1367 1160 gregibus
1399 1076 1556 1139 dum
1583 1075 1735 1140 laeta
1751 1076 2079 1161 juventas,

443 1176 637 1242 Solve
666 1200 915 1255 mares3
959 1178 1142 1241 mitte
1170 1178 1239 1239 in
1269 1176 1598 1242 Venerem
1625 1179 1930 1262 pecuaria
1955 1179 2228 1261 primus,

296 1280 393 1343 65
438 1278 665 1363 Atque
697 1278 886 1343 aliam
913 1301 999 1343 ex
1027 1278 1152 1343 alia
1180 1280 1558 1362 generando
1589 1280 1811 1344 suffice
1843 1278 2111 1363 prolem.

298 1399 303 1408 ·
440 1380 733 1465 Optuma
763 1402 1040 1464 quaeque
1068 1379 1208 1443 dies
1239 1380 1489 1444 miseris
1518 1379 1897 1445 mortalibus
1929 1383 2050 1444 aevi

441 1480 664 1544 Prima
692 1480 897 1564 fugit:
948 1482 1233 1544 subeunt
1260 1482 1490 1557 morbi,
1523 1482 1855 1565 tristisque
1891 1492 2230 1559 senectus;

442 1582 538 1646 Et
566 1581 754 1647 labor
782 1593 853 1647 et
880 1582 1065 1645 durae
1096 1583 1269 1666 rapit
1296 1581 1702 1647 inclementia
1733 1568 1980 1647 mortis.

440 1683 716 1768 Semper
742 1694 956 1760 erunt,
988 1706 1264 1767 quarum
1292 1684 1527 1767 mutari
1559 1705 1837 1767 corpora
1863 1682 2084 1747 malis:

314 1785 407 1847 70
450 1784 723 1868 Semper
752 1786 921 1849 enim
952 1784 1187 1861 refice3
1232 1805 1331 1861 ac,
1365 1806 1445 1849 ne
1476 1794 1629 1869 post
1658 1785 1894 1848 amissa
1923 1784 2239 1867 requiras,

438 1884 789 1962 Anteveni,
818 1896 885 1949 et
918 1883 1211 1949 sobolem
1240 1894 1532 1949 armento
1564 1884 1799 1948 sortire
1831 1886 2198 1967 quotanniS.

526 1984 673 2047 Nec
703 2006 833 2047 non
861 1997 931 2048 et
958 1984 1181 2069 pecori
1210 1994 1313 2047 est
1343 1985 1515 2047 idem
1547 1983 1826 2048 dilectus
1858 1985 2116 2067 equino.

438 2082 553 2146 Tu
578 2083 797 2159 modo,
830 2106 993 2167 quos
1025 2085 1093 2147 in
1124 2105 1307 2167 spem
1338 2094 1585 2148 statues
1619 2085 1998 2147 submittere
2027 2086 2264 2165 gentiS,

438 2182 856 2266 Praecipuum
877 2184 1014 2267 jam
1040 2183 1192 2247 inde
1234 2206 1273 2246 a
1303 2184 1543 2247 teneris
1575 2186 1875 2269 impende
1907 2183 2212 2249 laborem.

261 2398 528 2453 compacta,
562 2388 779 2452 adeoque
814 2404 993 2452 mag-na
1026 2404 1133 2438 esse
1172 2398 1390 2454 possunt.

266 2455 465 2501 &num
505 2470 675 2501 cornua
714 2463 832 2502 sunt
868 2453 1084 2511 incurva,
1129 2453 1394 2502 introrsum

261 2532 513 2567 conversa.
546 2516 752 2567 Ἐλυεας
768 2516 889 2573 βόας
910 2518 1261 2581 εὐρυμετώπους
1281 2518 1389 2565 Ho-

264 2582 383 2629 meri
418 2582 503 2643 (ut
524 2581 701 2645 Odyss-
736 2590 785 2641 λ,
817 2582 939 2644 288)
973 2598 1071 2631 non
1104 2581 1230 2630 male
1256 2598 1388 2631 cotn-

260 2656 401 2709 parat
426 2644 655 2694 Ursinus.

324 2712 401 2757 56.
438 2712 544 2758 Nec
566 2713 677 2758 mihi
702 2712 957 2772 displiceat.
1015 2709 1206 2758 Litotes
1234 2710 1392 2773 figura

259 2784 347 2832 est,
378 2774 547 2836 inquit
580 2773 794 2830 Servius,
827 2774 878 2821 id
911 2780 999 2830 est,
1023 2773 1165 2821 valde
1185 2773 1389 2837 placeat,

1457 2390 1708 2438 ditionem.
1777 2390 1938 2447 Dicas,
1974 2404 2073 2437 non
2106 2389 2226 2438 satis
2255 2406 2367 2439 cum
2396 2394 2584 2443 caeteris

1450 2456 1674 2517 iunctam
1706 2468 1812 2501 esse
1845 2453 2168 2501 sententiam:
2204 2454 2257 2501 id
2279 2455 2475 2516 quidem
2508 2458 2578 2504 sa-

1457 2528 1590 2574 teor;
1626 2518 1875 2566 fatendum
1910 2527 2074 2566 tamen
2107 2527 2157 2565 et
2187 2518 2294 2575 hoc,
2327 2520 2583 2568 sententiae

1492 2582 1569 2629 lus
1602 2581 1853 2645 dignitatis
1876 2598 1938 2629 ex
1962 2582 2052 2629 hac
2077 2582 2138 2629 ad
2165 2582 2393 2631 mortales
2426 2593 2581 2632 trans-

1472 2646 1637 2695 atione
1661 2646 1936 2694 accessisse.

1521 2710 1729 2760 69—71.
1781 2711 1939 2758 Varro
1976 2710 2037 2758 R.
2081 2710 2142 2757 R.
2177 2710 2227 2768 ii,
2262 2713 2306 2769 5,
2356 2712 2429 2771 17,
2467 2714 2585 2761 Item

1458 2774 1545 2836 (de
1577 2775 1730 2823 bobus
1756 2774 1954 2837 agebat)
1991 2783 2045 2822 ut
2076 2778 2340 2837 {antiquis
2361 2781 2584 2841 gregibus

258 2850 311 2885 ut
335 2838 453 2885 ΕΩ.
480 2836 565 2895 vii,
591 2838 700 2895 261,
724 2840 923 2885 Munera
945 2855 1025 2885 nec
1045 2855 1220 2899 sperno.
1278 2840 1385 2885 Ma·
1448 2842 1684 2900 pecuariis
1704 2840 1904 2886 delectus
1928 2842 2169 2901 quotannis
2189 2842 2435 2899 habendus,
2467 2842 2580 2905 reji-

256 2906 373 2949 eneis
394 2906 599 2965 insignis
618 2910 666 2949 et
694 2905 797 2949 albo
812 2921 828 2949 .-
862 2901 1067 2950 delinire
1088 2917 1189 2950 non
1215 2901 1386 2960 ausim,

254 2976 425 3014 utrum
448 2964 553 3015 sint
572 2966 775 3014 maculae
796 2965 949 3029 nigrae
969 2966 1021 3014 in
1044 2966 1154 3013 albo
1171 2980 1388 3030 corpore,

254 3046 317 3078 sn
364 3030 493 3079 nlboe
536 3030 589 3077 in
627 3029 769 3103 nigro
806 3030 1003 3087 rufove3
1056 3039 1257 3095 praestat
1298 3031 1390 3078 hoc

245 3097 501 3156 junctura,
521 3094 725 3141 maculis
747 3103 797 3141 et
819 3094 941 3142 albo.
1310 3152 1319 3159 Ι

320 3159 535 3206 60-62.
572 3158 715 3206 AEtss
729 3160 864 3221 justa
884 3157 1173 3206 admittendi
1196 3168 1389 3205 taurum

256 3232 309 3271 et
326 3222 572 3287 pariendi.
632 3221 820 3270 Colum.
846 3222 910 3280 vi,
935 3224 1012 3280 24,
1042 3223 1083 3279 1,
1108 3224 1282 3289 Eat-his
1311 3226 1391 3285 qui

250 3290 517 3348 quadri-1⁸¹³
558 3290 751 3334 m'nores
784 3294 905 3343 eunt,
943 3286 1222 3348 majoresque
1256 3304 1393 3348 quam

250 3354 497 3399 danda-§n
520 3352 713 3413 (noster
744 3350 937 3413 decem)
968 3366 1201 3408 annorum,
1230 3354 1388 3413 prohi-

257 3418 431 3463 bentur
462 3417 738 3472 «dusiacum,
770 3424 861 3462 etc.
921 3414 1047 3463 Vide
1082 3429 1227 3477 quam
1259 3424 1391 3463 caste

252 3489 307 3526 et
329 3479 509 3527 decore
532 3489 679 3543 poeta
696 3478 825 3526 banc
850 3492 957 3526 rem
977 3479 1301 3541 expresserit;
1336 3488 1393 3527 ut

252 3554 309 3591 et
328 3544 383 3591 in
406 3560 509 3617 sqq.
559 3546 688 3591 Junci
708 3546 943 3606 hymenei,
971 3544 1105 3605 justa
1128 3552 1179 3591 et
1198 3550 1391 3591 matura

254 3618 405 3656 etate
428 3608 557 3655 inni.

324 3674 404 3729 63,
450 3673 529 3719 64.
582 3672 783 3729 Interea,
824 3670 876 3718 in
917 3670 1077 3735 spatio
1109 3670 1203 3718 hoc
1243 3670 1385 3733 quin-

254 3735 475 3799 quennii,
500 3736 619 3784 dum
646 3734 854 3798 juvenili
876 3734 1042 3799 vigore
1063 3744 1269 3783 utuntur
1299 3735 1384 3782 bo-

256 3816 358 3858 ves,
379 3812 546 3849 tamon
566 3802 699 3857 solve,
718 3798 935 3847 admitte.
984 3800 1064 3846 De
1086 3796 1240 3846 tauris
1258 3813 1387 3847 nunc

252 3880 355 3913 non
396 3865 613 3919 laborat3
662 3880 774 3911 cum
808 3862 870 3911 de
907 3862 971 3911 iis
1004 3862 1101 3911 alio
1135 3864 1243 3911 loco
1274 3878 1389 3911 mox

253 3928 477 3977 dicun-us
514 3927 594 3987 sit,
626 3944 721 3976 vas.
750 3928 845 3975 212
867 3942 972 3990 sqq.
1027 3929 1259 3976 Pecuaria
1290 3942 1388 3975 non

252 3992 361 4041 10oe
402 3994 451 4041 h.
489 3992 538 4049 1..
570 3991 660 4041 sed
694 3992 803 4055 ipsa
834 4008 1025 4055 pecora,
1060 3993 1222 4049 boves,
1258 4001 1387 4039 sunt.

256 4060 457 4114 mm,
486 4057 535 4104 h.
573 4055 933 4120 quamprimum
964 4056 1120 4114 mitte,
1157 4055 1275 4103 dum
1305 4058 1385 4117 Ju-

256 4121 435 4169 venilis
480 4129 601 4169 etas
640 4128 877 4184 superest,
923 4120 1080 4169 durat.
1154 4118 1236 4167 Sic
1274 4134 1392 4167 mox

254 4183 581 4248 Pria-afugit,
606 4185 765 4249 vulgo,
790 4184 902 4233 cito.

320 4250 401 4297 66.
440 4253 641 4311 Optuma
662 4253 774 4306 dies,
798 4257 855 4297 ut
873 4252 1057 4311 optima,
1077 4250 1249 4307 melior,
1277 4251 1390 4296 bona

253 4323 385 4373 etas,
410 4313 473 4362 de
500 4316 775 4376 juventute.
844 4314 925 4361 Ab
957 4312 1192 4360 armentis
1214 4312 1276 4360 ad
1298 4312 1384 4360 ho-

254 4378 415 4428 mines
436 4377 609 4428 rendit
630 4380 827 4428 brevem
850 4394 905 4427 ac
928 4376 1111 4427 fluxam
1135 4376 1249 4426 vitae
1268 4392 1385 4425 con-

1454 2906 1570 2951 culae
1587 2903 1870 2965 rejiciundae,
1890 2906 2011 2965 quod
2032 2905 2173 2951 locum
2189 2913 2410 2966 occupant
2427 2922 2584 2953 earum

1453 2984 1554 3029 quae
1564 2964 1696 3028 ferre
1719 2975 1908 3029 possunt
1925 2965 2130 3029 fructus.
2198 2962 2387 3015 colum.
2413 2969 2476 3027 vi,
2502 2972 2581 3027 22,

1460 3032 1502 3089 1,
1527 3034 1622 3079 Sed
1653 3034 1903 3079 curandam
1933 3040 2001 3079 est
2036 3034 2239 3079 omnibus
2260 3036 2395 3079 annis
2423 3037 2470 3080 in
2502 3037 2584 3081 hoc

1454 3098 2052 3213 sssszifflbzztzssi‘m
2065 3098 2289 3208 {1532
2307 3105 2583 3221 {5322}

1454 3240 1556 3285 quae
1588 3226 1780 3286 gignere
1819 3225 2064 3281 desierunt,
2101 3228 2423 3273 summovenda
2457 3235 2580 3285 sunt,

1456 3296 1548 3336 ete.
1622 3291 1825 3339 Quarum
1856 3304 2058 3348 corpora,
2099 3288 2146 3335 h.
2182 3304 2302 3350 quas
2333 3305 2445 3338 cum
2472 3289 2582 3337 aliis

1454 3351 1722 3416 permutari
1747 3351 1890 3407 velis3
1915 3351 2035 3399 alias
2057 3352 2118 3400 iis
2141 3352 2442 3411 submittere,
2463 3354 2577 3401 sub-

1455 3416 1675 3473 stituere,
1719 3416 1955 3464 sufficere.
2037 3420 2220 3479 Semper
2260 3417 2392 3465 enim
2433 3421 2578 3477 refice,

1454 3480 1503 3527 h.
1527 3480 1693 3541 igitur,
1718 3490 1774 3526 ut
1792 3480 1887 3541 ’γὰρ
1908 3496 1998 3544 pro
2021 3480 2122 3541 ἄρα,
2149 3478 2219 3536 δή.
2263 3484 2448 3527 Amissa
2475 3480 2578 3527 scil.

1453 3558 1672 3606 corpora.
1727 3546 1895 3589 Sor-tiri
1917 3543 2063 3590 etiam
2086 3543 2192 3590 sine
2213 3542 2360 3591 sortis
2383 3543 2581 3591 notione

1454 3612 1529 3655 'est
1553 3604 1732 3668 eligere
1757 3614 1807 3653 et
1828 3606 2135 3653 substituere.

1520 3669 1760 3721 72-137,
1803 3668 2033 3731 Sequitur
2074 3669 2212 3717 locus
2248 3669 2309 3717 de
2345 3684 2579 3732 equorum

1451 3750 1584 3793 cura,
1620 3743 1670 3782 et
1708 3732 1904 3797 quidem
1937 3732 1998 3781 de
2032 3732 2301 3783 admissura
2333 3750 2486 3797 usque
2519 3736 2580 3784 ad

1452 3801 1563 3847 208.
1623 3798 1882 3861 Exquisita
1902 3796 2150 3856 varietate,
2174 3808 2231 3847 ut
2258 3798 2458 3846 Servius
2489 3815 2576 3847 no-

1454 3864 1588 3921 tavit,
1613 3879 1724 3912 cum
1757 3863 1819 3912 de
1842 3862 2035 3911 taurino
2055 3878 2237 3925 genere
2259 3871 2439 3924 ageret,
2472 3878 2576 3911 ma-

1454 3936 1595 3986 trem,
1629 3944 1775 3985 nunc,
1808 3942 1920 3975 cum
1951 3927 2013 3974 de
2049 3927 2242 3989 equino,
2273 3934 2461 3989 patrem
2491 3927 2576 3975 ad-

1456 3992 1733 4040 missarium
1754 3990 1999 4039 describit.

1521 4054 1598 4106 73.
1635 4058 1909 4103 Submittere
1952 4053 2130 4101 dicitur
2161 4052 2388 4101 universe
2421 4054 2483 4103 de
2517 4055 2580 4104 iis

1456 4120 1536 4183 qui
1572 4119 1933 4168 substituuntur
1963 4116 2014 4164 in
2049 4116 2252 4164 aliorum
2287 4117 2463 4177 locum,
2496 4134 2582 4168 aut

1455 4182 1517 4232 ad
1535 4182 1862 4247 supplendum
1883 4195 2082 4243 gregem
2101 4179 2320 4238 aluntur;
2351 4183 2446 4230 vid.
2469 4200 2576 4248 sup.

1452 4248 1516 4297 ad
1541 4248 1644 4294 Ecl.
1668 4246 1700 4303 i,
1726 4246 1817 4299 46;
1854 4260 1984 4292 nunc
2017 4245 2212 4309 proprie
2245 4246 2306 4293 de
2339 4247 2476 4310 equis
2497 4248 2580 4311 qui

1452 4312 1515 4361 ad
1550 4309 1870 4358 admissuram
1908 4309 2116 4367 aluntur,
2156 4311 2204 4358 h.
2241 4320 2296 4358 ut
2330 4310 2380 4358 in
2423 4310 2581 4360 locum

1452 4376 1676 4435 aliorum,
1697 4374 1887 4423 foeturae
1909 4372 2171 4432 inutilium,
2192 4374 2288 4438 ipsi
2305 4375 2578 4424 succedant.
