3050 4934
517 267 639 332 112

1325 259 1996 326 GEORGICON

507 415 638 479 320
679 415 980 480 Candida
1008 415 1182 478 venit
1211 414 1368 489 aviS,
1400 410 1611 496 longis
1642 411 1847 476 invisa
1876 408 2199 486 colubris;

680 516 899 580 Prima
928 513 1029 578 vel
1058 515 1388 578 auctumni
1417 514 1543 577 sub
1574 511 1839 596 frigora,
1868 534 2069 595 quum
2097 509 2367 594 rapidus
2398 507 2516 572 Sol

667 611 994 681 'Nondum
1019 617 1296 679 hiemem
1323 615 1639 698 contingit
1668 615 1877 698 (aquia,
1900 614 2037 697 jam
2066 611 2357 696 praeterit
2385 621 2601 674 aestas,

681 719 820 783 Ver
849 719 1016 783 adeo
1045 717 1260 783 frondi
1291 738 1647 794 nemorum,
1679 738 1792 780 ver
1822 715 1981 780 utile
2011 713 2221 790 silvis;

593 761 615 916 ί
681 821 858 886 Vere
890 831 1140 884 tument
1168 831 1383 896 terrae,
1415 829 1484 882 et
1511 817 1819 902 genitalia
1846 819 2047 882 semin
2110 825 2420 900 poscunt.

504 923 638 986 325
681 921 855 986 Tum
883 935 1073 1006 pater
1101 921 1506 1005 omnipotens
1540 919 1862 984 foecundis
1892 919 2205 982 imbribus
2238 915 2483 980 AEther
2514 1005 2519 1010 Ι

683 1024 996 1108 Conjugis
1025 1025 1093 1088 in
1122 1023 1436 1106 gremium
1463 1021 1631 1085 laetae
1662 1020 2025 1097 descendit,
2058 1030 2126 1084 et
2156 1039 2377 1082 omnes

683 1125 971 1209 Magnus
1001 1123 1136 1200 alit,
1168 1145 1404 1206 magno
1433 1123 1816 1187 commixtus
1846 1143 2146 1205 corpore,
2178 1119 2399 1184 foetus.

683 1225 854 1290 Avia
881 1238 1017 1290 tum
1047 1235 1356 1289 resonant
1379 1225 1611 1288 avibus
1641 1221 1922 1307 virgulta
1952 1222 2230 1298 canoris,

447 1383 456 1405 ,
683 1327 777 1391 Et
806 1327 1134 1391 V-enerem
1161 1326 1357 1390 certis
1385 1333 1695 1408 repetunt
1723 1333 2017 1388 armenta
2045 1323 2301 1387 diebus·

453 1446 462 1492 ··.
505 1429 640 1493 330
683 1428 974 1494 Parturit
1003 1426 1206 1492 almus
1235 1447 1430 1510 agen
1481 1424 1907 1508 Zephyrique
1936 1423 2311 1508 tepentibus
2343 1422 2517 1486 auris

467 1562 470 1570 ·
684 1529 945 1593 Laxant
973 1549 1127 1592 arva
1155 1527 1372 1604 sinus3
1417 1536 1690 1610 superat
1718 1535 1903 1590 tener
1933 1525 2229 1589 omnibus
2255 1523 2523 1588 humor:

683 1631 890 1715 Inque
919 1653 1120 1718 novos
1155 1629 1326 1695 soles
1357 1630 1604 1694 audent
1634 1651 1703 1692 se
1732 1629 2021 1712 germina
2050 1637 2193 1692 tuto

679 1733 972 1798 Credere
997 1759 1015 1810 3
1061 1753 1182 1796 nee
1209 1731 1438 1795 metuit
1467 1741 1813 1814 surgentes
1843 1730 2187 1814 pampinus
2216 1727 2525 1803 Austros,

683 1833 825 1900 Aut
852 1843 1068 1897 actum
1097 1831 1264 1896 coelo
1293 1833 1542 1915 magnis
1575 1829 2012 1914 Aquilonibus
2044 1830 2347 1906 imbrem3

506 1937 639 2000 335
683 1935 819 2000 Sed
848 1935 1054 1998 trudit
1081 1956 1392 2018 gemmae,
1422 1943 1490 1996 et
1517 1932 1785 1997 frondes
1816 1930 2099 2016 explicat
2127 1952 2370 1996 omnes·

682 2037 840 2100 Non
867 2034 1026 2100 alios
1053 2035 1260 2118 prima
1285 2034 1638 2098 crescentis
1668 2033 1917 2117 origine
1946 2033 2171 2096 mundi

682 2135 984 2200 Illuxisse
1015 2136 1180 2212 dise,
1211 2133 1485 2200 aliumve
1513 2134 1825 2199 habuisse
1856 2145 2149 2198 tenorem

678 2236 1127 2301 Crediderim:
1173 2256 1287 2299 ver
1315 2233 1475 2299 illud
1505 2245 1687 2314 erat;
1733 2258 1849 2299 ver
1878 2257 2150 2318 magnus
2182 2235 2421 2318 agebat

681 2337 908 2414 Orbis,
942 2347 1010 2402 et
1037 2337 1325 2402 hibernis
1355 2337 1715 2421 parcebant
1741 2335 2005 2402 flatibus
2038 2335 2245 2414 Euri3

507 2505 541 2566 i,
575 2507 685 2564 312,
721 2509 800 2554 ubi
819 2505 924 2568 jam
961 2507 1221 2566 brevnov-que
1252 2507 1351 2552 dies
1382 2512 1430 2552 et
1459 2505 1635 2552 monier

507 2579 660 2620 astas.
715 2573 937 2628 Hiemem,
961 2569 1102 2632 signa
1121 2568 1364 2616 hiemalia.

575 2637 684 2692 323,
712 2636 820 2682 324.
861 2634 979 2691 Ver,
1011 2647 1110 2680 non
1141 2633 1285 2680 modo
1317 2631 1512 2689 vitibus,
1548 2631 1637 2680 sed

505 2698 735 2746 omnibus
759 2697 976 2758 omnino,
990 2697 1242 2745 arboribus
1275 2695 1494 2744 serendis
1526 2694 1632 2742 ido-

507 2777 657 2810 neum
677 2777 735 2809 ac
757 2761 1064 2809 commodum
1087 2771 1294 2824 tempus.
1355 2759 1633 2808 Pulcherri-

509 2841 619 2874 mus
637 2841 821 2882 versus,
846 2835 902 2873 ut
923 2833 1054 2873 totus
1071 2825 1219 2873 locus.
1269 2827 1424 2872 Terrae
1445 2832 1633 2881 tument,

507 2889 700 2952 ὀργῶσι,
724 2889 852 2952 quod
889 2898 939 2937 et
969 2889 1131 2954 ipsum
1165 2905 1194 2937 a
1227 2891 1498 2952 pubertate,
1521 2904 1635 2936 cum

505 2953 753 3018 pectus'et
773 2969 998 3002 mammae
1020 2962 1230 3016 turgent,
1255 2968 1368 3002 cum
1399 2953 1460 3000 ad
1489 2952 1631 3000 tellu-

507 3033 614 3066 rem
645 3028 748 3065 tum
778 3017 842 3065 ad
873 3017 1037 3079 fruges
1068 3032 1218 3065 novas
1246 3017 1371 3064 lacte
1401 3033 1458 3065 ac
1489 3031 1635 3064 succo

411 3101 416 3104 ·
507 3091 760 3144 turgentes
783 3081 1084 3129 transfertur.
1152 3083 1354 3128 Poscant
1373 3082 1560 3136 semina,
1585 3081 1631 3128 h.

506 3145 712 3193 sationis
748 3155 844 3193 tem
881 3161 939 3193 us
976 3145 1138 3193 adest:
1179 3147 1422 3208 genitalia,
1459 3143 1636 3206 quibus

508 3219 828 3273 procreantur
925 3224 1025 3270 ges.

574 3271 847 3322 825—327.
901 3272 1121 3320 AEtheris
1171 3273 1470 3320 connubium
1523 3289 1637 3320 cum

507 3337 678 3393 Terra,
693 3336 850 3384 imbre
863 3335 1172 3384 foecundante
1186 3351 1341 3399 agros.
1379 3337 1636 3384 Servatum

509 3401 602 3449 hoc
620 3415 684 3448 ex
700 3400 901 3462 antiquo
918 3415 1158 3458 sermone,
1179 3416 1274 3462 quo
1291 3410 1450 3463 poetae
1499 3400 1633 3463 hysi-

508 3481 590 3514 cas
611 3481 690 3512 res
715 3465 1024 3528 exponebant
1045 3473 1096 3511 et
1117 3465 1368 3522 ornabant,
1393 3479 1460 3511 un
1495 3480 1523 3511 e
1548 3465 1631 3512 de-

507 3529 624 3578 hinc
645 3544 823 3592 magna
843 3529 1080 3591 mythicen
1106 3544 1220 3592 pars
1245 3528 1402 3576 fluxit.
1459 3528 1635 3576 AEther

507 3595 558 3642 h.
577 3594 607 3642 l.
626 3609 739 3642 cum
757 3593 912 3642 Terra
933 3595 1140 3656 conjuge
1161 3603 1485 3648 memoraturz
1515 3593 1636 3641 alias

507 3659 796 3733 plerumque
834 3659 862 3706 J
869 3657 974 3706 ovis
1012 3657 1209 3706 nomine
1249 3657 1632 3721 insigniebatur:

507 3723 755 3771 interdum
773 3731 830 3770 ut
849 3721 1086 3786 superior,
1111 3723 1141 3770 J
1145 3737 1244 3770 uno
1265 3721 1478 3780 inferior,
1499 3721 1635 3784 reg-io

506 3797 660 3840 essetz
681 3786 928 3834 interdum
944 3795 998 3833 ut
1009 3786 1208 3848 Jupiter
1224 3785 1424 3833 omnino
1439 3801 1634 3833 omnem

507 3865 686 3908 aerem,
712 3851 928 3912 adeoque
947 3850 1316 3912 atmosphaeram
1337 3848 1631 3911 designaret,

509 3923 564 3963 ut
587 3916 632 3962 h.
653 3915 685 3962 1.
723 3915 859 3962 Hinc
877 3911 1046 3961 natum
1063 3913 1456 3974 antiquissimum
1508 3913 1630 3960 han-

507 3987 677 4036 tasma‚
702 3988 759 4026 ut
787 3980 956 4035 Amor,
983 3976 1291 4039 Coniugium,
1317 3978 1485 4024 Concu
1519 3975 1632 4035 itus,

513 4042 730 4100 Naturae,
775 4041 1008 4099 AEtberis,
1045 4051 1096 4088 et
1127 4042 1307 4098 Terrae,
1341 4040 1483 4088 Jovis
1521 4056 1636 4089 cum

505 4106 541 4154 J
545 4121 721 4162 unone,
745 4115 1218 4163 commemoraretur,
1243 4104 1434 4168 quoties
1459 4105 1522 4152 de
1542 4105 1631 4153 foe-

507 4169 803 4217 cundatione
825 4179 982 4229 terrae,
1006 4185 1115 4233 quae
1143 4171 1201 4218 fit
1221 4184 1336 4218 vere
1371 4178 1456 4216 aut
1481 4169 1636 4218 imbre

507 4247 680 4295 agrum
699 4244 969 4293 recreante,
999 4235 1173 4298 agitur.
1232 4233 1426 4282 Nobilis
1447 4233 1632 4297 priseo-

507 4311 619 4344 rum
651 4305 904 4359 poetarum
939 4300 1134 4362 mythus
1166 4297 1280 4346 hinc
1313 4298 1489 4346 ductus
1517 4297 1638 4360 ἱερὸς

507 4357 665 4422 ’γέμος
685 4360 910 4408 lunonis.
983 4363 1096 4424 Ipse
1125 4363 1374 4411 Homerus
1405 4361 1520 4410 hinc
1544 4362 1635 4410 Ju-

507 4423 654 4472 nonis
675 4439 777 4470 suae
797 4438 910 4471 cum
931 4425 1056 4471 Jove
1087 4441 1400 4486 congressum
1433 4426 1635 4486 effinxit,

1702 2502 1841 2551 Iliad.
1866 2506 1907 2563 ξ,
1933 2504 2028 2550 346
2054 2517 2156 2566 sqq.
2224 2502 2485 2568 Expressit
2512 2519 2631 2552 vero
2660 2515 2833 2555 noster

1698 2567 1922 2631 proin'me
1953 2568 2147 2615 Lucret.
2170 2566 2204 2625 i,
2227 2569 2319 2614 251
2345 2583 2415 2630 sq.
2471 2571 2697 2631 Magnum
2726 2587 2831 2618 eor-

1694 2647 1785 2692 pus
1806 2632 1973 2679 Terrae
1992 2631 2380 2694 intelligendum,
2404 2641 2461 2680 ut
2483 2631 2597 2680 AEn.
2623 2633 2688 2690 vi,
2716 2633 2831 2692 727,

1698 2696 1762 2742 de
1784 2695 1876 2742 hoc
1898 2695 2139 2744 universo.
2178 2696 2413 2758 Expressi
2436 2711 2500 2744 ex
2520 2696 2569 2743 h.
2592 2696 2625 2744 1.
2645 2699 2833 2748 veteris

1700 2769 1859 2822 poetae
1892 2775 2061 2808 versus
2094 2758 2147 2807 in
2182 2759 2449 2824 Pervigilio
2480 2760 2723 2810 Veneris:
2772 2765 2835 2810 In

1698 2828 1848 2871 sinum
1874 2827 2069 2872 maritus
2082 2825 2242 2872 'imber
2264 2827 2407 2886 flua-it
2438 2827 2571 2873 alm
2600 2826 2832 2890 conjugis,

1709 2891 1839 2936 Unde
1846 2886 1997 2949 soetus
2018 2892 2187 2936 mixtus
2206 2905 2354 2936 onmes
2375 2892 2522 2937 aleret
2540 2907 2705 2952 magno
2724 2907 2831 2939 cor·-

1693 2968 1821 3014 pore.

1765 3017 2037 3064 331—334.
2069 3018 2224 3065 Terra
2240 3017 2501 3066 admodum
2514 3026 2593 3066 est
2606 3017 2831 3068 humida.

1700 3083 1901 3142 Superat
1926 3083 2096 3137 humor,
2121 3081 2348 3138 abundat,
2370 3097 2485 3130 cum
2508 3091 2739 3146 respectu
2767 3083 2835 3131 ad

1700 3144 1775 3192 lac
1806 3144 1989 3192 matris.
2058 3147 2245 3193 Laxant
2275 3162 2389 3193 ma
2420 3150 2561 3204 sines,
2596 3161 2707 3208 quae
2738 3147 2833 3195 fri-

1700 3223 1817 3271 gore
1850 3208 2083 3257 adstricta
2112 3217 2265 3257 eraut.
2334 3212 2556 3258 Gemina
2576 3212 2837 3260 communi

1701 3272 1891 3322 ratione
1920 3273 2152 3335 loquendi
2177 3291 2226 3322 ce
2248 3277 2441 3322 eredunt
2460 3277 2563 3322 soli.
2628 3275 2835 3326 Lucret-

1702 3353 1747 3395 ν,
1772 3337 1881 3394 780,
1904 3354 2013 3385 novo
2032 3335 2161 3398 soetu
2186 3341 2301 3399 quid
2324 3342 2523 3400 primum
2558 3342 2609 3386 in
2640 3342 2838 3389 lumin&

1700 3417 1806 3449 oras
1852 3403 2039 3459 Tollere,
2082 3410 2129 3452 et
2172 3405 2362 3450 incertis
2403 3406 2599 3450 tentarit
2638 3407 2835 3453 creden

1700 3469 1858 3512 ventis.
1917 3465 2015 3513 Sed
2040 3475 2194 3514 totum
2214 3465 2375 3514 locum
2396 3465 2449 3514 in
2470 3467 2635 3514 animo
2655 3467 2840 3517 habuit

1700 3539 1880 3587 noster,
1916 3528 1958 3576 si
1990 3539 2251 3592 utrumque
2284 3545 2549 3594 compares.
2620 3534 2837 3581 Credunt

1698 3593 2121 3706 {322'222332
2144 3611 2207 3706 2³2
2226 3611 2385 3707 '2333
2406 3597 2834 3716 ,ἵζ’ἷῖαἵὲιῗᾚ

1700 3721 2073 3835 efflplohatamea
2092 3723 2309 3834 Lucretisi
2344 3723 2407 3779 vi,
2445 3725 2582 3836 lug).
2640 3723 2833 3836 Ττὲω-

1774 3802 1790 3833 ι
1922 3803 1982 3834 nc
2072 3803 2228 3835 unam
2312 3803 2463 3836 eneca
2562 3802 2657 3835 erc.
2752 3805 2833 3838 ur.

1706 3851 1810 3907 147,
1834 3850 1896 3897 de
1918 3850 2124 3899 luscinia
2144 3850 2396 3899 exoriente
2418 3851 2521 3899 diez
2557 3854 2837 3914 Fanumque

1698 3931 1805 3960 novo
1826 3916 2011 3962 tradere
2026 3917 2113 3962 soli
2138 3917 2303 3962 Gestit.
2367 3918 2559 3978 Magnis
2580 3918 2627 3964 A

1701 3979 1795 4034 bus,
1837 3976 2220 4036 vehementibus,
2262 3979 2561 4043 procellosis.
2637 3981 2833 4029 Luere-

1700 4041 1797 4090 tius
1830 4057 1875 4098 v,
1911 4043 2021 4100 817,
2056 4045 2126 4091 At
2152 4047 2330 4092 novitas
2358 4047 2517 4092 mundi
2536 4061 2619 4092 nec
2634 4042 2837 4108 frigora

1700 4109 1819 4153 dum
1850 4108 2015 4163 ciebat,
2048 4109 2151 4155 Nee
2176 4111 2339 4155 nimios
2364 4115 2517 4164 κερέα,
2540 4123 2623 4156 noe
2646 4115 2839 4171 magnis

1699 4173 1875 4218 viribus
1895 4174 2104 4219 Austros.

1700 4234 1833 4282 serit.

1768 4299 2040 4346 336—340.
2086 4300 2283 4353 Quanto
2314 4314 2425 4348 cum
2460 4308 2637 4348 ornatu
2672 4315 2835 4365 expo-

1702 4362 1801 4411 suit
1831 4363 1938 4420 hoc,
1958 4363 2130 4410 mundi
2163 4363 2349 4411 natales
2380 4363 2431 4410 in
2458 4379 2665 4412 vernum
2698 4375 2833 4413 tem-

1702 4443 1796 4489 pus
1838 4425 2093 4476 incidisse!
2156 4428 2237 4475 An
2276 4437 2391 4476 ante
2433 4427 2697 4477 Maronem
2736 4429 2835 4478 ali-

2163 4171 2331 4229 Vides,
2354 4171 2486 4220 unde
2512 4181 2681 4221 noster
2702 4173 2835 4222 hm-
