3050 4934
447 291 509 354 iv
1325 299 1890 367 MONITUM.

448 504 766 582 Medicei
813 512 1071 609 petita,
1118 513 1249 590 sed
1296 515 1542 588 minus
1579 515 1876 613 Heynio
1926 512 2260 611 probata,
2307 519 2384 583 et
2432 510 2506 581 in
2555 506 2753 579 notis

444 668 536 742 ab
585 694 676 746 eo
729 673 1141 764 immutata,
1186 677 1283 751 ad
1326 678 1691 752 rationem
1728 676 2110 752 solennem
2148 682 2227 749 et
2273 671 2485 746 nobis
2529 669 2753 744 usita-

438 841 595 908 tam
663 837 1096 936 plerumque
1157 840 1533 939 redigitur.
1642 841 2017 916 Asterisco
2086 845 2441 912 notantur
2498 856 2753 908 versus

442 1021 700 1075 omnes
761 1003 888 1099 qui
945 1004 1218 1078 mendo
1280 1004 1398 1078 vel
1449 1003 1701 1078 mendi
1752 1004 2165 1102 suspicione
2224 1000 2605 1085 laborant3
2675 1007 2785 1071 et.

440 1189 700 1241 eorum
749 1169 1145 1268 unicuique
1196 1180 1371 1245 sunt
1421 1171 1706 1244 suffixae
1755 1170 2079 1244 rationes
2129 1193 2356 1266 quare
2408 1166 2752 1240 adulteri-

439 1351 580 1404 nus
615 1339 746 1404 aut
789 1332 1296 1430 supposititius
1330 1334 1710 1408 habeatur.
1800 1334 2049 1423 Notae,
2084 1356 2326 1430 neque
2362 1331 2506 1405 hoc
2540 1329 2749 1404 nihili

438 1501 554 1568 est
597 1493 1042 1585 ducendum,
1091 1497 1198 1572 ita
1239 1497 1715 1597 paragraphis
1768 1497 2077 1572 modicis
2127 1505 2302 1570 sunt
2351 1494 2748 1594 dispositae,

433 1665 522 1732 ut
578 1659 1152 1758 uniuscujusque
1213 1686 1468 1738 versus
1537 1661 2221 1759 interpretationem
2278 1657 2490 1732 facile
2552 1684 2748 1734 asse-

435 1830 705 1916 quatur
739 1823 998 1898 oculus
1031 1824 1364 1922 legentis.
1447 1825 1814 1920 Denique,
1848 1824 1925 1896 in
1961 1823 2151 1899 votis
2184 1823 2348 1911 fuit,
2383 1833 2745 1921 quantum

430 2008 566 2084 pro
613 1987 832 2060 arctis
873 1985 1228 2061 limitibus
1273 1987 1428 2060 fieri
1475 1988 1743 2084 potuit,
1780 1986 2028 2060 omnia
2073 1986 2337 2084 quibus
2381 1987 2743 2064 lectorum

305 2147 313 2154 “
432 2149 824 2222 commodo
901 2149 1186 2223 consuli
1252 2173 1470 2248 posse
1554 2149 1793 2224 visum
1864 2159 1979 2223 est
2048 2172 2446 2247 congerere
2517 2161 2741 2250 atque

431 2310 746 2386 dilucide
819 2313 1206 2398 ordinare;
1285 2321 1362 2388 et
1419 2312 1722 2386 omnino
1794 2335 2088 2411 sperare
2156 2312 2333 2387 licet
2390 2314 2590 2389 hunc
2668 2317 2743 2390 in

431 2475 618 2548 tenui
675 2475 1000 2563 laborem,
1055 2484 1435 2573 utcunque
1507 2500 1772 2575 parum
1830 2475 2068 2550 laudis
2115 2475 2403 2564 editori,
2456 2477 2740 2576 Virgilii

427 2637 796 2726 studim-zia
831 2639 958 2736 qui
993 2637 1342 2713 volumen
1375 2639 1521 2713 hoc
1555 2638 1914 2738 inspicere
1950 2640 2374 2738 dignentur,
2399 2642 2739 2719 utilitatis

425 2826 576 2876 non
612 2825 873 2901 parum
909 2825 1070 2877 esse
1107 2801 1523 2877 allaturum.

547 3113 745 3171 oxonii,
769 3113 873 3162 Cal.
901 3113 1016 3162 Feb.

625 3207 802 3244 :mccc
813 3205 940 3244 xxx.
