3050 4934
511 239 600 300 94

1329 229 1999 297 GEORGICON

685 383 1024 461 AEsculus,
1058 393 1254 467 atque
1282 381 1526 446 habitae
1556 381 1777 446 Graiis
1808 378 2071 445 oracula
2098 400 2399 463 quercuS.

687 484 974 550 Pullulat
1003 485 1088 548 ab
1117 484 1338 548 radice
1367 482 1508 547 aliis
1536 483 1920 547 densissima
1950 480 2144 558 silva3

685 587 782 652 Ut
812 588 1050 651 cerasis
1083 585 1434 669 ulmisque:
1481 584 1677 648 etiam
1707 582 2021 646 Parnasia
2046 579 2269 644 laurus

689 689 904 752 Parva
934 689 1058 752 sub
1085 687 1334 770 ingenti
1359 685 1584 748 matris
1613 707 1684 748 se
1716 682 1979 766 subjicit
2005 681 2257 744 umbra.

557 791 644 852 20
689 789 835 853 Hos
859 799 1098 852 natura
1126 786 1356 850 modos
1385 787 1663 870 primum
1692 785 1909 860 dedit;
1954 782 2057 845 his
2088 803 2295 865 genus
2324 801 2512 844 omne

689 890 1010 954 Silvarum
1031 887 1472 971 ‘fruticumque
1504 887 1669 950 viret
1696 904 2161 966 nemorumque
2192 903 2544 946 sacrorum.

777 992 946 1055 Sunt
976 989 1103 1066 alii,
1137 1011 1304 1073 quos
1333 991 1476 1073 ipse
1505 990 1611 1051 via
1640 986 1765 1051 sibi
1794 985 2040 1070 reperit
2069 1007 2248 1048 usus.

694 1092 824 1157 Hic
852 1091 1108 1177 plantas
1141 1101 1368 1155 tenero
1395 1089 1743 1154 abscidens
1774 1088 1859 1151 de
1888 1087 2161 1169 corpore
2190 1095 2466 1147 matrum

691 1192 1024 1278 Deposuit
1055 1191 1286 1269 sulcis;
1331 1191 1439 1254 hic
1469 1190 1709 1274 stirpes
1740 1187 1958 1252 obruit
1987 1207 2165 1262 arm,

562 1295 648 1359 25
693 1292 1250 1375 Quadrifidasque
1282 1291 1480 1355 sudes
1511 1301 1580 1354 et
1606 1299 1801 1354 acuto
1826 1289 2064 1352 robore
2094 1285 2293 1350 vallos
2308 1312 2333 1366 3

693 1395 1142 1477 Silvarumque
1173 1392 1314 1455 aliae
1343 1413 1609 1476 pressos
1640 1388 2019 1474 propaginis
2048 1409 2239 1451 arcus

697 1496 1132 1580 Exspectant,
1161 1504 1230 1558 et
1259 1493 1402 1556 viva
1432 1515 1552 1555 sua
1578 1491 1899 1576 plantaria
1928 1499 2139 1553 terra:

691 1596 808 1660 Nil
836 1596 1073 1660 radicis
1103 1605 1300 1679 egent
1326 1592 1507 1670 aliae3
1557 1614 2000 1675 summumque
2030 1601 2297 1675 putator

696 1698 900 1762 Haud
931 1697 1190 1761 dubitat
1217 1707 1412 1760 terrae
1439 1695 1731 1759 referens
1762 1693 2071 1756 mandare
2100 1715 2428 1756 cacumen.

563 1801 650 1864 30
694 1798 876 1872 Quin
905 1809 972 1862 et
1001 1797 1378 1862 caudicibus
1411 1797 1605 1860 sectis
1639 1792 1949 1876 (mirabile
1982 1793 2186 1875 dictu)

694 1899 1020 1964 Truditur
1049 1922 1086 1963 e
1119 1899 1290 1963 sicco
1319 1899 1508 1961 radix
1540 1895 1837 1979 oleagina
1865 1892 2063 1977 ligno.

595 2091 668 2138 16.
703 2093 936 2148 AEscelus,
972 2089 1116 2136 arbos
1146 2086 1416 2150 glandifera
1445 2103 1472 2135 e
1503 2101 1647 2149 quer-

521 2170 670 2204 cuum
700 2169 896 2216 genere,
926 2152 1186 2201 admodum
1217 2167 1432 2216 procera,
1465 2152 1524 2200 cf.
1561 2151 1647 2200 inf.

523 2234 569 2268 v.
595 2217 868 2276 291—297,
891 2218 922 2265 J
926 2217 1004 2264 ovi
1036 2231 1185 2264 sacra.
1253 2215 1404 2264 Dicta
1431 2231 1490 2263 ea
1518 2233 1647 2264 mas-

523 2299 631 2332 uma
651 2299 877 2330 nemorum
894 2300 909 2328 .·
943 2279 1109 2344 accipe
1133 2295 1240 2344 pro,
1268 2279 1322 2327 in
1351 2280 1648 2328 nemoribus.

526 2346 608 2393 Sic
631 2345 792 2394 Gmci
818 2361 934 2393 casu
961 2344 1175 2392 secundo
1201 2343 1490 2392 uti-solent:
1529 2346 1646 2406 ὑψη-

525 2409 714 2468 >xm-dm
757 2409 947 2460 ἆλσέων
985 2424 1076 2473 pro
1111 2410 1163 2456 ἐν
1201 2407 1377 2457 ἄλσεσι
1413 2407 1649 2457 dicerent.

531 2478 735 2528 Quercus
765 2477 936 2522 habites
967 2475 1169 2530 oracula,
1197 2473 1245 2520 h.
1277 2488 1369 2536 pro
1397 2473 1512 2520 sede
1539 2488 1647 2520 ora-

462 2561 475 2576 ·
525 2539 624 2588 culi
644 2539 905 2587 Dodonaei:
941 2537 1035 2586 vid.
1061 2537 1264 2586 Homer.
1287 2536 1460 2599 Odyss.
1481 2541 1520 2598 ξ,
1540 2536 1649 2594 327,

525 2605 648 2660 828;
685 2619 960 2666 quanquam
982 2601 1154 2650 modus
1183 2601 1384 2649 edendae
1405 2600 1551 2650 sortis
1572 2600 1647 2648 di-

525 2683 666 2716 verse
687 2667 894 2716 traditus
913 2675 1001 2714 est.

596 2731 798 2781 17—21.
841 2733 1124 2779 Vivit-adice:
1147 2737 1346 2784 vocant;
1373 2744 1649 2790 quanquam

526 2794 578 2843 id
595 2811 774 2844 nomen
793 2795 940 2844 latius
960 2803 1110 2858 patet,
1131 2803 1181 2841 et
1197 2793 1411 2842 stolones
1429 2809 1486 2842 ac
1507 2801 1647 2842 trun-

525 2875 610 2906 cos
655 2858 803 2907 etiam
846 2858 1083 2922 designat,
1129 2873 1249 2921 quos
1293 2857 1556 2906 transferas
1599 2857 1652 2905 in

526 2922 672 2971 aliam
695 2931 890 2972 terram.
942 2923 1144 2986 Subjicit
1163 2939 1225 2980 se,
1247 2922 1493 2979 adolescit,
1517 2937 1648 2970 cres-

527 2987 610 3036 cit.
679 2988 796 3052 Sup.
823 2987 928 3036 Ecl.
963 3003 1011 3044 x,
1036 2987 1115 3045 74,
1151 2989 1381 3039 Quantum·
1408 3003 1511 3034 vere
1544 3003 1653 3034 novo

527 3055 695 3100 viridis
715 3069 764 3100 se
783 3052 974 3114 subjicit
995 3054 1141 3098 alnas.
1196 3051 1356 3098 Docte
1377 3059 1543 3098 autem
1564 3065 1649 3098 va-

529 3115 654 3164 rista
697 3116 852 3165 oratio
895 3130 999 3179 pro,
1043 3114 1152 3162 aliae
1195 3113 1289 3162 ἀπὸ
1331 3111 1651 3176 παραστάδα,

527 3179 692 3228 radice
723 3179 878 3228 infixa
907 3178 1024 3237 solo,
1051 3177 1102 3241 gi
1172 3186 1334 3236 untur,
1357 3187 1414 3226 ut
1442 3195 1653 3237 cerasus,

529 3243 704 3355 ὃπως,
741 3253 793 3292 et
833 3243 1012 3292 laurus.
1139 3242 1155 3289 i
1193 3251 1310 3290 sunt
1343 3242 1475 3290 modi
1509 3252 1651 3291 natu-

603 3322 670 3355 es.

594 3373 802 3418 22—34.
845 3371 974 3419 Sunt
1003 3369 1088 3418 alii
1120 3369 1253 3418 modi
1285 3372 1512 3418 arborum
1544 3387 1651 3418 cre-

529 3436 768 3484 andarum
805 3434 1097 3491 artificiales,
1143 3433 1188 3482 h.
1231 3449 1352 3496 quos
1389 3449 1508 3482 usus
1548 3433 1653 3508 ipse

529 3499 623 3550 sibi
653 3498 850 3564 reperit,
880 3503 970 3557 via,
1007 3499 1058 3545 id
1089 3507 1164 3546 est
1195 3507 1314 3556 arte,
1341 3498 1546 3555 ratione,
1574 3515 1650 3546 m-

529 3564 718 3613 dustria
737 3573 790 3612 et
811 3562 1128 3628 experientia,
1151 3573 1208 3610 ut
1223 3562 1409 3611 centies
1429 3567 1506 3610 via
1521 3563 1653 3628 apud

527 3637 750 3678 nostrum
782 3637 834 3676 et
863 3627 999 3678 alios.
1067 3627 1140 3676 Cf.
1175 3627 1261 3676 inf.
1294 3627 1360 3685 iv,
1388 3629 1500 3685 315,
1525 3628 1648 3684 3163

527 3693 562 3752 i,
601 3695 708 3752 133,
743 3703 794 3742 et
829 3693 1092 3756 praeclarus
1129 3691 1348 3741 Lucretii
1382 3692 1533 3751 locus,
1567 3693 1651 3754 qui

529 3758 726 3816 Maroni
759 3757 990 3821 praeluxit
1018 3756 1102 3804 lib.
1137 3773 1183 3814 v,
1218 3757 1342 3804 1360
1363 3773 1466 3818 sqq.
1524 3757 1652 3805 Sunt

527 3831 692 3877 autem
717 3820 849 3870 modi
875 3820 954 3868 hi:
991 3823 1234 3877 avulsione,
1267 3818 1520 3881 infectione,
1540 3837 1649 3881 pro·

521 3890 784 3949 pagatim,
801 3887 996 3942 surculo,
1015 3887 1278 3941 concisione,
1301 3887 1527 3932 buitim.
1571 3885 1654 3932 Ad

527 3965 632 3998 rem
667 3951 931 3998 tenendum
961 3950 1068 4006 hoc,
1097 3947 1319 4010 pluribus
1351 3947 1508 3996 modis
1534 3963 1649 3996 ean-

527 4013 640 4062 dem
661 4017 883 4063 arborem
908 4013 1044 4077 gigni
1074 4027 1246 4076 posse;
1283 4027 1344 4060 ne
1373 4021 1517 4076 putes
1544 4013 1647 4061 sin-

526 4077 658 4138 gulis
709 4079 962 4128 arboribus
1011 4092 1162 4127 unum
1215 4077 1410 4125 tandem
1453 4078 1651 4126 modum

527 4141 818 4251 pont-enirm
853 4151 930 4192 est
962 4152 1124 4191 tamen
1155 4141 1254 4191 alia
1285 4141 1368 4190 alii
1400 4141 1526 4190 ratio
1553 4141 1649 4191 uti·-

550 4219 636 4253 tor.

594 4271 673 4316 23.
707 4267 852 4317 Alius
865 4270 1080 4320 avellens
1098 4274 1290 4320 stolones
1305 4285 1332 4318 e
1346 4270 1510 4318 radice
1525 4271 1647 4334 (vid.

532 4348 575 4380 v.
621 4330 723 4391 17‚)
761 4332 903 4380 fossis
941 4334 1036 4395 (sic
1073 4339 1213 4384 sulcis
1251 4335 1336 4383 inf.
1381 4335 1518 4396 289,)
1564 4351 1651 4384 seu

529 4396 780 4445 scrobibus
811 4397 1035 4445 mandat:
1073 4399 1168 4447 vid.
1195 4399 1320 4448 Plin.
1353 4399 1471 4457 xvii,
1501 4401 1575 4458 10,
1610 4415 1649 4448 s.

1720 2087 1793 2134 13.
1840 2086 1993 2145 Idem,
2028 2089 2204 2144 Omnia,
2236 2085 2409 2148 inquit,
2434 2087 2626 2134 celerius
2658 2087 2842 2134 adoles-

1716 2159 1823 2199 cunt
1852 2153 2099 2199 stolonibus
2124 2153 2311 2208 ablatis,
2335 2167 2555 2212 unamque
2578 2154 2629 2198 in
2648 2154 2849 2212 stirpem

1716 2219 1917 2264 redactis
1956 2219 2199 2273 alimentis,
2242 2214 2357 2262 ibid.
2408 2217 2481 2273 13,
2526 2231 2565 2263 s.
2609 2216 2687 2262 20.
2764 2215 2849 2262 lta

1716 2283 1944 2328 avulsione
1963 2281 2159 2328 arbores
2180 2278 2488 2342 proveniunt.

1780 2346 1858 2391 24.
1893 2343 2037 2391 Alius
2068 2343 2240 2391 modus
2268 2353 2356 2402 est,
2381 2359 2477 2405 quo
2508 2342 2617 2406 quis
2640 2351 2847 2391 murcos

1714 2423 1803 2456 seu
1826 2408 2061 2456 vastiores
2090 2423 2251 2456 ramos
2274 2423 2329 2455 ac
2361 2408 2511 2456 taleas
2534 2407 2585 2454 in
2608 2407 2707 2471 pali
2732 2423 2843 2454 mo-

1714 2473 1847 2530 dum,
1882 2481 1969 2520 aut
1999 2471 2351 2536 quadripartito
2384 2473 2537 2530 fissas,
2560 2487 2675 2519 cum
2706 2471 2844 2521 radi-

1716 2537 1865 2596 cibus,
1892 2541 1940 2584 ὶη
1964 2545 2133 2585 terram
2156 2535 2336 2598 infodit.

1784 2602 1861 2658 26,
1900 2600 1979 2650 27.
2028 2600 2225 2648 Tertius
2268 2601 2442 2649 modus
2481 2601 2539 2648 fit
2570 2604 2847 2663 propagine.

1717 2665 1789 2713 Ut
1804 2665 1925 2722 aliae,
1944 2665 2117 2728 inquit,
2134 2667 2332 2714 arbores
2348 2665 2652 2729 proveniant,
2672 2665 2845 2713 incur·

1714 2739 1853 2778 vatas
1870 2729 1923 2777 in
1942 2739 2123 2778 terram
2140 2731 2309 2778 scrobe
2326 2729 2456 2777 facto
2474 2729 2731 2777 demittere
2752 2745 2847 2777 ne·

1714 2809 1850 2842 cesse
1886 2803 1975 2852 est,
2008 2803 2061 2842 et
2098 2798 2147 2842 in
2184 2811 2272 2842 sna
2312 2801 2453 2851 terra,
2487 2795 2534 2841 h.
2570 2809 2631 2842 ea
2660 2792 2715 2840 in
2748 2809 2855 2855 qua

1716 2867 1874 2907 mater
1893 2858 2062 2916 crevit,
2085 2858 2321 2922 plantare.

1782 2925 1859 2981 28,
1887 2924 1962 2970 29.
2000 2923 2093 2970 Est
2114 2923 2205 2970 hoc
2227 2921 2431 2970 sationis
2450 2937 2621 2984 genus,
2644 2937 2757 2970 cum
2783 2938 2855 2971 ex

1716 3003 1907 3035 summa
1924 2988 2095 3034 arbore
2112 2986 2293 3034 recissa
2306 2987 2447 3050 virga
2464 3001 2552 3034 seu
2572 2987 2711 3043 talea,
2730 2995 2850 3034 tan-

1716 3066 1862 3114 quam
1898 3053 2123 3108 earculm,
2166 3052 2335 3099 scrobe
2374 3051 2505 3099 facto
2548 3050 2601 3098 in
2640 3052 2855 3100 humum

1718 3114 1961 3178 defigitur.
2029 3114 2264 3177 Refer-ens,
2295 3115 2413 3177 quia
2437 3117 2540 3178 jam
2564 3125 2677 3163 ante
2705 3114 2855 3163 illinc

1718 3190 1916 3228 enatum
1946 3178 2117 3228 fuerat.
2186 3179 2299 3227 Nisi
2328 3180 2528 3228 omnino
2544 3187 2715 3228 ornate
2738 3179 2849 3228 dic-

1718 3253 1824 3292 tum
1851 3242 2124 3308 putandum
2156 3243 2357 3306 refirma
2382 3247 2571 3291 mandat
2600 3259 2691 3308 pro
2724 3243 2850 3292 sim-

1717 3307 1841 3420 1112223
1860 3311 2077 3420 a...
2111 3309 2290 3420 ...Ἢ
2326 3307 2787 3420 &mazar
2774 3317 2857 3356 m

2074 3407 2087 3428 9
2290 3407 2301 3430 2

1782 3437 1861 3492 δῦ,
1882 3438 1959 3483 31.
1996 3436 2261 3485 Nonnullae
2282 3438 2493 3494 arbores,
2524 3445 2577 3484 et
2602 3436 2733 3484 inter
2758 3438 2854 3486 baa

1717 3499 1943 3564 inprimis
1965 3500 2086 3558 olea,
2122 3501 2191 3548 ita
2220 3509 2552 3565 procreantur,
2584 3509 2640 3549 ut
2668 3505 2855 3550 caudes:

1717 3580 1805 3640 seu
1826 3563 1889 3638 sti
1926 3580 1994 3622 es,
2028 3574 2219 3613 resecta
2244 3565 2408 3613 radice
2430 3574 2484 3613 et
2512 3565 2739 3613 abscissis
2762 3581 2849 3614 ra·

1716 3630 2365 3757 ffi‘fazsszff‘fflisz‘ssx
2386 3629 2855 3758 ..Z-“pifflfflff

1715 3761 1859 3816 ditur,
1878 3758 2033 3806 trudit
2052 3775 2120 3816 se,
2140 3774 2249 3821 quae
2267 3767 2411 3806 terrae
2427 3774 2481 3807 se
2502 3759 2676 3821 affigat.
2714 3762 2849 3808 Cau-

1716 3826 1805 3870 dex
1830 3830 1993 3880 sectas,
2017 3837 2105 3885 per
2136 3838 2191 3870 se
2222 3822 2511 3886 simpliciter
2532 3839 2639 3871 esse
2660 3837 2851 3886 posset,

1716 3895 1932 3933 resectus
1973 3895 2025 3934 et
2062 3885 2331 3942 abscissusz
2376 3887 2463 3936 sed
2498 3889 2848 3951 obtemperan-

1718 3949 1835 3997 dum
1856 3957 1933 3996 est
1954 3949 2071 3998 viris
2096 3949 2283 4014 peritis,
2318 3951 2567 3999 caudicem
2588 3966 2677 4000 seu
2700 3960 2847 4001 trun-

1714 4029 1826 4062 cum
1858 4012 2015 4062 scindi
2051 4013 2105 4062 in
2138 4014 2305 4078 plures
2343 4024 2521 4080 partes,
2562 4015 2752 4063 diffindi
2788 4033 2849 4066 ac

1716 4076 1921 4134 concidi,
1968 4077 2037 4126 ita
2076 4087 2133 4126 ut
2172 4095 2235 4127 ex
2274 4081 2489 4128 medulla
2528 4093 2657 4128 nova
2698 4083 2854 4130 arbor

1716 4151 2011 4207 procreetur.
2080 4147 2125 4192 E
2156 4148 2275 4192 sicco
2312 4148 2449 4208 ligno,
2484 4144 2599 4208 quia
2638 4153 2853 4195 truncus

1714 4207 1949 4256 rescissus
1982 4217 2070 4256 est.
2140 4209 2219 4257 Ab
2252 4208 2337 4256 illo
2370 4209 2524 4257 altero
2554 4209 2701 4257 modo
2730 4225 2845 4274 sup.

1716 4273 1793 4330 24,
1833 4273 1895 4319 25
1936 4281 2205 4321 memorato
2240 4273 2319 4321 bic
2358 4272 2428 4321 ita
2458 4272 2635 4332 differt,
2670 4282 2728 4322 ut
2762 4274 2845 4322 in·

1716 4335 1865 4385 fossio
1885 4336 1973 4384 fiat
1994 4337 2179 4386 truncis
2200 4353 2311 4386 cum
2334 4336 2605 4387 radicibus:
2640 4337 2851 4401 quintus

1717 4399 1797 4449 hic
1820 4401 2007 4458 modus,
2028 4401 2231 4451 resectis
2252 4401 2507 4451 radicibus.
