3050 4934
450 259 494 324 2
1283 251 1927 319 BUCOLICON

516 409 643 457 ratio
677 409 1034 472 (characterem
1057 405 1257 467 vocant)
1289 415 1423 454 recte
1453 403 1651 453 servari.
1713 402 1813 450 Vix
1844 418 1871 450 e
1902 415 2113 467 persona
2134 400 2343 466 pastoris
2372 397 2650 464 apotheosis
2682 397 2773 446 illa

513 489 622 538 heri
649 489 768 538 satis
790 489 983 554 placere
1013 495 1190 552 potest.
1259 485 1574 551 Comparatio
1604 492 1769 532 autem
1800 499 1887 532 seu
1920 482 2151 546 allegoria
2182 497 2281 530 non
2302 479 2483 544 ubique
2513 478 2775 528 commode

514 570 750 636 procedit.
829 569 910 619 Sic
943 585 985 617 v.
1019 571 1080 616 28
1105 568 1320 632 Tityrus,
1348 576 1406 616 ut
1430 567 1707 615 libertatem
1733 579 1872 613 suam
1904 563 2149 628 impetret,
2180 563 2388 610 Romam
2412 559 2772 628 proficiscitur-3

515 652 706 700 obtinet
727 653 788 700 ab
810 651 929 699 hero
952 649 1228 698 libertatem
1247 663 1422 712 greges
1445 645 1706 712 pascendi:
1731 644 1848 708 quid
1870 643 2157 693 mirabimur
2174 643 2268 690 hoc
2287 642 2482 700 factum,
2498 641 2541 690 si
2564 640 2769 704 quidem

512 733 596 780 ille
633 731 812 779 heriles
848 747 1022 794 greges
1058 730 1248 795 pascit?
1323 729 1384 777 In
1419 725 1680 776 sententiis
1717 735 1882 774 autem
1912 741 1971 773 ac
2000 724 2163 774 verbis
2190 723 2403 789 plurima
2433 730 2552 772 sunt
2578 722 2639 770 ab
2670 722 2769 769 hoc

513 829 679 862 rerum
721 819 772 860 et
806 811 1062 860 hominum
1097 826 1280 874 genere
1319 809 1493 857 aliena.
1566 808 1647 856 Ita
1682 807 1849 871 plures
1882 819 2053 854 versus
2088 813 2205 854 sunt
2232 805 2337 853 fere
2372 803 2513 869 epici,
2550 811 2605 851 ut
2638 801 2681 859 7,
2720 803 2772 860 8,

516 895 580 941 60
603 910 672 956 sq.
699 893 762 940 65
785 908 855 955 sq.
933 893 1060 940 Cum
1093 901 1254 940 tamen
1288 890 1440 939 semel
1474 898 1621 954 poeta
1654 903 1796 936 suum
1828 886 1923 935 sibi
1953 885 2161 935 bucolici
2195 884 2428 934 carminis
2458 899 2613 948 genus
2646 897 2769 931 con-

514 973 744 1032 stituerit,
774 989 870 1037 quo
897 990 926 1022 a
949 973 1063 1022 vitae
1088 971 1356 1038 pastoritioe
1382 969 1695 1035 simplicitate
1722 967 2051 1018 recedendum
2080 967 2127 1017 ei
2159 977 2302 1028 esset,
2334 966 2475 1016 licuit
2502 973 2555 1014 et
2585 965 2691 1013 haeo
2720 971 2777 1010 et

517 1055 612 1104 alis
633 1055 687 1104 in
709 1070 906 1104 carmen
928 1070 1072 1104 suum
1094 1053 1325 1118 recipere.

1167 1441 1627 1491 MELIBOEUS.
1684 1439 2059 1488 TITYRUS.

1449 1653 1775 1702 Mnmsoeus.

627 1750 940 1846 Tuum,
973 1777 1046 1832 tu
1073 1765 1314 1852 patulae
1343 1765 1667 1830 recubans
1700 1765 1824 1828 sub
1852 1763 2131 1847 tegmine
2162 1762 2295 1847 fagi

632 1870 1010 1936 Silvestrem
1041 1870 1220 1934 tenui
1247 1890 1497 1932 musam
1525 1865 1859 1930 meditaris
1890 1887 2129 1928 avena:

627 1973 776 2038 Nos
807 1973 1037 2057 patriae
1065 1971 1231 2034 fines
1263 1979 1332 2034 et
1359 1967 1581 2033 dulcia
1605 1966 1953 2051 linquimus
1986 1989 2176 2046 arva3

629 2075 778 2139 Nos
808 2073 1085 2158 patriam
1115 2071 1432 2156 fugimus:
1480 2080 1579 2147 ω,
1608 2067 1863 2153 Tityre,
1892 2067 2108 2133 lentus
2139 2071 2206 2133 in
2235 2070 2465 2134 umbra

543 2179 585 2242 5
627 2175 1006 2241 Formosam
1035 2195 1341 2240 resonare
1371 2172 1571 2237 doces
1603 2169 2007 2256 Amaryllida
2038 2171 2250 2238 silvas.

629 2278 788 2344 T1T.
825 2278 890 2343 Ο
924 2275 1264 2353 Meliboee,
1294 2276 1460 2349 deus
1489 2274 1681 2338 nobis
1709 2273 1853 2338 haec
1882 2275 2015 2338 otia
2042 2273 2218 2339 fecit.

629 2381 938 2464 Namque
967 2378 1092 2443 erit
1119 2377 1228 2443 ille
1256 2376 1414 2441 mihi
1445 2397 1703 2460 semper
1733 2377 1936 2454 deus;
1979 2375 2149 2441 illius
2179 2399 2356 2441 aram

635 2483 828 2568 Saepe
861 2491 1047 2546 tener
1073 2480 1313 2544 nostris
1347 2481 1431 2544 ab
1463 2477 1737 2543 ovilibus
1770 2479 2017 2543 imbuet
2046 2501 2275 2564 agnus·

521 2718 767 2768 Carminis
805 2717 1026 2774 bucolici,
1067 2716 1160 2765 ἀπὸ
1201 2719 1300 2765 τῶν
1335 2714 1587 2772 βουκόλων

457 2784 591 2842 dicti,
615 2781 750 2847 origo
775 2781 908 2831 varie
931 2781 1151 2830 traditur.
1219 2782 1348 2829 Sunt
1368 2780 1452 2844 qui
1477 2781 1583 2842 ejus

455 2849 598 2898 initia
621 2847 674 2896 in
697 2857 840 2898 aetate
861 2861 1024 2904 aurea,
1048 2854 1166 2894 sunt
1186 2845 1269 2908 qui
1291 2845 1345 2893 in
1369 2845 1582 2893 Arcadia

457 2923 544 2964 aut
575 2912 626 2962 in
661 2911 830 2961 Sicilia
861 2919 1093 2974 quoerant.
1154 2909 1304 2974 Apud
1341 2909 1581 2960 Hebraeos

458 2989 509 3028 et
550 2977 740 3026 Arabes
782 2975 1000 3024 carmina
1043 2975 1179 3023 fuere
1223 2973 1478 3040 pastoritia
1520 2973 1584 3022 ad

458 3057 628 3092 veram
650 3041 800 3090 vitam
831 3055 1086 3105 expressa3
1123 3047 1173 3087 et
1193 3054 1365 3103 regum
1395 3037 1581 3103 princi-

493 3122 673 3169 umque
704 3105 810 3164 filii,
837 3121 952 3153 cum
982 3105 1112 3152 inter
1137 3103 1286 3168 ipsos,
1317 3111 1421 3151 tum
1453 3103 1585 3152 inter

457 3125 698 3234 ¹l'rojanos
743 3179 794 3218 et
839 3169 1060 3218 Helenes
1109 3177 1454 3226 memorantur,
1499 3167 1585 3230 qui

459 3250 691 3374 {¹330ss
694 3242 958 3356 253331‘5
973 3241 1356 3362 ffiffiss‘ipssa
1369 3241 1587 3346 113‘0’23323

462 3371 759 3420 amoemtate,
801 3361 912 3410 coeli
953 3361 1226 3420 clementia,
1270 3370 1322 3410 et
1361 3361 1513 3410 animi
1560 3377 1591 3409 a

462 3427 598 3478 curis
627 3427 884 3484 vacuitate,
920 3426 1139 3475 carmina
1171 3427 1428 3492 pastoritia
1465 3443 1583 3475 con-

463 3494 582 3544 dere
605 3503 658 3542 et
677 3489 865 3555 vulgari
888 3507 982 3540 usu
1001 3492 1196 3540 habere.

527 3561 703 3620 Ecloga
717 3575 733 3604 .·
770 3557 824 3604 ἐκ
847 3564 897 3604 et
917 3554 1062 3616 λέγω.
1117 3558 1200 3605 An
1221 3555 1352 3620 quod
1371 3556 1474 3604 haec
1496 3557 1587 3605 bu-

463 3623 617 3672 colica
638 3638 666 3670 e
689 3619 940 3670 Theocriti
969 3620 1158 3685 Idylliis
1183 3630 1412 3686 excerpta
1443 3623 1587 3669 sunt?

463 3697 520 3737 ut
539 3687 648 3736 vult
667 3687 953 3736 Turnebus:
990 3701 1052 3733 an
1076 3686 1238 3751 potius
1261 3686 1402 3750 quod,
1426 3701 1492 3744 ex,
1510 3685 1589 3734 in-

462 3752 662 3804 condita
689 3751 832 3800 turba
857 3765 1025 3798 eorum
1047 3767 1154 3813 quae
1183 3751 1346 3800 subito
1375 3751 1586 3799 excidis-

465 3826 578 3876 sent
588 3817 762 3874 calore,
777 3815 958 3864 selecta
970 3815 1192 3876 quiedam
1213 3824 1264 3864 et
1275 3813 1591 3864 concinniors

466 3880 675 3992 fiamus
697 3879 944 3946 appellare
959 3877 1175 3942 placuit?
1212 3889 1268 3928 ut
1283 3889 1452 3928 censet
1470 3879 1586 3927 Sca-

503 3961 603 4008 ger.

539 4011 745 4071 Tityo-tu,
773 4017 942 4073 aptum
964 4017 1251 4070 argumento
1271 4023 1480 4064 nomem
1518 4015 1597 4056 est

467 4072 602 4122 enim
621 4076 746 4120 aries
766 4075 926 4137 major,
951 4075 1044 4122 dus
1059 4075 1234 4136 gregis,
1248 4076 1428 4130 οιίωω,
1447 4076 1592 4120 νασιῶ-

466 4154 622 4186 camu.
693 4135 775 4184 Sic
820 4145 872 4185 et
911 4141 1169 4196 Meliboetu,
1211 4135 1286 4186 ὅτι
1329 4137 1456 4199 αὐτῷ
1496 4139 1595 4185 τῶν

463 4199 599 4258 βόων
617 4197 769 4262 μέλει.
1079 4202 1090 4214 ⁴

537 4269 579 4315 1.
612 4263 901 4314 Meliboeum
914 4275 1047 4329 puta,
1063 4266 1252 4330 agendo
1265 4281 1352 4330 gre
1387 4281 1464 4314 em
1478 4273 1593 4315 ante

469 4345 537 4390 se,
573 4329 804 4380 accedere
842 4329 904 4378 ad
939 4331 1178 4394 Tityrum,
1214 4335 1336 4387 βουκ
1363 4340 1466 4390 λον,
1501 4331 1593 4379 sub

468 4396 580 4460 sago
599 4395 854 4445 sedentem
876 4403 926 4441 et
943 4393 1106 4443 fistula
1119 4407 1390 4444 canentem.
1439 4397 1599 4460 Fagm

470 4460 602 4510 dicta
623 4458 716 4510 ἀπὸ
733 4461 822 4508 τοῦ
841 4460 1031 4523 φαγεῖν,
1050 4459 1098 4508 h.
1121 4474 1164 4508 e.
1187 4475 1218 4509 a
1233 4459 1593 4510 manducando:

1647 2723 1793 2828 {lutea
1822 2717 1955 2764 enim
1976 2715 2199 2767 homines
2229 2717 2487 2782 glandibus
2510 2721 2772 2770 vesceban—

1702 2795 1741 2828 r.

1712 2847 1757 2892 2.
1792 2845 2019 2910 Tityrum
2050 2849 2301 2896 silvestrem
2344 2865 2531 2906 mnsam,
2575 2865 2775 2900 carmen

1646 2909 1971 3021 pastoritium,
2002 2914 2234 2970 meditari,
2269 2927 2513 2972 exercere,
2544 2917 2777 2978 μελετᾶν,

1730 2989 1771 3022 e.
1807 2973 1973 3024 cantui
2006 2991 2120 3024 eum
2152 2992 2337 3035 vacare,
2373 2977 2642 3040 indulgere,
2674 2979 2773 3036 ait;

1648 3047 1699 3087 et
1722 3038 1917 3100 quidem
1942 3044 2068 3088 temet·
2091 3057 2249 3098 avena,
2274 3050 2329 3089 ut
2349 3041 2537 3090 culmus
2564 3059 2655 3106 pro
2686 3043 2773 3093 fis·-

1649 3104 1751 3152 tula
1764 3103 1849 3152 sit:
1876 3105 1971 3152 vid.
1990 3103 2095 3154 Ecl.
2110 3105 2181 3164 iii,
2199 3105 2275 3156 27.
2316 3107 2475 3164 Quod,
2490 3106 2637 3155 nimis
2650 3107 2779 3157 forte

1648 3178 1833 3230 argute,
1854 3169 1917 3218 ad
1934 3185 2091 3232 genus
2112 3169 2343 3220 carminis
2365 3170 2550 3219 humile
2572 3181 2627 3220 et
2641 3180 2778 3222 tenue

1651 3233 1891 3290 referunt3
1936 3234 2158 3297 quamvis
2182 3237 2287 3297 eJus
2310 3234 2445 3283 notio
2467 3234 2560 3299 ipsi
2586 3245 2775 3288 naturae

1653 3298 1885 3346 carminis
1906 3298 2111 3346 bucolici
2134 3299 2304 3348 subsit.

1719 3364 1765 3410 4.
1800 3365 1960 3425 Fugit,
2026 3361 2169 3423 είνγει,
2196 3372 2246 3412 et
2266 3363 2310 3412 is
2332 3362 2417 3427 qui
2444 3364 2706 3428 expellitur
2728 3376 2781 3416 et

1654 3427 1833 3485 exulat,
1851 3439 1906 3476 ut
1926 3429 1973 3476 h.
2016 3463 2029 3476 .
2054 3429 2329 3477 Meliboeus.
2382 3430 2571 3487 Lentus,
2590 3430 2778 3481 otiosus

1655 3500 1707 3540 et
1728 3507 1941 3542 securus.

1721 3557 1765 3603 6.
1802 3557 1943 3614 Deus,
1972 3555 2199 3606 dominus
2230 3557 2405 3621 Tityri,
2432 3573 2579 3622 quem
2606 3560 2780 3610 Romae

1656 3619 1855 3680 adierat,
1880 3637 2119 3685 quemque
2134 3620 2274 3680 infra,
2300 3639 2343 3669 v.
2361 3625 2438 3681 43,
2450 3623 2665 3685 juvenem
2688 3641 2776 3690 ap-

1656 3685 1817 3798 p)‹÷llat.
1887 3685 2209 3735 Octavianum
2247 3687 2489 3736 Caesarem
2526 3688 2777 3750 declarari,

1706 3749 1775 3799 ivi
1814 3751 1939 3800 Julii
1978 3751 2148 3810 filium,
2185 3751 2397 3802 dubitari
2440 3753 2633 3815 nequit3
2658 3769 2777 3816 qua-

1655 3824 1799 3866 tenus
1844 3816 2083 3879 Virgilius
2128 3831 2267 3866 suam
2313 3816 2559 3866 somnam
2606 3818 2777 3868 adum-

1656 3879 1816 3928 bravit
1845 3881 1935 3928 sub
1961 3880 2121 3944 Tityri
2152 3895 2376 3944 persona.
2436 3882 2585 3930 Nunc
2614 3891 2779 3932 tamen

1656 3944 1805 3992 herus
1822 3942 1979 4008 Tityri
1998 3947 2109 3992 deus
2131 3943 2226 4008 ipsi
2249 3954 2325 3992 est
2341 3945 2606 3995 beneficiis.
2656 3947 2777 3996 Pro-

1658 4007 1769 4056 nior
1788 4017 1953 4058 autem
1976 4017 2197 4057 veterum
2222 4023 2383 4058 sermo
2409 4009 2463 4057 in
2494 4011 2627 4059 hunc
2648 4012 2781 4062 vocis

1658 4089 1803 4122 usum
1824 4071 1943 4130 fuit3
1980 4082 2037 4122 ut
2056 4087 2140 4122 eos
2160 4087 2191 4122 a
2212 4072 2389 4136 quibus
2410 4075 2595 4123 servari
2616 4086 2783 4127 essent

1657 4137 1775 4212 deos
1797 4147 1849 4212 et
1868 4139 2084 4214 σωτῆρας
2104 4137 2423 4202 appellarent.
2472 4139 2571 4190 Per
2584 4144 2681 4190 otia
2698 4141 2779 4190 in-

1660 4202 1836 4266 telligit
1856 4211 2164 4252 securitatem
2192 4202 2325 4252 inter
2344 4211 2505 4254 tantas
2532 4206 2701 4255 turbas
2730 4215 2781 4258 et

1662 4267 1899 4316 tumultus
1922 4266 2135 4317 bellicos.

1724 4331 1769 4390 ⁷,
1793 4333 1835 4380 8.
1872 4333 2092 4381 Observa
2108 4331 2351 4396 poeticam
2371 4331 2655 4391 orationem,
2674 4349 2779 4398 pro,

1662 4397 1708 4445 ei
1727 4396 2022 4454 sacrificabo,
2036 4397 2307 4446 sollennem
2327 4405 2504 4445 tamen.
2554 4401 2632 4448 Ab
2646 4403 2781 4448 ovili-

1664 4465 1759 4520 bus,
1783 4461 1939 4510 nostri
1956 4461 2125 4519 ovilis,
2160 4471 2212 4510 et
2232 4471 2337 4512 tum
2358 4464 2473 4512 ovile
2492 4477 2583 4525 pro
2604 4479 2769 4526 grege.
