3050 4934
467 240 598 303 346

1369 236 1900 303 AENEIDOS

638 388 988 455 Infandum
1015 400 1236 474 caput,
1267 412 1342 455 ac
1373 390 1566 453 terris
1596 390 1840 454 adnare
1868 408 2139 454 neeesse
2167 398 2293 467 est,

645 490 738 555 Et
769 493 860 556 sic
890 491 1024 556 fata
1054 491 1239 555 Jovis
1268 502 1572 575 poscunt,
1602 490 1709 555 hic
1738 490 2051 555 terminus
2080 489 2323 555 haeret:

467 594 596 656 615
641 590 735 656 At
764 592 936 657 bello
964 593 1230 657 audacis
1260 591 1486 677 populi
1515 602 1793 657 vexatus
1820 603 1889 657 et
1917 592 2138 668 armis,

641 693 911 759 Finibus
941 694 1248 770 extorris,
1279 691 1626 777 complexu
1656 693 1921 758 avulsus
1952 691 2099 770 Iuli,

641 793 976 859 Auxilium
1003 793 1325 879 imploret,
1356 794 1704 879 videatque
1732 794 2002 879 indigna
2032 816 2297 858 suorum

643 895 939 973 Funera3
985 918 1128 972 neo,
1160 917 1361 979 quum
1391 918 1462 961 se
1495 897 1619 960 sub
1644 895 1825 980 leges
1855 896 2035 979 pacis
2064 896 2303 979 iniquae

641 995 1047 1074 Tradiderit‚
1077 1019 1282 1082 regno
1311 1007 1426 1061 aut
1455 1008 1683 1081 optata
1708 996 1853 1062 luce
1882 996 2173 1073 frustum

347 1125 407 1173 «s
467 1098 605 1183 620ὑ
642 1098 776 1193 §ed
807 1099 1000 1163 cadat
1030 1108 1181 1187 ante
1211 1099 1406 1175 diem,
1438 1099 1783 1181 mediaque
1812 1097 2185 1165 inhumatus
2215 1118 2434 1161 arena.

643 1198 809 1263 Haec
840 1222 1107 1284 precor-3
1153 1198 1322 1263 hanc
1353 1221 1579 1264 vocem
1608 1210 1966 1264 extremam
1994 1221 2143 1264 cum
2172 1199 2488 1282 sanguine
2516 1196 2747 1263 fundo.

641 1299 817 1364 Tum
845 1322 983 1377 voS,
1014 1323 1055 1364 o
1085 1299 1293 1385 Tyrii,
1328 1301 1599 1384 stirpem
1628 1312 1697 1365 et
1724 1322 1933 1385 genus
1964 1321 2150 1365 omne
2180 1299 2473 1364 futurum

648 1400 976 1465 Exercete
1005 1401 1209 1478 odiis;
1255 1402 1585 1485 cinerique
1618 1400 1759 1465 haec
1788 1402 2023 1465 mittite
2052 1410 2278 1465 nostro

650 1501 954 1565 Munera.
979 1574 983 1577 ,
1032 1501 1274 1566 Nullus
1306 1524 1486 1565 amor
1513 1501 1798 1585 populis,
1830 1524 1951 1566 nec
1978 1500 2234 1566 foedera
2264 1510 2477 1565 sunto.

476 1602 606 1665 625
653 1600 974 1666 Exoriare
1007 1603 1237 1685 aliquis
1267 1604 1509 1665 nostris
1541 1625 1625 1665 ex
1658 1604 1917 1665 ossibus
1947 1601 2143 1679 ultor,

646 1702 780 1775 Qui
810 1702 951 1767 face
984 1703 1360 1767 Dardanios
1386 1700 1694 1784 ferroque
1726 1724 2001 1785 sequare
2032 1701 2297 1766 colonos
2303 1749 2322 1780 ,

476 1890 561 1901 *ι*-

473 2042 618 2101 mine,
661 2042 901 2106 precibus,
947 2042 998 2090 in
1051 2042 1223 2091 triviis.
1284 2042 1445 2089 Notus
1482 2056 1602 2089 usus

473 2107 606 2155 vocis
629 2108 822 2163 ululare,
857 2104 1110 2167 ὀλολύζειν
1143 2106 1196 2153 in
1231 2106 1395 2154 sacris.
1449 2108 1599 2163 Βίην,

471 2171 518 2218 Ιι.
545 2170 574 2217 l.
599 2170 773 2217 Furiae.
832 2173 952 2217 Deos
967 2174 1201 2217 neorientis
1214 2173 1395 2227 Elissa,
1415 2170 1603 2219 Genios

473 2232 684 2281 Didonis
703 2242 752 2280 et
772 2249 886 2281 mox
915 2234 1090 2281 Manes
1124 2233 1474 2282 intellexeram.
1534 2236 1605 2282 At

475 2298 710 2359 Pompon.
748 2298 858 2346 Sab-
884 2300 1048 2345 Manes
1083 2301 1262 2361 Sychaei
1291 2307 1432 2347 vocat.
1493 2298 1601 2347 Nec

473 2370 638 2409 tamen
661 2362 802 2409 video
825 2362 942 2424 quid
963 2371 1110 2419 vetet,
1131 2365 1418 2411 demultum
1432 2364 1601 2411 Elfssae

471 2424 708 2489 accipere.
772 2429 997 2488 Accipite,
1040 2430 1280 2485 advertite,
1323 2430 1482 2476 audite
1540 2427 1601 2475 de

472 2490 644 2539 eadem
666 2505 734 2539 re.
793 2494 974 2539 Numen
1007 2502 1238 2550 vestrum,
1273 2492 1320 2538 h.
1347 2508 1389 2539 e.
1423 2492 1524 2540 vim
1544 2508 1600 2539 ac

471 2564 764 2619 potestatem
797 2555 999 2604 deorum
1035 2555 1300 2605 inferorum
1335 2554 1602 2603 ulciscendi

471 2618 638 2677 malos,
659 2622 885 2668 advertite
907 2622 1053 2678 malie,
1089 2629 1257 2668 contra
1278 2620 1526 2694 improbos
1554 2630 1605 2667 et

473 2683 650 2747 impios
695 2683 946 2745 Trojanos,
1009 2689 1234 2741 meritum,
1292 2699 1472 2747 quippe
1517 2684 1602 2745 qui

473 2757 760 2795 meruerunt
801 2758 1018 2796 vestrum
1071 2764 1268 2806 numen,
1315 2748 1362 2794 h.
1411 2763 1451 2794 e.
1493 2763 1599 2811 poe-

474 2826 602 2867 nam,
639 2826 668 2858 a
703 2811 798 2859 diis
835 2812 951 2859 mali
991 2812 1230 2860 ultoribus
1265 2811 1595 2873 infligendam.

475 2874 781 2936 Exquisitior
823 2876 978 2924 oratio
1027 2892 1172 2938 quam
1216 2876 1316 2932 illa,
1361 2880 1599 2925 advertere

471 2941 638 2995 vuum,
672 2956 822 2998 aures,
856 2946 1060 2996 ammos,-
1095 2948 1150 2987 ut
1188 2940 1331 2989 Ovid.
1363 2940 1450 2988 viii
1475 2942 1597 2989 Met.

539 3066 635 3111 612
655 3082 758 3126 sqq.
793 3067 1042 3115 Eximism
1059 3076 1216 3131 poetae
1233 3079 1387 3115 artem
1403 3068 1456 3115 in
1481 3070 1595 3117 sub-

467 3127 732 3190 jungendis
777 3128 896 3176 diris
932 3132 1024 3187 his,
1062 3132 1238 3192 quibus
1272 3132 1445 3181 AEneae
1484 3133 1597 3191 fata,

473 3200 587 3255 post
606 3190 870 3239 adventum
891 3190 945 3238 in
966 3194 989 3239 1
995 3195 1172 3253 taliam,
1193 3212 1306 3244 mox
1325 3206 1599 3261 temporum

473 3254 714 3303 seriorum
735 3263 940 3303 eventus
960 3257 1180 3320 bellaque
1201 3260 1330 3309 inter
1355 3262 1533 3310 Poenos
1550 3270 1601 3309 et

475 3320 726 3366 Romanos
764 3328 916 3381 gesta,
973 3320 1222 3382 ingeniose
1270 3325 1498 3383 intexuit,
1544 3336 1601 3374 ut

473 3392 610 3433 tanto
647 3383 803 3446 magis
836 3399 902 3447 po
935 3384 1144 3433 ulau-ium
1179 3402 1376 3438 suorum
1411 3390 1601 3439 animos

473 3448 751 3496 adverteret
771 3456 822 3495 et
839 3448 900 3495 de
921 3457 1118 3506 ectaz-et,
1135 3452 1238 3511 jam
1251 3453 1334 3499 alii
1356 3452 1597 3503 viderunt.

475 3512 710 3561 Dirsrum
744 3527 862 3561 vero
893 3522 944 3560 et
975 3512 1378 3577 imprecationum
1401 3519 1601 3567 omnino

471 3576 730 3625 inventum
767 3587 818 3625 et
855 3594 998 3627 usum
1039 3594 1070 3625 a
1101 3579 1262 3642 poetis
1289 3582 1474 3629 Graecis
1515 3599 1595 3630 ae-

471 3640 616 3704 cepit‚
641 3640 694 3689 in
716 3642 892 3703 quibus
908 3643 1136 3705 frequens
1151 3652 1240 3701 est,
1258 3652 1426 3719 utpote
1447 3647 1596 3695 vehe-

473 3705 720 3754 mentibus
739 3706 992 3755 affectibus
1013 3708 1138 3755 bene
1157 3706 1441 3756 inserviens.

537 3771 649 3826 613,
675 3770 784 3817 614.
824 3772 954 3818 Ante
988 3770 1152 3819 oculos
1185 3772 1320 3819 fuere
1339 3787 1402 3819 ex
1423 3773 1597 3835 Odyss.

471 3853 502 3891 ι,
527 3835 624 3881 532
647 3850 749 3896 sqq.
772 3834 893 3881 dirae
927 3834 1214 3897 Polyphemi
1251 3834 1304 3883 in
1343 3836 1597 3899 Ulyssem:

472 3896 612 3947 Ἀλλ’
637 3898 685 3945 εἲ
699 3898 746 3945 οἱ
761 3898 881 3961 μοῖρ’
897 3898 1003 3947 ἐστὶ
1022 3908 1113 3947 etc.
1149 3898 1453 3947 Gravitatem
1489 3916 1597 3949 ors-

473 3962 620 4011 tionis
641 3972 759 4011 nota
776 3962 828 4010 in
847 3962 1008 4011 verbis
1020 3962 1241 4025 singulis,
1261 3972 1328 4020 ut,
1353 3962 1601 4025 Infandum

469 4034 612 4087 cerpus
680 4042 735 4075 ro
770 4042 898 4085 eum,
924 4030 1062 4075 terris
1096 4030 1284 4084 adnare,
1315 4042 1406 4091 pro
1421 4044 1597 4091 perve-

472 4090 580 4139 nire
602 4106 633 4138 a
687 4091 894 4140 Italiam.
953 4094 1050 4139 Hic
1065 4096 1284 4139 terminus
1299 4095 1456 4149 ληνοὶ,
1479 4093 1524 4140 si
1546 4093 1599 4141 in

475 4153 684 4211 Italiam,
707 4155 918 4203 fatorum
935 4164 987 4204 et
1001 4172 1220 4205 errorum
1239 4156 1412 4204 AEneae
1428 4158 1597 4205 termi-

472 4232 592 4264 num
629 4232 686 4265 ιο
725 4218 888 4277 finem,
925 4220 1182 4283 pervenire
1207 4220 1418 4269 AEneam
1451 4220 1597 4270 fatale

473 4288 574 4329 est:
610 4284 768 4337 heret,
791 4283 946 4331 fixum
963 4292 1016 4332 et
1033 4284 1330 4333 destinatum
1349 4294 1438 4333 est.

537 4344 809 4393 615—621.
846 4348 1092 4396 Revocats
1125 4359 1242 4397 sunt
1269 4350 1332 4399 ad
1353 4350 1442 4399 hss
1463 4350 1596 4399 diras

471 4422 528 4456 ea
573 4422 682 4471 quae
720 4407 802 4458 lib.
844 4409 912 4457 vii
949 4426 1050 4473 sqq.
1089 4422 1432 4472 memorantur,
1467 4415 1595 4464 bella

596 1890 611 1897 ο
642 1803 863 1881 Nunc,
898 1802 1070 1880 olim,
1101 1824 1510 1887 quocumque
1542 1803 1795 1867 dabunt
1826 1824 1897 1867 se
1928 1814 2222 1887 tempore
2250 1804 2441 1867 vires.

1666 2057 1779 2089 cum
1800 2040 1989 2090 Latinis
2012 2048 2061 2088 et
2082 2040 2227 2090 sociis
2246 2039 2460 2097 Rutulis,
2482 2040 2657 2089 AEneoe
2676 2056 2791 2105 pro-

1666 2106 1813 2154 fectio
1834 2106 1896 2155 ad
1918 2105 2204 2155 Evandrum
2220 2103 2393 2153 auxilii
2406 2105 2609 2170 petendi
2630 2121 2793 2165 cama,

1666 2170 1837 2218 relicto
1869 2170 1921 2217 in
1958 2168 2129 2217 castris
2156 2168 2383 2226 Ascanio,
2424 2184 2567 2231 quem
2604 2168 2797 2220 interea

1668 2242 1919 2298 oppugnat
1952 2234 2151 2281 Turnus
2184 2250 2295 2283 cum
2334 2248 2513 2295 mag-na
2554 2234 2793 2295 Trojano·

1666 2314 1775 2347 rum
1798 2308 1973 2361 strage.
2028 2298 2239 2361 Reliqua
2267 2313 2297 2346 a
2318 2314 2363 2347 v.
2388 2298 2483 2345 618
2502 2298 2567 2346 ad
2582 2308 2795 2348 mortem

1667 2363 1840 2410 AEneae
1854 2370 2104 2426 spectant5
2130 2378 2337 2425 namque
2362 2362 2404 2410 is
2421 2372 2593 2424 quarto
2606 2372 2663 2412 ut
2682 2364 2791 2427 ple-

1665 2427 1805 2489 rique
1828 2426 2038 2483 tradunt
2058 2442 2087 2475 a
2109 2426 2291 2475 foedere
2308 2442 2419 2475 cum
2439 2426 2633 2475 Latinis
2648 2442 2792 2486 anno,

1665 2507 1831 2556 pugna
1869 2507 1981 2539 cum
2011 2491 2278 2555 Tyrrhenis
2308 2491 2448 2548 facts,
2482 2491 2537 2539 in
2560 2492 2797 2540 Numisio

1667 2556 1867 2603 flumine
1910 2554 2073 2619 periit.
2114 2558 2338 2603 Ἀμάσι-ὴ
2372 2558 2562 2617 populi,-
2612 2555 2664 2603 id
2704 2566 2793 2614 est,

1669 2620 1979 2678 Rutulorum,
1998 2619 2125 2668 sicut
2140 2634 2333 2685 semper
2344 2619 2657 2669 inducuntur.
2689 2625 2794 2669 Aa·

1668 2688 1761 2731 das:
1783 2683 1941 2747 poetis
1974 2692 2049 2732 est
2082 2684 2353 2741 bellicosus,
2388 2684 2541 2733 fortis.
2598 2686 2798 2733 Finibus

1668 2752 1877 2805 extorris,
1898 2748 2143 2811 profectus
2176 2764 2239 2797 ex
2270 2748 2443 2797 eastris
2463 2748 2515 2796 in
2541 2748 2685 2796 Latio
2700 2764 2795 2813 po—

1664 2811 1787 2860 sitis.
1842 2815 2059 2875 Indigna,
2086 2813 2373 2871 miseranda,
2390 2830 2571 2861 suorum
2588 2815 2793 2871 Panem,

1664 2876 1715 2924 in
1752 2876 1890 2925 rimis
1921 2877 2155 2927 Pallantis
2188 2877 2270 2926 lib.
2310 2893 2358 2925 x.
2406 2880 2547 2925 Pacis
2586 2880 2795 2940 inique.-

1664 2940 1713 2989 vi
1782 2941 1865 2988 lib.
1890 2940 1976 2999 xii,
2012 2944 2107 2989 823
2142 2958 2244 3004 sqq.
2304 2941 2401 2989 Sed
2431 2956 2513 2989 res
2548 2941 2601 2989 in
2633 2946 2795 3005 majus

1666 3014 1819 3053 sucta.
1876 3008 2000 3054 Ante
2018 3009 2151 3063 diem,
2174 3021 2274 3054 non
2300 3006 2461 3054 obstat
2480 3006 2563 3054 lib.
2588 3006 2653 3065 vi,
2680 3004 2793 3065 ⁷⁶4,

1669 3072 1809 3121 Quem
1842 3072 1929 3117 tibi
1964 3072 2163 3133 longa-vo
2192 3072 2393 3118 Lavinia
2424 3071 2589 3133 conju-r
2610 3072 2797 3120 Educet

1662 3136 1792 3181 silvis
1810 3151 1973 3197 regem.
2034 3135 2221 3183 Paucos
2242 3134 2413 3183 saltem
2433 3149 2589 3183 annos
2612 3150 2793 3199 regna-

1664 3198 1747 3246 vit.
1828 3201 2113 3257 Inhumata,
2158 3198 2387 3262 quoniam
2454 3201 2559 3261 ejus
2614 3214 2673 3247 oo
2736 3215 2796 3249 us

1664 3278 1903 3325 nusquam
1924 3262 2179 3312 inventum
2202 3272 2291 3321 est,
2310 3273 2366 3311 ut
2380 3262 2503 3311 adeo
2524 3263 2655 3311 inter
2710 3278 2796 3313 eos

1664 3336 1891 3391 receptus
1923 3327 2182 3384 diceretur,
2218 3328 2276 3376 ut
2307 3343 2369 3375 ex
2398 3326 2565 3375 Liviii
2636 3344 2675 3376 r.
2700 3344 2790 3377 no-

1667 3402 1783 3439 tum.
1844 3395 1957 3441 Cum
1983 3397 2220 3455 sanguine,
2244 3407 2355 3440 cum
2386 3392 2503 3450 vitu,
2636 3392 2794 3442 multo

1666 3458 1849 3518 majore
1878 3472 1991 3505 cum
2026 3456 2087 3505 vi.
2146 3456 2373 3505 Servius:
2408 3460 2543 3519 quasi
2563 3460 2789 3519 impreca-

1666 3524 1809 3569 tiones
1826 3526 1953 3582 ipsas
1970 3538 2049 3569 suo
2070 3529 2353 3569 consecraret
2520 3524 2608 3569 ine.

1728 3586 2001 3633 622—624.
2036 3585 2165 3633 Odia
2184 3585 2315 3633 inter
2337 3586 2516 3633 Poenos
2538 3592 2589 3633 et
2608 3585 2791 3634 Roma-

1664 3662 1768 3706 nos,
1794 3658 1845 3697 et
1863 3650 1993 3698 bella
2025 3658 2263 3714 perpetua
2297 3650 2361 3698 de
2390 3647 2612 3713 imperio.
2664 3652 2791 3699 Seir-

1660 3728 1763 3771 pem
1802 3722 2005 3762 exercete
2026 3717 2158 3773 odiis,
2192 3723 2380 3762 vexate.
2438 3712 2552 3762 Nisi
2590 3723 2670 3763 est
2704 3728 2791 3763 ex-

1664 3776 1888 3837 quisitior
1918 3778 2045 3826 ratio
2068 3794 2161 3841 pro
2192 3778 2397 3843 vulgari,
2420 3792 2651 3827 exercere
2680 3778 2794 3827 odia

1664 3838 1716 3887 in
1754 3850 1989 3903 posteros.
2050 3845 2250 3891 Munera
2288 3844 2375 3891 int.
2422 3842 2639 3901 inferias,
2684 3858 2795 3906 quae

1664 3904 1861 3978 proprie
1882 3910 2007 3954 mitti
2024 3906 2266 3955 dicuntur.
2322 3909 2426 3955 Nec
2433 3906 2625 3969 soedem
2641 3916 2791 3966 sunto,

1665 3982 1747 4030 qm
1783 3984 1847 4030 pe
1870 3971 2014 4019 tertio
2036 3981 2194 4035 rupta.

1764 4034 2002 4085 25—627.
2049 4038 2195 4093 Ultor,
2238 4034 2572 4083 Hannibalem
2620 4046 2791 4085 osten-

1664 4094 1751 4153 dit,
1788 4097 1869 4158 qui
1920 4099 2111 4147 Italiam
2150 4098 2280 4148 ferro
2316 4099 2517 4163 ignique
2562 4100 2789 4149 vastavit.

1664 4162 1741 4207 Ex
1774 4164 1949 4209 wihus
1984 4178 2075 4227 pro
2106 4164 2308 4227 vulgari,
2346 4178 2411 4212 ex
2454 4164 2621 4212 cinere
2662 4180 2790 4221 meo,

1663 4223 1711 4271 h.
1736 4240 1777 4272 e.
1814 4236 1926 4289 post
1962 4242 2041 4276 me
2084 4229 2249 4276 veniat
2284 4226 2461 4290 aliquis
2498 4228 2583 4290 qui
2616 4242 2789 4292 perse-

1662 4298 1841 4349 quatur
1859 4300 1950 4339 ete.
2004 4294 2195 4340 Dabam
2225 4308 2287 4351 es,
2312 4292 2603 4355 exquisitius
2626 4308 2791 4355 quam,

1660 4362 1817 4401 erunt.
1869 4354 2007 4405 Bella
2032 4355 2221 4405 scilicet
2240 4356 2487 4407 ominatur
2505 4354 2687 4421 sepius
2710 4372 2789 4405 re-

1660 4426 1849 4465 novata.
