3050 4934
483 195 612 279 2'70

658 364 806 429 Has
835 365 990 430 mihi
1021 364 1392 430 serviissent
1421 366 1637 430 sedes.

1382 213 1908 279 AENEIDOS

1714 363 1887 428 Satis
1918 385 2049 428 una
2077 383 2405 446 superque

658 466 960 531 Vidimus
989 467 1266 544 excidia,
1297 479 1367 533 et
1394 478 1605 551 captoe
1634 467 2079 550 superavimus
2108 464 2277 528 urbi.

659 569 770 633 Sic
799 593 860 647 o,
894 571 985 635 sic
1011 571 1298 654 positum
1325 569 1506 634 affati
1536 568 1850 635 discedite
1881 587 2143 651 corpus.

485 671 615 734 646
661 670 812 754 Ipse
843 693 1036 735 manu
1064 683 1337 736 mortem
1366 672 1721 735 inveniam:
1768 669 2181 733 miserebitur
2207 667 2439 745 hostis,

661 772 1082 857 Exuviasque
1113 784 1314 858 petet.
1391 771 1625 837 Facilis
1645 773 1905 856 jactura
1936 768 2283 852 sepulchri.

658 872 808 936 Jam
837 874 1090 958 pridem
1117 875 1360 937 invisus
1391 874 1581 948 divis,
1610 883 1679 934 et
1704 870 1972 946 inutilis,
2000 891 2205 932 annos

663 973 1024 1051 Demoror;
1071 996 1156 1036 ex
1183 996 1315 1056 quo
1343 995 1444 1036 me
1475 970 1691 1036 divfim
1722 981 1913 1054 pater
1942 981 2139 1053 atque
2167 969 2495 1033 hominum
2522 989 2641 1034 rex

659 1073 968 1138 Fulminis
1000 1073 1242 1137 afflavit
1269 1075 1502 1151 ventiS,
1536 1083 1603 1137 et
1632 1072 1905 1154 contigit
1934 1071 2089 1153 igni.

485 1176 616 1239 650
658 1174 850 1238 Talia
877 1174 1216 1258 perstabat
1241 1196 1629 1248 memoranS,
1662 1173 1967 1266 fixusque
1996 1171 2319 1234 manebat.

657 1276 804 1340 Nos
837 1285 1084 1351 contra,
1115 1273 1309 1338 effusi
1337 1274 1638 1350 lacrimiS,
1670 1273 2041 1356 conjuxque
2072 1271 2346 1344 Creusa,

662 1374 1140 1459 Ascaniusque,
1173 1377 1507 1459 omnisque
1538 1375 1792 1450 domuS,
1824 1395 1907 1436 ne
1935 1382 2191 1436 vertere
2222 1391 2440 1434 secum

662 1478 916 1541 Cuncta
944 1485 1154 1560 pater,
1187 1475 1450 1559 fatoque
1483 1475 1743 1558 urgenti
1772 1475 2143 1538 incumbere
2174 1470 2385 1536 vellet.

660 1577 992 1662 Abnegat,
1023 1579 1413 1661 inceptoque
1443 1588 1513 1641 et
1542 1577 1809 1642 sedibus
1840 1576 2047 1638 haeret
2075 1576 2142 1637 in
2170 1573 2399 1638 isdem.

483 1683 614 1748 655
657 1680 920 1745 Rursus
951 1681 1017 1743 in
1049 1701 1224 1743 arma
1253 1679 1451 1756 feror,
1484 1690 1885 1762 mortemque
1916 1675 2311 1740 miserrimus
2342 1684 2519 1758 opto,

657 1783 832 1847 Nam
861 1781 1042 1866 quod
1072 1779 1406 1846 consilium
1433 1791 1551 1844 aut
1578 1801 1727 1864 quae
1746 1780 1883 1863 jam
1911 1776 2173 1841 fortuna
2202 1776 2527 1840 dabatur?

660 1884 861 1955 Mene
893 1881 1129 1946 efferre
1159 1882 1420 1964 pedem,
1451 1883 1729 1965 genitor,
1760 1891 1826 1943 te
1854 1901 2051 1963 posse
2080 1877 2311 1944 relicto

661 1984 1000 2070 sperasti?
1045 1994 1424 2066 tantumque
1454 1981 1638 2046 nefas
1670 1981 1883 2065 patrio
1911 1981 2155 2045 excidit
2184 1983 2342 2044 ore?

661 2086 734 2148 Si
761 2083 919 2148 nihil
947 2107 1033 2148 ex
1061 2094 1242 2148 tanta
1271 2085 1522 2167 superis
1554 2083 1771 2166 placet
1801 2083 1963 2146 urbe
1994 2080 2291 2165 relinqui,

489 2189 618 2252 660
663 2186 758 2250 Et
787 2187 973 2250 sedet
1000 2184 1126 2248 hoc
1157 2186 1388 2260 animo,
1421 2186 1857 2268 perituraeque
1888 2183 2134 2248 addere
2163 2183 2388 2267 Trojae

662 2287 896 2371 Teque
929 2296 1208 2369 tuosque
1229 2287 1458 2369 juvat3
1503 2296 1690 2370 patet
1717 2287 1824 2349 isti
1845 2286 2050 2369 janua
2078 2283 2291 2349 letho:

662 2388 941 2473 Jamque
972 2389 1184 2451 aderit
1211 2386 1414 2452 multo
1447 2386 1689 2452 Priami
1718 2388 1802 2451 de
1836 2387 2147 2470 sanguine
2181 2385 2498 2470 Pyrrhus,

656 2489 906 2555 Natum
936 2499 1086 2553 ante
1117 2510 1231 2553 ora
1259 2490 1489 2573 patris,
1519 2499 1771 2572 patrem
1804 2489 1917 2571 qui
1946 2488 2295 2551 obtruncat
2324 2488 2409 2552 ad
2438 2509 2608 2552 aras.

553 2645 664 2700 642,
688 2643 798 2690 643.
835 2645 961 2690 Satis
981 2657 1202 2703 superque
1225 2659 1317 2688 una
1337 2644 1519 2689 excidia
1542 2643 1610 2688 m·-

486 2711 650 2765 dimue‚
676 2706 942 2768 exquisite3
966 2707 1085 2754 satis
1107 2720 1166 2754 su
1227 2720 1348 2768 rque
1371 2715 1458 2762 est,
1483 2704 1613 2768 quod

487 2771 636 2821 semel
662 2771 859 2833 Trojam
891 2771 976 2828 (ab
1009 2770 1144 2817 Herc
1199 2785 1226 2818 e
1257 2779 1457 2835 propter
1483 2769 1610 2818 Lao—

485 2835 726 2884 medontis
756 2833 1036 2898 perfidiam)
1069 2843 1396 2898 expugnatam
1427 2833 1526 2881 vidi
1565 2842 1614 2882 et

485 2899 595 2948 urbi
626 2909 780 2964 captae
809 2897 1073 2963 supervixi,
1097 2913 1160 2946 ne
1194 2897 1268 2945 bis
1299 2898 1426 2945 idem
1459 2914 1607 2962 expe-

485 2979 598 3012 nar.

551 3030 660 3076 644.
685 3031 764 3076 Sic
771 3030 970 3088 positum
983 3042 1156 3088 corpus,
1166 3042 1259 3090 pro
1271 3041 1364 3083 me,
1381 3024 1609 3086 κείμενον,

485 3092 620 3154 quasi
636 3096 738 3153 jam
755 3091 915 3146 sunus,
934 3089 1038 3137 sive
1054 3093 1156 3152 jam
1176 3090 1488 3149 efferendum,
1507 3091 1611 3140 sive

482 3158 584 3217 jam
618 3155 877 3219 sepultum,
899 3158 980 3210 sic,
1005 3164 1062 3202 ut
1092 3169 1214 3211 sum,
1245 3169 1324 3202 me
1354 3157 1490 3216 affati
1523 3170 1609 3203 ex-

486 3229 694 3268 tremum
729 3217 850 3266 illud
878 3218 1027 3266 Vale!
1074 3218 1223 3265 Vale!
1271 3219 1397 3266 Vide
1431 3229 1609 3277 tamen,

486 3298 548 3331 an
571 3282 780 3330 vividior
809 3291 954 3330 exeat
979 3281 1146 3340 oratio,
1180 3286 1261 3340 sic,
1287 3287 1356 3330 sie
1373 3285 1609 3340 discedite,

487 3346 572 3404 sic,
595 3355 652 3394 ut
673 3345 804 3393 estis.
1005 3349 1012 3354 ‘

549 3411 658 3456 645.
691 3411 853 3465 Manu,
879 3422 976 3455 non
1000 3423 1122 3465 mea,
1141 3409 1227 3456 sed
1245 3410 1412 3458 hostis.
1461 3413 1606 3458 Mise-

483 3477 662 3522 rebs’tur
695 3477 850 3530 hostis,
889 3481 945 3519 ut
981 3471 1057 3520 vel
1097 3472 1410 3521 miseratione
1449 3483 1610 3521 motus

481 3553 562 3586 me
583 3554 676 3601 sup
710 3537 953 3592 licentem,
973 3547 1030 3584 ut
1047 3536 1148 3584 vita
1168 3535 1343 3585 liberet
1365 3553 1457 3596 me,
1479 3537 1606 3585 occi-

482 3603 591 3658 dat;
629 3619 688 3650 ve
745 3605 932 3652 exuvias
957 3609 1099 3663 petet,
1132 3611 1182 3648 et
1213 3601 1403 3650 occidet
1441 3617 1520 3649 me
1555 3611 1611 3650 ut

481 3666 660 3732 spoliet
693 3681 784 3714 me.
851 3665 1070 3716 Cadaver
1106 3665 1406 3730 insepultum
1448 3665 1607 3728 abjici,

481 3731 610 3794 quod
628 3729 736 3779 aliis
753 3739 853 3779 tam
871 3729 1183 3788 horrendum,
1201 3731 1322 3779 mihi
1338 3745 1486 3793 grave
1509 3745 1609 3777 non

483 3806 572 3844 est.

545 3859 818 3910 647—650.
874 3857 1076 3906 Fundus
1107 3858 1282 3906 sabulae
1315 3857 1367 3906 in
1405 3859 1608 3922 Hymno

479 3924 534 3972 in
575 3924 820 3972 Venerem
859 3939 904 3970 v.
947 3924 1231 3972 287—2892
1281 3923 1470 3971 afflatus
1509 3922 1603 3970 ful-

479 3988 612 4036 mine
639 3997 689 4036 et
721 3986 986 4035 secundum
1009 3986 1130 4034 alios
1151 3997 1434 4044 excecatus,
1463 3989 1607 4048 juxta

477 4062 698 4101 nostrum
733 4060 922 4100 tantum
961 4049 1242 4100 debilitatus
1279 4051 1606 4113 membrisque

479 4125 664 4179 captus,
709 4115 964 4172 Anchises,
1021 4115 1152 4177 quod
1201 4115 1607 4164 consuetudinem

479 4194 591 4226 cum
629 4179 822 4227 Venere
857 4179 1088 4242 evulgata

534 4304 683 4353 ’ctum
714 4321 805 4369 pro
835 4307 1014 4356 morari
1045 4307 1100 4355 in
1121 4308 1236 4366 vita,
1260 4313 1430 4357 morari
1462 4314 1603 4358 vitam

479 4369 566 4429 (ne
579 4367 843 4428 decurrat),
862 4385 1016 4418 annom
1063 4374 1292 4422 Fulminis
1303 4377 1475 4432 fierit
1493 4391 1599 4422 ven-

1680 2643 1753 2697 tis,
1784 2656 1874 2714 pro
1907 2638 2137 2695 fulmine3
2174 2638 2561 2702 quandoquidem
2588 2655 2677 2689 aer
2706 2639 2801 2691 ful-

1678 2705 1825 2753 minis
1850 2707 1987 2765 jactu
2016 2703 2255 2770 impulsus
2278 2713 2329 2752 et
2358 2705 2623 2753 rarefactus
2648 2705 2803 2755 inter-

1678 2769 1831 2817 cludit
1852 2768 2105 2833 spiritum3
2140 2769 2314 2817 saltem
2336 2778 2495 2818 motus
2518 2778 2569 2816 et
2590 2770 2805 2834 impetus

1676 2833 1804 2881 aeris
1834 2849 1947 2880 cum
1979 2832 2183 2881 fulmine
2209 2831 2430 2881 sentitur.
2498 2833 2689 2882 Verum
2716 2835 2804 2884 do-

1676 2899 1817 2946 cebat
1846 2897 1952 2962 ipsa
1976 2913 2068 2955 res,
2090 2912 2201 2946 cum
2224 2897 2351 2945 aeris
2378 2896 2591 2961 impulsu
2618 2898 2806 2948 fulmen

1676 2962 1877 3010 cadere:
1934 2961 2050 3009 hinc
2093 2971 2210 3009 noto
2262 2977 2355 3010 usu
2398 2961 2627 3025 loquendi
2674 2963 2805 3012 dieta

1676 3042 1793 3074 aura
1821 3025 2038 3087 ficlmt’m's
2056 3045 2072 3072 .-
2120 3025 2249 3073 unde
2286 3025 2449 3090 ipsum
2486 3031 2645 3086 ψη
2684 3027 2801 3076 duc-

1676 3099 1794 3139 tum.
1854 3093 2012 3148 Fixus,
2051 3089 2224 3138 affixus
2255 3089 2375 3148 loco,
2414 3105 2513 3139 non
2545 3090 2804 3141 discedens

1676 3155 1847 3202 domo:
1884 3153 1942 3202 cf.
1968 3157 2079 3203 699.

1742 3219 2013 3266 651—653.
2050 3217 2295 3294 Lugubris
2316 3233 2433 3267 sane
2456 3227 2507 3266 et
2528 3219 2807 3269 miseranda

1678 3297 1839 3331 rerum
1864 3282 2025 3340 facies,
2050 3282 2092 3330 si
2114 3283 2306 3346 sing-ula
2326 3283 2523 3346 cogites.
2574 3287 2676 3334 Nos
2698 3303 2802 3334 con-

1678 3355 1755 3394 tra
1790 3361 1927 3394 orare
1960 3361 2060 3394 non
2094 3345 2388 3405 desistimus,
2415 3350 2549 3408 efflusi
2582 3351 2799 3407 hev-inuis,

1677 3409 1915 3472 exquisite
1938 3425 2029 3473 pro
2050 3413 2100 3457 in
2124 3413 2351 3458 lacu-imas.
2400 3414 2477 3460 Ne
2497 3421 2675 3462 vertere
2696 3415 2744 3462 h.
2766 3415 2798 3462 l.

1676 3483 1909 3530 evertere,
1934 3474 2154 3537 perdere,
2180 3473 2375 3538 satoque
2404 3481 2587 3539 urgenti
2626 3482 2799 3526 ineen-

1676 3541 1793 3595 bere,
1832 3537 2004 3594 vellet;
2046 3538 2094 3586 h.
2125 3555 2168 3587 e.
2198 3539 2418 3597 exitium,
2454 3541 2583 3604 quod
2619 3541 2698 3590 vel
2730 3543 2799 3590 sic

1674 3601 1972 3661 imminebat,
2000 3603 2285 3651 accelerare.
2362 3607 2539 3668 Urgent
2570 3621 2682 3668 quae
2722 3606 2796 3654 in-

1673 3675 1830 3722 stant;
1880 3676 1949 3724 ut,
1990 3683 2099 3730 quae
2132 3683 2301 3716 essum
2336 3667 2600 3727 minantur,
2641 3671 2723 3719 his
2756 3671 2797 3719 si

1674 3733 1983 3788 incumbimus,
2008 3747 2065 3779 ea
2087 3731 2387 3795 impellimus
2406 3743 2463 3782 ut
2482 3745 2733 3798 proruant.

1738 3795 1850 3852 657,
1888 3797 1997 3843 658.
2047 3796 2128 3843 Ad
2160 3805 2351 3860 patrem
2393 3798 2644 3846 Anchisen
2679 3815 2795 3848 con·

1674 3873 1843 3907 versus
1882 3859 1984 3907 haec
2022 3859 2156 3907 dicit.
2225 3861 2445 3910 Affectus
2486 3871 2601 3911 nota
2640 3863 2707 3911 im

1674 3932 1790 3982 tum,
1831 3923 2033 3986 pulchre
2073 3929 2359 3988 expressum
2394 3927 2613 3990 abruptis
2650 3937 2797 3976 ettam

1672 3987 1939 4036 sententiis.
1987 3990 2181 4036 Tantum
2204 3988 2348 4051 nefas,
2372 4000 2429 4038 ut
2446 3991 2675 4040 suaderet
2695 4007 2797 4041 rem

1673 4062 1770 4100 tam
1794 4052 2041 4102 nefariam.

1750 4117 1860 4164 661.
1908 4119 2049 4166 Patet
2084 4121 2165 4166 ists·
2186 4118 2343 4182 janua
2382 4122 2514 4178 letho,
2552 4119 2616 4169 ad
2652 4121 2795 4170 talem

1089 4189 1122 4227 t.
1190 4183 1347 4228 Annos
1384 4183 1601 4238 demoror,
1668 4191 1874 4229 mortem
1903 4183 1964 4230 ab
1994 4183 2132 4232 hoste
2164 4183 2497 4248 accipiendam
2518 4185 2599 4233 via
2630 4195 2791 4249 patet;

511 4241 616 4290 uasi
669 4241 954 4291 festinantes
997 4243 1082 4292 diu
1137 4244 1346 4292 vivendo
1390 4244 1601 4293 detineo.
1668 4261 1727 4294 ea
1762 4261 1895 4294 mors
1938 4247 2079 4296 facile
2122 4247 2331 4296 obtineri
2374 4249 2569 4312 poterit.
2655 4249 2793 4298 Idem

1669 4310 1797 4373 quod
1820 4311 1931 4368 645,
1958 4311 1969 4324 ‘
2008 4327 2061 4360 se
2080 4327 2219 4360 mma
2241 4321 2425 4361 mortem
2448 4316 2689 4362 §meum

1742 4373 1851 4433 662,
1894 4377 1957 4424 ⁶6
2060 4373 2261 4424 Rereuit
2298 4377 2391 4426 ists
2432 4393 2476 4426 v.
2524 4379 2636 4437 645,
2680 4379 2789 4436 646,
