3050 4934
1178 259 1519 327 LIBER
1564 261 1695 329 IV.

2466 268 2594 333 339

452 407 791 473 Armatam
821 408 1071 475 facibus
1100 419 1369 475 matrem
1399 421 1467 475 et
1494 415 1908 498 serpentibus
1941 418 2098 479 atris

450 508 673 581 Quum
702 508 893 593 fugit,
926 509 1321 595 ultricesque
1353 513 1587 577 sedent
1614 515 1680 578 in
1709 514 1923 581 limine
1955 517 2159 580 Dirae.

536 609 745 694 Erg0‚
776 610 891 674 ubi
920 611 1217 695 concepit
1245 610 1447 675 furias
1474 615 1685 679 evicta
1713 615 1964 693 dolore,

270 710 404 774 475
449 709 890 795 Decrevitque
920 711 1104 787 mori,
1136 722 1393 796 tempus
1424 736 1646 779 secum
1671 717 1816 798 ipsa
1845 717 2236 801 modumque

448 811 713 896 Exigit3
758 821 849 888 et,
878 822 1175 876 moestam
1206 813 1395 877 dictis
1424 837 1740 897 aggressa
1769 840 2081 895 sororem,

446 911 801 977 Consilium
829 911 1011 977 vultu
1041 914 1225 996 tegit,
1256 935 1333 978 ac
1362 937 1546 999 spem
1577 915 1792 983 fronte
1824 929 2118 983 serenat:

448 1012 694 1089 Inveni,
725 1034 1055 1097 germana,
1084 1014 1251 1077 viam
1280 1014 1566 1098 (gratare
1599 1019 1855 1100 sorori),

448 1114 620 1187 Quae
646 1114 803 1179 mihi
832 1114 1069 1187 reddat
1095 1137 1265 1193 eum,
1296 1114 1398 1181 vel
1426 1140 1509 1181 eo
1537 1142 1638 1183 me
1671 1120 1878 1184 solvat
1905 1132 2245 1185 amantem.

269 1215 405 1280 480
446 1215 697 1281 Oceani
724 1216 921 1281 finem
937 1216 1156 1300 juxta,
1188 1215 1519 1303 solemque
1545 1222 1908 1299 cadentem,

444 1317 729 1382 Ultimus
758 1316 1151 1401 AEthiopum
1177 1316 1359 1383 locus
1388 1330 1513 1397 est,
1547 1324 1658 1387 ubi
1689 1344 2025 1409 maxumus
2059 1321 2247 1387 Atlas

443 1417 661 1485 Axem
690 1420 959 1483 humero
988 1429 1252 1503 torquet
1280 1420 1480 1484 stellis
1512 1424 1895 1488 ardentibus
1927 1436 2184 1508 aptum:

444 1519 621 1585 Hinc
638 1518 803 1584 'mihi
834 1518 1147 1603 Massyloe
1176 1522 1387 1603 gentis
1418 1534 1776 1591 monstrata
1807 1526 2136 1601 sacerdOS,

440 1618 889 1705 Hesperidum
918 1621 1139 1706 templi
1170 1632 1415 1698 custos,
1447 1621 1804 1707 epulasque
1837 1626 2102 1689 draconi

266 1723 399 1787 485
443 1723 614 1796 Quae
642 1722 865 1799 dabat,
896 1734 965 1786 et
994 1746 1215 1787 sacros
1246 1725 1551 1787 servabat
1579 1726 1645 1787 in
1675 1726 1908 1789 arbore
1941 1748 2175 1800 ramOS,

442 1826 775 1909 Spargens
803 1822 1071 1889 humida
1098 1822 1285 1889 mella
1318 1824 1874 1909 soporiferumque
1903 1848 2208 1909 papaver.

266 2061 347 2100 tes
376 2051 495 2100 furit
526 2068 557 2101 a
592 2050 755 2100 Furiis
790 2050 1077 2113 exagitatus,
1117 2068 1229 2099 cum
1266 2052 1390 2115 sugit

262 2125 473 2165 matrem
496 2124 585 2163 etc.

332 2180 605 2231 4⁷4-477,
648 2182 827 2235 Edeta,
860 2186 915 2225 ut
947 2186 1106 2241 poeta,
1144 2193 1232 2241 pro
1266 2177 1382 2225 sim-

260 2244 384 2309 plici
420 2247 545 2293 victa
576 2242 717 2291 dixit.
782 2245 951 2304 Exigit
984 2243 1109 2289 bene
1142 2257 1233 2305 pro
1266 2258 1383 2289 con-

261 2307 443 2365 stituit,
477 2307 605 2369 quod
638 2308 696 2354 fit
726 2321 780 2353 re
812 2314 983 2353 exacta
1017 2321 1075 2353 ac
1108 2304 1385 2354 deliberata.

260 2370 563 2434 Spes-frome
578 2377 773 2427 menet,
789 2366 1077 2432 exquisitius
1092 2386 1237 2431 quam
1254 2370 1385 2417 fron-

263 2448 369 2485 tem
399 2444 593 2484 serenat
613 2446 664 2483 et
696 2434 922 2497 explicat,
946 2449 1033 2497 spe
1056 2449 1182 2482 nova
1204 2450 1259 2482 ac
1282 2450 1384 2483 me-

260 2500 389 2549 liore
409 2510 645 2563 concepta
664 2498 743 2547 vel
774 2507 993 2546 ostensa:
1029 2499 1121 2545 hoc
1154 2498 1383 2547 transfer-

261 2578 349 2613 tur
363 2565 426 2612 ad
448 2564 605 2627 ipsam
626 2578 779 2627 spem,
800 2578 909 2624 quae
923 2562 1142 2610 serenior
1163 2572 1213 2610 et
1230 2562 1386 2611 laetior

260 2628 497 2692 affulgere
529 2636 717 2691 potestg
752 2626 968 2689 adeoque
988 2626 1121 2674 Dido
1146 2642 1285 2689 spem
1306 2642 1383 2673 se-

257 2702 418 2751 renat,
463 2691 761 2741 sereniorem
801 2706 857 2738 ac
898 2689 1131 2739 laetiorem
1174 2690 1387 2739 ostendit

258 2756 417 2806 vultu.
476 2756 546 2804 Ut
564 2772 687 2817 spen
706 2758 835 2802 vultu
856 2757 1056 2811 simulat,
1077 2754 1159 2802 lib.
1184 2754 1216 2811 i,
1243 2757 1350 2803 209.

328 2821 426 2872 478
456 2835 557 2883 sqq.
606 2819 815 2868 Simtilat
850 2819 981 2866 Dido
1011 2834 1065 2866 se
1096 2833 1269 2893 parare
1302 2834 1379 2867 sa-

255 2902 343 2998 {m'
320 2900 418 2998 ¹¹31
436 2900 693 3012 '‘ffiss
707 2898 841 2995 :31:⁰2
862 2892 947 2995 2¹5:
961 2883 1381 2995 „ffissffmitffl

258 3014 357 3062 Est
384 3014 507 3062 adeo
532 3028 723 3063 sacrum
758 3028 789 3073 q
870 3028 899 3059 e
931 3011 985 3059 in
1016 3010 1119 3058 Ecl.
1148 3011 1231 3059 viii
1254 3011 1377 3059 vidi-

252 3094 384 3127 mus.
438 3078 499 3125 In
522 3088 625 3125 toto
644 3077 735 3124 hoc
758 3086 1035 3123 commento
1056 3084 1155 3122 tam
1178 3090 1379 3138 operose

252 3142 541 3192 adornando
567 3152 617 3190 et
651 3140 939 3189 instruendo
969 3140 1073 3187 haec
1106 3140 1380 3203 respexisse

251 3206 415 3255 videri
457 3206 605 3254 debet
642 3204 789 3262 Dido,
831 3214 887 3253 ut
926 3203 1162 3252 sacrificio
1202 3220 1380 3251 arcano

250 3271 489 3336 parando,
510 3285 607 3333 quo
630 3268 825 3319 arbitris
856 3267 1056 3317 remotis
1078 3268 1181 3316 sola
1206 3282 1375 3331 opera·

250 3346 407 3393 remr,
430 3335 491 3383 ad
512 3344 720 3383 mortem
742 3332 835 3382 sibi
868 3332 1169 3381 inferendam
1196 3347 1372 3395 oppor-

252 3400 530 3457 tunitatem,
562 3397 827 3455 silentium,
860 3408 909 3445 et
941 3396 1253 3444 solitudinem
1286 3396 1372 3443 ha-

252 3466 409 3513 beret.
456 3463 555 3511 Sed
572 3472 623 3510 et
640 3462 764 3511 illud
782 3461 993 3511 furorem
1012 3460 1189 3508 misere
1207 3476 1372 3507 aman-

248 3528 321 3577 tis
352 3526 527 3590 arg-uit,
562 3526 693 3589 quod
726 3534 887 3575 vestes
926 3525 1100 3572 AEneae
1134 3533 1185 3573 et
1217 3533 1374 3573 torum

248 3588 1376 3719 fflffissfflssffiffiffifflffss

250 3738 285 3770 a
318 3736 365 3769 v.
397 3720 651 3767 504-521
686 3728 961 3775 narrantur,
998 3716 1061 3765 ad
1092 3732 1372 3781 pra-paran-

248 3786 373 3833 dum
414 3793 465 3833 et
502 3783 852 3848 ampicandum
894 3797 1087 3830 sacrum
1126 3780 1374 3845 pertinere

248 3860 400 3915 puta:
436 3848 659 3897 trahebat
686 3862 743 3896 ac
764 3846 1017 3895 differebat
1040 3845 1165 3894 illud
1184 3861 1374 3895 sacrum

246 3928 487 3977 mamque
508 3922 715 3961 mortem
736 3911 921 3975 regina,
940 3909 1169 3973 quamdiu
1191 3910 1375 3960 AEneas

244 3992 469 4091 {iffi
476 3976 1085 4091 25333335223322‘
1103 3974 1377 4095 ‘¹3:3¹¹ss

240 4107 495 4157 eerdotem
510 4104 675 4155 arcani
690 4104 817 4155 sacri
832 4106 893 4153 ab
908 4102 1241 4168 Hesperidum
1254 4104 1367 4152 hor·

242 4172 313 4220 tis
326 4171 545 4228 advocat,
564 4170 745 4219 mirum
765 4168 917 4219 videri
934 4176 1110 4233 potest,
1130 4167 1227 4216 nisi
1247 4168 1371 4217 forte

246 4234 503 4299 Apollonii
536 4234 729 4293 Medea,
764 4235 829 4283 ad
860 4236 999 4296 cnjus
1030 4246 1247 4281 amorem
1277 4232 1367 4280 Di-

242 4299 393 4349 donis
414 4314 551 4348 amor
580 4299 633 4347 in
654 4298 865 4347 AEneam
888 4297 1277 4347 accommodatus
1297 4306 1373 4345 est

245 4380 280 4412 a
298 4372 459 4439 poeta,
476 4363 627 4413 etiam
644 4363 773 4412 hunc
794 4364 991 4411 hortum
1012 4377 1125 4410 cum
1141 4360 1372 4409 draconta

1453 2063 1558 2102 rate
1580 2054 1838 2116 descript-is
1869 2056 1921 2101 in
1955 2063 2112 2117 poetoe
2148 2056 2344 2115 ingenio
2373 2058 2498 2105 sevit
2529 2069 2580 2107 et

1452 2116 1698 2163 instruxit.
1758 2116 2027 2165 Enimvero
2054 2120 2320 2167 tenendum
2341 2131 2578 2183 praeterea

1452 2188 1527 2227 est
1550 2190 1818 2227 extremam
1853 2180 1984 2228 illam
2012 2182 2190 2239 Africae
2211 2183 2258 2229 h.
2284 2200 2324 2231 e.
2351 2186 2574 2235 occiden-

1452 2244 1598 2291 talem
1617 2245 1810 2307 plagam
1842 2244 2290 2307 antiquissimorum
2321 2258 2574 2311 poetarum

1454 2308 1630 2355 fabulis
1679 2324 1786 2356 esse
1839 2310 2144 2357 celebratam.
2223 2312 2574 2363 Accommoda-

1454 2370 1642 2419 tissima
1682 2372 1830 2435 igitur
1861 2384 2018 2447 poetae
2053 2374 2258 2422 consilio
2291 2385 2341 2423 et
2372 2377 2452 2425 hic
2483 2380 2578 2428 fuit

1451 2434 1538 2483 illa
1567 2444 1711 2493 terra,
1745 2436 1970 2500 inprimis
1999 2438 2052 2484 in
2081 2438 2358 2487 narratione
2385 2457 2494 2503 quae
2513 2444 2576 2491 ad

1452 2499 1670 2547 Africam
1693 2510 1950 2563 spectaret.

1514 2566 1626 2611 481.
1677 2565 1967 2613 Extremum
2003 2564 2184 2613 Africae
2215 2565 2354 2615 littus
2387 2572 2568 2618 AEths'o-

1444 2632 1574 2689 piam
1608 2628 1840 2687 nominat,
1875 2638 1925 2677 et
1959 2630 2008 2677 h.
2045 2630 2076 2676 1.
2112 2628 2310 2691 quidem
2343 2633 2568 2682 occiden-

1450 2692 1560 2749 tale,
1599 2708 1706 2755 quoe
1745 2693 1942 2757 proprie
1984 2693 2294 2741 Mauretania
2334 2705 2421 2744 est.
2493 2700 2570 2746 De

1450 2756 1652 2805 Atlante
1673 2773 1778 2820 sup.
1807 2774 1849 2805 v.
1873 2756 1995 2807 247:
2034 2757 2128 2806 vid.
2154 2758 2217 2805 ad
2241 2758 2270 2817 i,
2297 2758 2405 2809 741.

1511 2824 1784 2868 482—485.
1827 2824 2020 2883 Torquet
2055 2822 2273 2870 ornatius
2335 2840 2446 2872 uam
2467 2842 2564 2874 coe-

1446 2883 1548 2931 lum
1591 2886 1825 2941 sustinet3
1879 2895 2013 2933 motu
2055 2885 2200 2933 simul
2242 2887 2352 2933 coei
2393 2889 2569 2938 diurno

1446 2964 1706 3012 expressot
1751 2958 1908 3011 aptum
1941 2952 2102 3005 stellis,
2146 2966 2208 2998 ex
2241 2950 2414 3008 uisite5
2459 2954 2564 3002 vul-

1444 3013 1551 3075 gari
1571 3014 1799 3075 loquendi
1821 3015 1966 3062 modo
1983 3013 2138 3062 stella?
2151 3030 2226 3063 cce
2245 3030 2275 3061 o
2295 3026 2436 3079 aptae,
2455 3018 2500 3064 h.
2522 3035 2562 3066 e.

1444 3078 1602 3125 affixae
1623 3088 1764 3133 suntg
1799 3088 1900 3127 tum
1925 3089 1973 3127 et
1996 3079 2156 3142 ipsum
2173 3078 2350 3127 coelum
2367 3080 2564 3130 affixum

1445 3150 1495 3189 et
1529 3151 1713 3205 aptum,
1737 3143 1984 3205 alligatum
2020 3143 2188 3199 stellis,
2225 3145 2268 3191 h.
2295 3160 2336 3191 e.
2362 3144 2562 3194 distinc-

1444 3213 1563 3253 tum.
1621 3209 1875 3268 Massylam
1907 3222 2054 3255 unum
2087 3208 2230 3255 solito
2263 3224 2396 3256 more
2419 3220 2562 3273 poeta

1444 3270 1644 3317 omnino
1713 3286 1768 3318 ro
1806 3270 1988 3333 Libyca
2020 3272 2160 3328 dixit,
2200 3281 2336 3321 certo
2366 3274 2564 3323 nomine

1440 3347 1529 3396 pro
1563 3286 1816 3381 indefinito
1837 3335 2010 3398 posito.
2067 3338 2370 3397 Hesperidum
2393 3342 2558 3395 hortos,

1439 3398 1684 3446 communi
1717 3408 1969 3461 poetarum
1995 3399 2226 3474 opinione
2259 3400 2388 3447 intra
2410 3403 2560 3464 Cyre-

1440 3461 1593 3509 naicae
1629 3462 1750 3510 fines
1784 3463 1983 3526 positos,
2023 3479 2076 3510 in
2110 3464 2468 3511 Mauretaniam
2500 3466 2561 3511 ad

1440 3526 1658 3573 Atlantis
1681 3526 1860 3574 montis
1887 3526 2076 3574 radices
2099 3526 2319 3582 removit,
2343 3527 2558 3587 quando-

1440 3589 1638 3651 quidem
1659 3590 1958 3652 antiquiores
1979 3590 2168 3637 diverse
2189 3589 2251 3636 de
2274 3604 2442 3637 eorum
2465 3590 2562 3640 situ

1440 3654 1752 3701 tradiderant.
1821 3657 1984 3701 Sacros
2018 3656 2068 3700 ὶπ
2101 3656 2262 3700 arbore
2297 3670 2457 3713 ramos,
2491 3672 2558 3703 sc.

1438 3734 1550 3765 cum
1585 3717 1744 3782 pomis
1773 3717 1934 3766 aureis
1965 3732 2140 3775 ramos,
2164 3717 2346 3765 Veneri
2379 3733 2556 3768 sacros.

1438 3783 1586 3830 Certe
1607 3782 1778 3830 violari
1809 3798 1893 3830 eos
1915 3781 2051 3829 nefas
2082 3790 2199 3830 erat.
2257 3781 2440 3831 Narrat
2470 3797 2554 3832 au-

1441 3856 1540 3895 tem
1571 3854 1730 3910 poeta,
1753 3846 1796 3894 si
1821 3862 1918 3895 non
1951 3846 2082 3910 ipsas
2103 3845 2406 3910 Hesperidas
2425 3846 2554 3905 deas,

1436 3911 1606 3960 hortos
1627 3920 1792 3959 tamen
1813 3926 1995 3968 earum,
2013 3926 2134 3973 quos
2156 3913 2366 3971 templum
2389 3910 2556 4022 apppl-

1436 3974 1521 4035 lat,
1543 3986 1772 4038 tanquam
1803 3975 1965 4023 locum
1986 3974 2049 4023 iis
2069 3988 2274 4031 sacrum,
2299 3974 2383 4020 ino
2401 3990 2430 4023 a
2499 3991 2560 4023 uc

1440 4050 1539 4087 tem
1606 4056 1660 4088 re
1681 4038 1993 4104 superfuisse,
2028 4038 2184 4101 iisque
2207 4037 2456 4101 praefuisse
2477 4054 2554 4088 sa-

1434 4120 1463 4152 c
1551 4114 1682 4153 otem
1700 4104 1946 4153 feminam.

1500 4170 1612 4217 486.
1665 4169 1762 4216 Pro
1804 4168 1900 4215 offii
1938 4182 1994 4214 ac
2031 4164 2140 4213 cibo
2179 4164 2380 4213 offertur
2413 4164 2552 4228 μάζα,

1434 4232 1660 4297 placenta
1691 4232 1887 4289 mellita,
1911 4239 1996 4279 aut
2028 4230 2070 4277 si
2103 4229 2300 4293 proprie
2321 4228 2452 4278 dicta
2473 4247 2550 4280 ac—

1434 4297 1660 4361 cipimus,
1711 4295 1806 4344 mel
1861 4294 2098 4356 liquidum
2141 4310 2253 4342 cum
2295 4310 2551 4358 papavere.

1436 4362 1701 4423 laecum-ue,
1737 4361 1840 4422 iam
1885 4358 2085 4407 Servius
2129 4358 2331 4416 monuit,
2375 4363 2556 4409 videtur

248 4442 499 4491 sacrique
534 4426 735 4490 magicis
768 4426 851 4477 lib.
882 4426 947 4485 iv,
975 4428 1067 4475 109
1089 4442 1189 4489 sqq.
1227 4440 1367 4475 accu-
1430 4428 1643 4487 perium,
1685 4432 1737 4473 ut
1790 4421 2036 4486 »opor-Jera
2083 4427 2251 4486 speeies
2293 4424 2554 4488 (papaver)
