3050 4934
473 245 602 308 278
1362 241 1890 308 AENEIDOS

649 393 930 458 Diversa
957 391 1188 456 exsilia
1215 402 1284 455 et
1313 393 1611 457 desertas
1644 413 1938 475 quoerere
1970 401 2179 453 terras

562 496 605 556 5
647 491 965 577 Auguriis
996 493 1248 575 agimur
1277 490 1517 567 divfim,
1550 490 1953 573 classemque
1986 488 2109 551 sub
2138 488 2283 570 ipsa

647 591 998 657 Antandro
1025 601 1094 656 et
1123 590 1430 675 Phrygiae
1457 589 1755 655 molimur
1784 588 2111 653 montibus
2140 586 2316 664 ldae;

647 694 890 759 Incerti
917 715 1050 777 quo
1076 692 1214 756 fata
1241 691 1478 768 ferant,
1509 692 1627 755 ubi
1656 692 1887 755 sistere
1918 690 2141 767 detur3

648 793 1236 876 contrahimusque
1269 793 1461 857 viros.
1538 790 1671 856 Vix
1700 792 1907 876 prima
1936 792 2271 877 inceperat
2298 800 2519 864 aestaS,

645 896 742 959 Et
771 906 960 980 pater
989 891 1316 957 Anchises
1347 895 1506 958 dare
1537 892 1689 959 fatis
1722 890 1865 957 vela
1883 892 2199 975 jubebat3

521 1000 602 1062 10
647 997 907 1061 Littora
935 1018 1136 1081 quum
1163 996 1393 1079 patriae
1421 994 1761 1059 lacrimans
1790 1003 2151 1077 portusque
2184 991 2501 1074 relinqu0,

645 1098 740 1163 Et
769 1119 1030 1183 campos
1061 1096 1176 1159 ubi
1203 1094 1269 1159 T
1273 1096 1416 1181 roja
1444 1094 1589 1159 fuit.
1666 1094 1873 1159 Feror
1900 1093 2091 1159 exsul
2119 1094 2185 1157 in
2214 1092 2415 1157 altum

650 1200 818 1289 Cum
847 1200 1061 1275 sociis,
1093 1208 1401 1281 natoque,
1435 1196 1795 1261 Penatibus
1824 1206 1893 1259 et
1920 1196 2171 1278 magnis
2202 1193 2330 1258 dis.

732 1300 948 1365 Terra
977 1298 1208 1383 procul
1233 1299 1432 1362 vastis
1465 1296 1700 1363 colitur
1730 1296 2061 1361 Mavortia
2088 1296 2355 1378 campis,

639 1402 940 1467 Thraces
971 1410 1181 1477 arant,
1213 1400 1346 1463 acri
1377 1399 1709 1483 quondam
1740 1408 2013 1482 regnata
2044 1395 2393 1480 Lycurg03

523 1506 602 1569 15
647 1505 1026 1588 Hospitium
1055 1503 1390 1586 antiquum
1420 1501 1669 1586 Trojae,
1704 1502 1990 1584 sociique
2023 1500 2332 1574 PenateS,

649 1607 827 1672 Dum
857 1605 1122 1669 fortuna
1153 1603 1296 1667 fuit.
1371 1596 1578 1667 Feror
1606 1602 1761 1679 huc,
1794 1614 1863 1667 et
1889 1600 2106 1666 littore
2138 1622 2336 1665 curvo

655 1708 909 1772 Moenia
939 1708 1146 1789 prima
1173 1704 1340 1781 loco,
1374 1703 1524 1768 fatis
1556 1705 1891 1787 ingressus
1916 1703 2190 1786 iniquis3

647 1812 1118 1894 AEneadasque
1147 1832 1292 1874 meo
1321 1832 1557 1873 nomen
1586 1810 1671 1873 de
1702 1809 1956 1872 nomine
1983 1808 2186 1891 fing0.

735 1912 939 1977 Sacra
966 1912 1262 1977 Dionoeae
1287 1912 1477 1974 matri
1502 1910 1799 1994 divisque
1831 1908 2119 1973 ferebam

539 2100 591 2159 4,
611 2103 655 2149 5.
691 2103 890 2149 Diversa
921 2101 1100 2157 exsilia,
1129 2100 1321 2147 deserta
1355 2106 1506 2156 ἐοντα,
1536 2098 1599 2146 ad

476 2164 838 2213 miserationem
880 2161 999 2211 satis
1045 2162 1273 2237 graviter,
1319 2177 1410 2225 pro
1453 2162 1598 2210 terris

477 2229 616 2277 novis
638 2243 694 2275 ac
713 2230 919 2285 diversis,
940 2225 1232 2289 longinquis,
1251 2226 1595 2275 inhabitandis.

476 2295 706 2355 Augai-iis
731 2294 897 2349 divam,
921 2306 1027 2365 sup.
1053 2291 1103 2349 ii,
1129 2292 1218 2338 691
1247 2306 1364 2353 sqq.,
1385 2289 1482 2337 nisi
1509 2290 1594 2339 ad-

474 2356 592 2406 dere
623 2355 766 2405 malis
796 2354 1072 2431 prodigium
1105 2354 1312 2403 flammae
1336 2370 1378 2403 v.
1405 2354 1514 2412 682,
1548 2363 1599 2402 et

475 2422 674 2469 Creusae
693 2430 935 2469 monitum
957 2436 1000 2468 v.
1024 2419 1132 2470 780.

539 2486 584 2533 6.
623 2486 686 2534 In
705 2488 950 2533 Antandro
983 2482 1261 2541 tenendum,
1288 2498 1458 2532 versus
1490 2498 1593 2530 me-

471 2548 648 2598 ridiem
678 2550 739 2597 ab
769 2548 878 2605 Ilio,
903 2547 964 2595 ad
985 2547 1148 2595 sinum
1170 2546 1594 2621 Adramytteum,

469 2613 636 2671 filinae,
659 2613 832 2661 saltem
865 2611 1128 2659 acrioribus
1162 2620 1260 2659 tem
1297 2612 1476 2667 oribus,
1507 2626 1591 2657 ur-

472 2679 585 2725 bem
607 2676 933 2733 Antandrum,
957 2674 1145 2731 navale,
1169 2674 1232 2721 ad
1293 2673 1386 2721 daei
1411 2674 1594 2721 montis
1624 2696 1629 2703 -

471 2740 674 2789 radices.
747 2739 888 2787 Nihil
929 2738 1080 2801 igitur
1123 2736 1316 2795 mirum,
1363 2736 1402 2785 si
1448 2747 1595 2801 poeta

473 2820 622 2853 naves
657 2804 829 2852 AEneae
861 2802 913 2850 in
945 2812 1046 2851 tam
1075 2800 1227 2849 nobili
1263 2810 1314 2848 et
1341 2801 1595 2849 commodo

471 2867 578 2916 loco
622 2867 883 2916 aedificatas
933 2865 1095 2914 tradit.
1168 2864 1404 2913 Materies
1450 2864 1593 2914 classi

473 2932 770 2981 aedificandae
795 2946 859 2981 ex
889 2940 1056 2979 monte
1091 2929 1194 2987 Ida,
1223 2937 1274 2977 et
1303 2929 1499 2991 quidem
1529 2946 1595 2979 ex

466 3000 488 3059 j
561 2997 600 3045 's
635 2997 688 3045 in
733 3011 867 3045 mare
910 2992 1324 3058 procurrentibus,
1359 2995 1593 3057 Gargaris

473 3014 574 3123 (ff
583 3058 802 3123 Γόργαρα
821 3056 976 3119 sunt),
1001 3058 1304 3121 suppetebat.

495 3186 508 3198 ·
537 3127 582 3181 8,
603 3127 654 3199 9..
690 3126 779 3171 Via
794 3126 949 3184 prima
971 3126 1202 3183 inceperat
1219 3129 1371 3181 aestas,
1391 3138 1428 3170 s.
1450 3132 1591 3171 aesta-

471 3185 1401 3299 2¹3..¹;;¹¹¹÷2..¹3?¹::..”·.5÷2÷Jss‘·..³3?3
1441 3188 1596 3311 13:512}

467 3323 670 3428 proptgr
699 3314 920 3427 dffffl
920 3316 1058 3376 jussa
1092 3323 1143 3362 et
1170 3314 1369 3373 monita,
1396 3314 1458 3362 de
1482 3315 1590 3378 qui-

503 3395 562 3427 us
579 3395 608 3427 a
663 3394 708 3427 v.
837 3394 864 3426 c
921 3394 984 3426 m.

539 3445 612 3502 11,
641 3444 715 3491 12.
750 3444 818 3491 Et
849 3460 1027 3505 campos
1060 3444 1141 3490 nbi
1177 3442 1318 3504 Troia
1335 3441 1467 3504 suit.-
1501 3460 1589 3507 pa-

469 3507 579 3556 thos
613 3506 668 3556 in
705 3506 944 3555 brevitate
981 3508 1086 3569 jam
1126 3506 1343 3555 Macrob.
1387 3506 1591 3557 miratus

467 3580 556 3630 est,
595 3588 641 3629 v,
684 3572 724 3619 1.
781 3574 894 3620 Cum
925 3574 1091 3620 sociis.-
1127 3570 1223 3619 vid.
1247 3586 1354 3635 sup.
1390 3571 1441 3629 ii,
1475 3570 1587 3622 796.

465 3636 723 3684 Penatibus
753 3644 800 3684 et
976 3640 987 3651 ⁰
1039 3635 1141 3683 dis.-
1177 3634 1228 3682 hi
1249 3635 1380 3683 inter
1411 3652 1465 3683 se
1486 3635 1587 3685 dis-

465 3700 699 3749 cernendi
721 3715 868 3762 quom
931 3716 962 3748 o
991 3699 1102 3757 sint,
1127 3698 1214 3747 vix
1239 3698 1400 3747 dicere
1417 3700 1588 3758 habeo,

463 3779 578 3812 cum
608 3774 661 3813 et
847 3772 930 3811 tuo
964 3779 1054 3827 pro
1087 3763 1262 3811 iisdem
1299 3763 1587 3822 habeantur,

465 3837 518 3875 et
539 3828 698 3876 nullos
719 3827 842 3875 alios
859 3828 1043 3876 AEneas
1065 3842 1232 3875 secum
1253 3826 1404 3889 Troia
1419 3829 1585 3877 abstu-

461 3890 578 3940 lisse
601 3900 912 3940 memoretur.
963 3890 1274 3955 Explicative
1295 3890 1444 3954 igitur
1459 3891 1581 3940 alte-

461 3971 574 4005 rum
615 3955 883 4018 adiectum:
939 3970 1054 4003 cum
1095 3957 1364 4013 Penatibus,
1405 3961 1585 4019 magnis

460 4022 584 4074 diis,-
619 4029 706 4069 aut
733 4037 834 4068 cm
1001 4023 1042 4067 is
1073 4021 1181 4076 diis,
1206 4018 1290 4081 qui
1321 4025 1466 4067 nostri
1487 4023 1580 4069 Pe-

460 4092 591 4132 nates
622 4092 763 4133 sunt:
800 4082 886 4131 inf.
913 4100 958 4132 v.
989 4084 1095 4141 148,
1251 4087 1262 4097 ⁸
1285 4100 1310 4131 s
1341 4101 1486 4132 saorae
1504 4088 1579 4133 di-

459 4152 562 4195 vam
573 4149 860 4211 Phrygiique
880 4150 1092 4196 Penates.
1143 4146 1253 4195 Nisi
1268 4147 1572 4213 simplicissi—

459 4225 596 4259 mum
617 4221 692 4259 est
712 4212 814 4259 acci
851 4228 932 4261 ere
949 4211 1150 4269 dictum,
1167 4228 1268 4259 cum
1289 4217 1467 4275 magnis
1483 4216 1577 4261 diis

459 4274 733 4323 Penatibus.
839 4291 918 4323 am
937 4279 1008 4323 dii
1029 4278 1227 4325 Penates
1251 4276 1438 4339 vulgari
1461 4293 1580 4340 quo-

461 4352 557 4399 que
577 4353 802 4387 sermone
823 4338 942 4386 dicti
963 4350 1092 4387 sunt.

529 4402 602 4457 13,
649 4402 722 4450 14.
773 4401 995 4451 Primum
1049 4404 1308 4453 Thraciam
1356 4405 1583 4457 universe

1664 2097 1902 2161 designat,
1929 2100 2074 2147 Terra
2112 2099 2347 2147 Mavortia
2370 2098 2509 2159 (nam
2528 2097 2787 2147 Thraciam

1666 2161 1817 2210 Marti
1850 2162 2017 2210 sedem
2052 2160 2200 2209 tribui
2230 2164 2332 2223 jam
2362 2162 2423 2209 ab
2452 2162 2672 2210 Homero
2694 2178 2781 2211 no-

1666 2236 1768 2274 tum
1805 2235 1893 2283 est,
1930 2236 1982 2275 et
2015 2226 2075 2274 cf.
2108 2225 2192 2273 inf.
2230 2228 2332 2286 35).
2401 2228 2555 2273 Vastis
2596 2230 2783 2287 campis,

1670 2293 1865 2339 Thraces
1886 2298 2038 2347 arant,
2054 2294 2168 2347 acri,
2190 2306 2334 2347 saevo,
2354 2293 2577 2351 quondam
2590 2298 2787 2353 regnata

1662 2357 1890 2417 Lycurgo,
1922 2370 1950 2401 e
1978 2353 2153 2403 fabulis
2184 2354 2245 2402 de
2282 2354 2473 2403 Baccho
2504 2363 2647 2402 noto:
2688 2354 2781 2402 vid.

1664 2418 1870 2467 Homer.
1900 2418 2039 2467 Iliad.
2065 2416 2105 2479 ζ,
2135 2420 2227 2467 130
2250 2435 2351 2481 sqq.
2408 2420 2636 2481 Regma,
2667 2435 2779 2483 pas-

1662 2482 1781 2541 sive,
1806 2492 1861 2531 ut
1884 2491 1934 2531 et
1955 2482 2085 2531 alibi.

1732 2549 1805 2594 15.
1840 2550 2103 2608 Hospitium
2138 2549 2375 2609 antiquum
2414 2547 2565 2621 Trqy‘ae
2597 2562 2781 2594 memo-

1658 2626 1786 2668 rans,
1820 2626 1985 2673 regem
2020 2611 2266 2659 Tiuracum
2304 2610 2503 2674 hospitii
2533 2612 2645 2672 jure
2672 2626 2783 2659 cum

1662 2675 1857 2722 Priamo
1868 2676 2093 2737 junctum
2116 2674 2325 2723 indicat:
2360 2690 2520 2737 neque
2532 2679 2673 2723 socios
2688 2676 2778 2723 P'e-

1658 2746 1788 2786 nates
1810 2738 1943 2786 alind
1959 2754 2105 2801 quam
2126 2738 2501 2787 declarationem
2534 2740 2639 2801 ejus
2666 2740 2779 2789 hos—

1659 2802 1769 2866 pitii
1794 2819 1899 2851 esse
1923 2813 2070 2867 puto;
2105 2802 2379 2851 debuerunt
2401 2802 2533 2851 enim
2564 2804 2785 2868 hospites

1661 2866 1857 2915 eosdem
1890 2866 2006 2915 deos
2039 2865 2271 2915 tutelares
2298 2867 2508 2915 habere:
2545 2878 2677 2916 certe
2702 2884 2777 2917 so-

1658 2930 1835 2979 cietate
1881 2934 2079 2994 junctos
2132 2947 2273 2993 reges
2327 2931 2501 2980 innuit.
2592 2933 2781 2996 Regem

1658 2995 1893 3053 Thraeiae,
1908 2995 1993 3058 qui
2014 3006 2119 3044 tum
2134 3006 2253 3053 erat,
2267 2996 2523 3059 sequentia
2534 3012 2579 3044 v.
2598 3000 2665 3046 49
2678 3014 2781 3061 sqq.

1657 3058 1907 3108 declarant
1922 3076 2029 3109 esse
2050 3058 2481 3123 Polymnestorem.
2517 3062 2547 3109 J
2552 3077 2631 3109 am
2648 3062 2781 3111 hunc

1659 3123 2019 3173 Chersonesum
2052 3124 2337 3173 Thr-acicam
2374 3125 2587 3174 tenuisse
2618 3126 2781 3176 sabula

1658 3187 1803 3251 vulgo
1825 3196 2073 3237 narratum
2109 3198 2238 3244 erat3
2276 3188 2404 3251 quod
2422 3189 2649 3255 inprimis
2674 3191 2776 3240 Eu·

1656 3251 1831 3315 ripidis
1869 3252 2155 3301 auctoritate
2192 3263 2383 3302 constat
2416 3254 2469 3301 in
2512 3256 2635 3303 Hec.
2660 3270 2707 3303 v.
2734 3258 2779 3304 8.

1661 3315 1833 3379 Itaque
1857 3316 2108 3380 Virgilius,
2133 3318 2251 3365 dum
2276 3317 2337 3365 ad
2356 3317 2516 3367 Hebri
2546 3320 2673 3368 ostia
2694 3337 2777 3369 ur·

1658 3380 1769 3429 bem
1791 3381 1853 3428 ab
1876 3380 2049 3439 AEnea,
2074 3380 2157 3443 qui
2190 3382 2312 3430 adeo
2344 3381 2395 3429 in
2430 3382 2492 3431 iis
2522 3383 2645 3432 locis
2672 3400 2781 3435 esse

1657 3444 1839 3503 debuit,
1864 3444 2109 3493 conditam
2131 3447 2444 3504 memorabat,
2468 3446 2631 3497 fabula
2650 3464 2681 3497 a
2702 3449 2777 3497 vi-

1654 3523 1796 3621 &211
1804 3524 2004 3637 ‘w
2007 3592 2020 3605 ·
2043 3509 2196 3637 Ρξὲᾆῗ
2236 3510 2783 3638 ἓῖἷῗξέἓῖὲὴωέῗὲῗ,

1656 3637 1715 3684 ad
1743 3636 1967 3686 Hebrum
1990 3654 2144 3700 usque
2175 3638 2374 3686 extendi
2400 3640 2573 3705 potuit.
2631 3643 2781 3691 Certe

1658 3699 1847 3749 Plinius
1888 3701 1951 3759 iv,
1995 3704 2067 3759 11,
2102 3704 2343 3765 Oppidum
2382 3708 2527 3753 AEnos
2584 3708 2779 3755 liberum

1654 3782 1755 3813 eum
1797 3767 2018 3829 Polydori
2063 3770 2245 3825 tumulo,
2298 3770 2510 3817 Ciconum
2552 3774 2777 3831 quondan

1653 3846 1703 3877 re
1736 3847 1791 3877 so.

1700 3846 1793 3943 817.
1828 3896 1965 3943 Fatis
1996 3898 2181 3956 iniquis,
2206 3894 2309 3945 sive
2342 3906 2547 3961 propter
2576 3914 2636 3973 ea
2664 3914 2777 3962 qua-

1649 3966 1931 4021 sequuntur,
1953 3958 2071 4007 satis
2092 3958 2317 4017 sinisti-ag
2342 3961 2447 4009 sive
2458 3963 2589 4023 quod
2607 3964 2779 4027 iniqua

1648 4021 1845 4071 fortuma
1875 4022 2111 4071 decedere
2142 4024 2301 4086 patria
2332 4034 2383 4073 et
2414 4024 2589 4075 alienis
2620 4028 2767 4077 terris

1648 4086 1817 4135 sedem
1840 4102 2057 4149 quaerere
2078 4098 2319 4150 coegerat.

1708 4152 1783 4209 19,
1806 4153 1883 4198 20.
1920 4152 2121 4201 Sacrum
2146 4166 2322 4216 parans
2346 4153 2533 4203 AEneas
2552 4155 2663 4213 diis,
2689 4156 2765 4204 in-

1674 4213 1813 4263 rimis
1838 4216 2021 4265 Veneri
2044 4226 2096 4265 et
2115 4216 2243 4275 Jovi,
2268 4217 2387 4267 dum
2416 4218 2631 4278 frondes,
2655 4220 2764 4283 qui—

1682 4294 1741 4327 us
1760 4294 1895 4329 aram
1918 4290 2073 4339 ornet,
2098 4282 2236 4345 petit,
2260 4298 2371 4331 ecce
2398 4283 2676 4347 prodigium
2698 4284 2769 4333 of-

1650 4342 1829 4392 fertur:
1875 4345 2057 4393 surculi
2096 4362 2217 4407 quos
2256 4347 2361 4395 solo
2396 4348 2565 4397 evellit
2600 4364 2775 4397 cruore

1650 4406 1849 4457 stillant.
1906 4408 2055 4459 Paret
2092 4419 2256 4461 autem
2292 4426 2483 4461 sacrum
2508 4413 2695 4462 AEneas
2722 4414 2775 4461 in
