3050 4934
1094 245 1436 312 LIBER
1480 247 1661 312 VII.

215 393 353 458 280
398 393 680 461 Absenti
709 394 946 460 AEneoe
975 417 1236 460 currum
1263 397 1683 481 geminosque
1704 397 1986 482 jugales,

395 495 655 560 Semine
685 499 772 561 ab
801 495 1095 573 aetherio,
1131 498 1452 582 spirantes
1483 500 1749 562 naribus
1780 500 1993 584 ignem
2011 527 2044 580 ἱ

399 597 662 662 Illorum
693 599 778 663 de
805 608 1026 682 gente,
1058 601 1230 682 patri
1258 621 1424 683 quos
1456 598 1711 664 daedala
1740 598 1928 665 Circe

398 699 755 784 Supposita
783 699 867 764 de
899 709 1104 764 matre
1135 699 1372 764 nothos
1402 699 1619 764 fiirata
1648 703 1909 766 creavit.

396 798 672 864 Talibus
701 799 1026 865 AEneadae
1057 801 1244 865 donis
1272 801 1595 885 dictisque
1628 801 1847 866 Latini

222 901 354 964 285
398 900 722 966 Sublimes
751 902 818 965 in
845 903 1030 986 equis
1060 901 1361 979 redeunt,
1393 924 1749 987 pacemque
1780 914 2155 988 reportann

487 1001 664 1066 Ecce
694 1011 912 1066 autem
940 1000 1220 1066 Inachiis
1255 1024 1398 1067 sese
1428 1002 1757 1068 referebat
1786 1006 1870 1068 ab
1902 1003 2103 1090 Argis

400 1103 590 1168 Saeva
619 1103 804 1167 Jovis
833 1102 1097 1187 conjux,
1131 1125 1455 1188 aurasque
1484 1105 1741 1169 invecta
1768 1107 2070 1184 tenebat3

403 1203 496 1268 Et
525 1202 746 1268 laetum
779 1204 1054 1269 AEneam
1083 1202 1484 1288 classemque
1515 1225 1599 1268 ex
1630 1205 1876 1270 aethere
1906 1205 2103 1290 longo

403 1303 808 1368 Dardaniam
838 1303 1058 1369 Siculo
1086 1307 1428 1389 prospexit
1457 1307 1544 1369 ab
1566 1328 1777 1390 usque
1806 1305 2139 1390 Pachyn0.

226 1405 362 1470 290
405 1405 626 1470 Moliri
647 1406 786 1490 jam
814 1416 988 1471 tecta
1017 1407 1218 1484 videt,
1240 1407 1378 1490 jam
1407 1405 1615 1470 fidere
1646 1417 1875 1485 terrae;

405 1507 799 1572 Deseruisse
829 1519 1026 1572 rates.
1107 1507 1305 1572 Stetit
1335 1508 1468 1572 acri
1497 1507 1633 1572 fixa
1662 1507 1908 1573 dolore.

401 1606 578 1672 Tum
604 1631 920 1692 quassans
951 1618 1172 1692 caput,
1203 1607 1346 1672 haee
1375 1608 1658 1673 effundit
1687 1621 1953 1693 pectore
1985 1611 2193 1676 dicta:

403 1709 562 1774 Heu
593 1711 858 1794 stirpem
887 1711 1177 1786 invisam,
1207 1720 1275 1774 et
1305 1709 1456 1774 fatis
1487 1712 1815 1774 contraria
1842 1714 2081 1776 nostris

401 1810 567 1876 Fata
596 1810 970 1896 Phrygum!
1017 1833 1170 1874 num
1200 1810 1410 1895 Sigeis
1441 1812 1825 1876 occumbere
1858 1814 2124 1899 campiS‚

229 1913 363 1977 295
405 1912 587 1976 Num
616 1914 792 1998 eapti
819 1923 1096 1997 potuere
1125 1913 1316 1996 capi?
1361 1933 1516 1976 num
1545 1913 1809 1976 incensa
1836 1915 2141 1978 cremavit

406 2012 614 2098 Troja
642 2014 860 2078 viros?
903 2013 1150 2078 medias
1181 2014 1352 2078 acies
1383 2013 1763 2098 mediosque
1794 2035 1915 2097 per
1944 2015 2129 2098 ignes

408 2114 722 2179 Invenere
755 2115 942 2178 viam.
1018 2113 1138 2190 At,
1170 2114 1392 2192 credo,
1421 2136 1569 2178 mea
1596 2116 1856 2178 numina
1886 2117 2147 2182 tandem

408 2215 616 2280 Fessa
636 2216 882 2299 jacent,
913 2215 1078 2278 odiis
1109 2226 1222 2279 aut
1251 2225 1633 2280 exsaturata
1660 2217 1963 2299 quievi—

411 2316 591 2389 Quin
620 2317 814 2380 etiam
845 2316 1054 2401 patria
1084 2329 1396 2380 excussos
1428 2315 1665 2380 infesta
1694 2339 1815 2400 per
1839 2318 2049 2382 undas

157 2419 166 2424 ’
233 2418 370 2482 300
413 2417 602 2482 Ausa
631 2419 837 2501 sequi,
867 2427 936 2481 et
963 2415 1260 2500 profugis
1290 2427 1428 2480 toto
1458 2438 1561 2480 me
1594 2438 1926 2500 opponere
1954 2430 2177 2500 ponto,

412 2518 756 2584 Absumtae
785 2519 852 2582 in
880 2516 1180 2582 Teucros
1211 2518 1380 2581 vires
1413 2515 1691 2602 coelique
1720 2518 2065 2600 marisque.

414 2619 598 2694 Quid
629 2619 881 2703 Syrtes,
913 2630 1026 2683 aut
1057 2616 1276 2702 Scylla
1301 2618 1480 2694 mihi,
1511 2618 1671 2703 quid
1699 2630 1884 2682 vasta
1910 2618 2277 2704 Charybdis

416 2721 718 2786 Profuit?
765 2731 990 2804 optato
1021 2719 1391 2784 conduntur
1418 2718 1782 2803 Thybridis
1811 2718 2016 2798 niven,

415 2822 644 2886 Securi
671 2820 888 2906 pelagi
916 2832 1112 2904 atque
1143 2821 1287 2885 mei.

237 3004 460 3060 vestibus
479 3003 706 3068 stragulis
727 3002 988 3068 purpureis
1017 3018 1135 3051 auro
1165 3002 1366 3052 intextis

245 3071 326 3120 vel
349 3085 440 3118 acu
457 3073 599 3131 pictis
611 3088 630 3124 ,-
663 3068 794 3117 unde
811 3083 940 3126 mox,
965 3071 1074 3116 teeti
1095 3083 1220 3115 auro.
1275 3067 1368 3115 Pe-

243 3135 328 3184 tiit
350 3141 514 3182 autem
533 3149 596 3181 ex
621 3133 856 3190 Homero,
875 3131 1008 3196 apud
1032 3146 1176 3206 quem
1207 3131 1258 3206 οἶ·
1283 3128 1368 3179 τά·

241 3215 478 3319 :11:ae
477 3195 714 3319 “ffi‘i‘ss
735 3211 874 3309 33⁰0?
881 3205 1374 3308 ’Μηλίῗιίᾚῖἑίἷ

243 3343 314 3376 ex
347 3324 610 3375 unionibus
643 3341 702 3373 ae
736 3323 957 3389 gemmis,
993 3339 1138 3386 quam
1173 3322 1374 3371 omnino

245 3403 448 3454 torques
479 3389 614 3440 mirei
650 3390 727 3438 vel
771 3389 986 3454 phalerae
1029 3387 1372 3450 intellig-ende.

243 3459 432 3506 Amas
460 3457 546 3504 sab
576 3457 788 3502 dentibus
819 3453 930 3517 quis
960 3467 1062 3500 non
1094 3451 1226 3500 videt
1268 3466 1375 3500 esse

319 3584 590 3632 280—283.
623 3582 796 3630 AEneoe
814 3581 966 3630 mittit
987 3597 1150 3644 equos,
1170 3595 1376 3643 quorum

245 3663 410 3713 genus
441 3647 779 3696 adumbratum
815 3655 892 3694 est
923 3661 986 3694 ex
1026 3645 1164 3694 Iliad.
1201 3663 1238 3703 ε,
1279 3645 1374 3692 265

245 3727 356 3788 sqq.
425 3711 570 3760 Nunc
607 3710 764 3768 Circe,
802 3709 1058 3772 ingeniosa
1091 3709 1219 3758 Solis
1257 3709 1372 3766 filia,

249 3791 342 3826 um
383 3791 616 3839 equorum
659 3775 812 3840 patris
855 3773 1082 3822 submisit
1123 3773 1376 3822 mortalem

247 3855 444 3903 equam,
485 3839 600 3888 hine
633 3843 788 3888 nothos
812 3837 986 3901 saraia
1023 3841 1210 3894 creavit,
1245 3837 1294 3885 h.
1331 3853 1373 3884 e.

249 3904 424 3954 furtim
485 3913 762 3978 susceptam
814 3902 1115 3967 progeniem,
1170 3902 1374 3965 pullum,

249 3979 400 4018 nacta
427 3979 516 4018 est.
575 3967 712 4018 Nihil
746 3976 908 4016 autem
943 3967 994 4016 in
1017 3977 1270 4031 poetarum
1302 3966 1372 4013 fa-

249 4033 384 4084 bulis
407 4033 616 4082 nobilius
637 4043 714 4082 est
734 4031 863 4080 Solis
885 4031 1035 4095 equis.

322 4101 434 4154 284,
459 4100 568 4146 285.
601 4096 878 4160 Jungenda,
913 4099 1125 4146 sublimes
1156 4099 1206 4144 in
1236 4098 1377 4158 equis,

249 4173 312 4214 ut
331 4177 477 4226 sepe,
497 4177 610 4220 non,
626 4165 840 4211 sublimes
861 4163 992 4209 donis
1013 4164 1264 4222 dictique,-
1291 4159 1378 4207 sed

247 4231 388 4276 dosis
418 4231 642 4289 dictisque
677 4241 782 4302 pro,
815 4233 928 4290 post
962 4223 1078 4272 talia
1110 4223 1254 4281 diets,
1289 4237 1380 4272 seu

247 4307 368 4342 eum
391 4291 568 4340 talibus
588 4290 732 4339 donis
749 4289 1002 4352 dictisque.

323 4355 597 4404 286—291.
647 4355 789 4404 Nova
823 4351 1096 4418 reperirem
1133 4349 1190 4400 et‘
1219 4365 1382 4399 rerum

249 4420 515 4470 conversio
539 4420 862 4483 inexpectata,
885 4433 998 4467 cum
1021 4420 1126 4480 jam
1149 4416 1211 4465 ad
1233 4431 1379 4464 even-

1382 2820 1570 2884 Mars
1599 2820 1877 2904 perdere
1907 2833 2169 2906 gentem

1433 3011 1539 3051 tum
1557 3003 1793 3067 perducta
1811 3003 2091 3052 viderentur
2104 3004 2424 3067 'trojanorum
2442 3007 2552 3058 fata.

1440 3067 1627 3116 Iterum
1650 3068 1680 3116 J
1686 3067 1861 3116 unonis
1890 3067 2002 3116 odio
2032 3077 2083 3116 et
2114 3067 2187 3118 ira
2218 3079 2363 3134 poeta
2390 3072 2555 3123 utitur.

1437 3132 1484 3179 A
1531 3132 1759 3195 Pachyno
1800 3148 1954 3196 usque
1998 3132 2177 3182 Siciliae
2226 3139 2559 3200 promontorio

1435 3195 1673 3259 prospicit
1703 3196 1925 3253 Latiumz
1972 3213 2037 3245 sc.
2071 3214 2219 3262 supra
2252 3199 2337 3249 illa
2368 3201 2472 3250 loca
2504 3203 2557 3250 in

1437 3259 1564 3307 aeris
1586 3259 1785 3322 regione
1816 3260 2021 3309 invecta.
2082 3262 2185 3310 Iter
2206 3273 2369 3312 autem
2400 3266 2559 3314 facere

1439 3323 1657 3388 putanda
1673 3324 1821 3386 Argis
1844 3340 2014 3374 versus
2032 3326 2391 3390 Carthaginem.
2439 3333 2561 3379 Pia-a

1440 3390 1604 3445 dolore,
1644 3389 1898 3444 transfixag
1946 3399 2001 3438 ut
2040 3390 2186 3453 vulgo
2229 3394 2356 3440 dolor
2398 3397 2562 3454 infixus

1440 3456 1589 3500 animo
1611 3451 1802 3500 dicitur.
2352 3505 2360 3510 ,

1507 3517 1602 3563 293
1622 3531 1724 3578 sqq.
1768 3516 1935 3564 Nolim
2064 3525 2127 3564 ιε
2162 3517 2311 3565 nimis
2341 3529 2563 3582 argutam

1438 3579 1701 3628 dictionem
1724 3579 1963 3628 defenden
2098 3581 2373 3644 susciperez
2408 3583 2562 3632 multo

1439 3643 1603 3692 minus
1644 3659 1701 3692 ea
1740 3643 1902 3707 placet
1936 3643 1991 3691 in
2025 3643 2116 3690 dea
2156 3643 2291 3692 irata.
2360 3645 2561 3696 Ferrem

1439 3707 1576 3764 illud.
1586 3705 1701 3769 fata
1722 3711 1955 3756 eontra-ia
1963 3706 2089 3770 fatis
2104 3712 2299 3763 nostris,-
2332 3719 2407 3758 est
2428 3711 2562 3760 enim

1439 3771 1492 3820 in
1528 3772 1640 3820 fatis
1673 3771 1884 3821 sunonis
1916 3781 1973 3820 ut
2006 3772 2104 3820 fata
2125 3773 2447 3836 'trojanorum
2481 3775 2559 3823 in-

1441 3836 1681 3900 tercipere
1702 3836 1833 3885 haud
1862 3836 2027 3901 possit.
2087 3836 2185 3884 Sed
2217 3853 2325 3901 quoe
2346 3853 2559 3901 sequun-

1441 3909 1535 3958 tur,
1553 3918 1660 3949 num
1681 3905 1949 3959 occumbere,
1968 3919 2073 3950 mam
2094 3907 2221 3963 eapti
2230 3911 2419 3964 potuere
2441 3909 2560 3965 capi,

1441 3983 1547 4014 num
1568 3968 1753 4014 incensa
1784 3970 1999 4014 cremavit
2026 3966 2165 4028 Troja
2186 3971 2339 4015 virae?
2372 3967 2558 4016 luxuri-

1442 4029 1572 4078 antis
1592 4039 1709 4079 sunt
1740 4029 1939 4094 ingenii.
1998 4029 2109 4086 Sed,
2132 4039 2189 4078 ut
2220 4031 2272 4078 in
2296 4031 2496 4090 ceteris,
2521 4033 2565 4081 si

1443 4105 1576 4143 recte
1602 4095 1867 4158 Virgilium
1900 4093 2027 4150 novi,
2064 4094 2370 4157 tragicorum,
2404 4095 2559 4161 inpri-

1442 4157 1537 4272 ἰὼ
1571 4159 1836 4224 Euripidis,
1876 4158 2143 4207 rhetoricos
2180 4159 2381 4223 spiritus
2412 4175 2562 4210 oemu-

1491 4233 1571 4272 tus
1592 4233 1681 4272 est.

1509 4289 1607 4334 304
1628 4302 1729 4349 sqq.
1774 4286 1849 4334 Cf.
1890 4286 1971 4334 lib.
2006 4286 2039 4344 i,
2075 4289 2281 4346 89-49,
2316 4303 2414 4336 non
2448 4291 2566 4340 satis

1445 4350 1631 4399 variata
1653 4365 1721 4398 re.
1780 4350 1999 4414 Utroque
2021 4351 2126 4399 loco
2146 4352 2209 4400 ad
2229 4356 2434 4416 majores
2466 4355 2565 4404 iras

1447 4431 1500 4463 se
1534 4415 1727 4464 exacuit
1758 4416 1906 4474 Juno,
1941 4416 2179 4480 exemplis
2212 4417 2415 4466 aliorum
2447 4419 2562 4467 deo-
