3050 4934
1172 1026 1827 1111 MONITUM.

323 1659 558 1750 Qum
615 1661 694 1734 in
761 1664 902 1742 hac
967 1665 1080 1740 cl.
1130 1665 1404 1766 Heynii
1464 1667 1707 1764 operis
1768 1665 2311 1742 abbreviatione
2369 1665 2653 1762 praesti-

326 1837 502 1901 tum
563 1827 660 1901 sit
715 1830 969 1927 paucis
1025 1855 1397 1930 exponere
1456 1831 2087 1906 liceat—Eorum
2145 1829 2273 1926 qui
2336 1829 2649 1902 antehac

329 2015 610 2067 munus
665 1993 846 2068 illud
897 1994 1098 2068 obire
1146 1995 1392 2070 conati
1443 2003 1618 2068 sunt
1661 1994 1951 2068 videtur
1992 1993 2137 2066 hoc
2182 1991 2407 2066 fuisse
2450 2015 2652 2065 com-

329 2179 567 2230 mune
599 2156 884 2246 vitium,
916 2167 1028 2246 ut,
1063 2159 1292 2234 nimio
1337 2159 1528 2233 forte
1573 2157 1953 2233 brevitatis
2000 2155 2270 2242 studi0,
2303 2164 2651 2231 notarum

327 2320 610 2394 multas
669 2345 838 2418 quae
899 2323 994 2396 ad
1041 2332 1288 2422 poetae
1350 2346 1651 2398 sensum
1702 2320 2219 2396 illustrandum
2269 2329 2445 2396 sunt
2488 2345 2651 2418 per-

329 2484 558 2560 utiles
592 2485 1019 2576 deleverint,
1045 2487 1224 2562 dum
1259 2512 1411 2561 non
1445 2511 1723 2586 paucas
1750 2484 2056 2560 minoris
2081 2473 2299 2582 pretii
2330 2485 2652 2558 retinue-

329 2647 528 2724 rint:
578 2649 764 2724 adde
801 2650 1003 2748 quod
1034 2649 1354 2750 plurima
1385 2658 1673 2724 naturae
1706 2645 2215 2722 reconditioris
2256 2645 2447 2734 loca,
2483 2669 2651 2744 quoe

329 2813 718 2911 interpreti
755 2813 977 2888 docto
1013 2814 1252 2889 visum
1288 2821 1402 2888 est
1441 2811 1675 2887 fusius
1708 2821 2028 2886 tractare
2062 2811 2139 2885 in
2179 2811 2653 2899 Excursibus,

329 2977 453 3051 his
489 2977 798 3066 omissis,
831 2977 1278 3076 inexplicata
1314 2986 1390 3051 et
1424 3000 1724 3075 prorsus
1765 2976 2045 3050 intacta
2078 2976 2653 3073 praetermittun-

327 3151 480 3214 tur.
569 3139 660 3213 In
703 3140 845 3213 hac
883 3139 1206 3214 editione
1254 3149 1601 3214 notarum
1647 3138 2207 3238 quamplurimae
2244 3163 2339 3212 ex
2372 3139 2651 3236 majore

329 3327 560 3402 opere
629 3312 1110 3388 revocantur;
1191 3312 1268 3377 et
1339 3303 1679 3400 quaedam
1744 3301 2303 3390 Wunderlichii,
2372 3302 2653 3390 Amari,

327 3466 793 3564 aliorumque
865 3466 1308 3564 adjiciuntur
1377 3467 1472 3540 ad
1544 3467 1821 3564 Heynii
1898 3475 2229 3539 mentem
2298 3465 2651 3539 suffectae.

329 3629 787 3704 Excursibus
835 3630 1203 3729 perlectiS‚
1254 3630 1662 3728 seliguntur
1716 3629 1885 3702 loca
1930 3628 2191 3714 multa,
2242 3627 2652 3701 eruditione

327 3793 606 3868 eximia
649 3793 1034 3883 instructa,
1070 3804 1147 3868 et
1193 3795 1288 3868 ad
1335 3792 1760 3868 obscuriora
1804 3790 2320 3865 illustrandum
2366 3813 2655 3864 accom-

325 3957 658 4045 modata,
705 3959 1076 4056 praecipue
1128 3983 1296 4056 quae
1349 3957 1446 4031 ad
1505 3982 1665 4031 rem
1726 3955 2329 4054 mythologicam,
2394 3955 2654 4030 choro·

325 4121 781 4220 graphicam,
819 4132 896 4194 et
941 4122 1270 4196 criticam
1315 4129 1696 4220 spectant3
1754 4145 1864 4207 ac,
1900 4118 2018 4194 vel
2064 4119 2503 4218 transcripta
2540 4121 2655 4194 vel

327 4286 406 4360 in
461 4283 681 4357 breve
732 4284 1057 4375 redacta,
1107 4287 1302 4360 inter
1351 4295 1569 4359 notas
1620 4309 1755 4359 sua
1804 4285 1877 4356 in
1948 4282 2120 4356 sede
2174 4283 2651 4358 collocantur.

333 4450 428 4524 In
465 4455 826 4523 contextu
861 4447 1390 4546 orthographia
1414 4447 1847 4537 Heinsiana,
1876 4471 1969 4522 ex
1999 4447 2359 4546 scriptura
2384 4447 2655 4522 codicis
