3050 4934
1199 256 1544 323 LIBER
1597 253 1754 319 111.

2512 248 2633 315 301

494 407 663 474 Hoec
692 419 871 486 sunt,
898 429 1051 493 quae
1076 418 1303 472 nostra
1327 405 1521 472 liceat
1550 415 1618 470 te
1647 424 1806 469 voce
1833 403 2104 467 moneri.

495 508 689 575 Vade
718 530 865 593 age,
896 520 965 573 et
990 510 1323 594 ingentem
1348 506 1538 573 factis
1569 505 1670 570 fer
1699 505 1782 570 ad
1814 504 2064 569 aethera
2091 501 2396 587 Trojam..

582 608 757 683 Quoe
781 620 1131 695 postquam
1160 620 1345 674 vates
1376 609 1469 673 sic
1499 629 1614 672 ore
1645 605 1884 671 effatus
1907 605 2114 669 amico
2141 614 2270 681 est,

495 709 695 777 Dona
723 710 962 777 dehinc
991 732 1154 776 auro
1180 711 1405 796 gravia
1434 719 1746 792 sectoque
1773 705 2128 791 elephanto

316 811 457 877 465
499 810 789 897 Imperat
814 812 901 877 ad
930 834 1129 877 naves
1158 811 1338 889 ferri,
1370 812 1699 895 stipatque
1728 807 1962 873 carinis

494 913 735 998 Ingens
764 924 1133 998 argentum,
1162 913 1676 994 Dodonaeosque
1703 908 1982 985 lebetas,

496 1014 801 1079 Loricam
829 1023 1197 1079 consertam
1224 1012 1435 1075 hamis
1466 1031 1760 1094 auroque
1791 1006 2086 1084 trilicem,

495 1113 590 1178 Et
618 1135 851 1180 conum
878 1114 1151 1198 insignis
1179 1112 1410 1198 galeas,
1440 1112 1804 1193 cristasque
1833 1118 2190 1184 comantes,

498 1215 705 1279 Arma
729 1213 1171 1299 Neoptolemi.
1248 1206 1419 1278 Sunt
1448 1222 1515 1276 et
1543 1233 1664 1275 sua
1693 1209 1868 1273 dona
1893 1209 2174 1293 parenti.

324 1315 461 1381 470
503 1313 717 1380 Addit
742 1336 972 1399 equ08,
1002 1316 1316 1399 additque
1345 1314 1587 1390 duces;

497 1416 871 1500 Remigium
900 1414 1198 1500 supplet;
1245 1416 1457 1480 socios
1490 1411 1682 1477 simul
1709 1411 1971 1476 instruit
1997 1411 2214 1475 armiS.

582 1517 845 1582 Interea
872 1516 1148 1582 classem
1176 1516 1333 1581 velis
1364 1526 1592 1601 aptare
1616 1515 1897 1599 jubebat

497 1618 846 1696 Anchises,
876 1618 1069 1683 fieret
1094 1630 1291 1683 vento
1318 1639 1501 1681 mora
1528 1638 1613 1681 ne
1643 1638 1774 1699 qua
1801 1614 2059 1679 ferenti.

499 1720 717 1795 Quem
743 1719 986 1785 Phoebi
1014 1720 1339 1804 interpres
1368 1716 1572 1782 multo
1600 1712 1948 1800 compellat
1973 1713 2222 1777 honore
2248 1738 2264 1776 :

318 1825 455 1889 475
496 1822 843 1906 conjugio,
872 1818 1193 1898 Anchisa,
1222 1820 1503 1885 Veneris
1533 1818 1800 1901 dignate
1833 1815 2146 1899 superbe,

507 1924 685 1989 Cura
714 1921 931 1999 deum,
963 1923 1065 1986 bis
1098 1920 1473 2005 Pergameis
1502 1928 1730 2002 erepte
1759 1915 1986 1993 ruinis,

495 2026 675 2091 Ecce
702 2024 821 2089 tibi
848 2021 1163 2088 Ausoniae
1190 2022 1421 2086 tellus:
1466 2019 1637 2083 hanc
1667 2018 1882 2101 arripe
1911 2002 2122 2080 velis.¹

496 2127 591 2192 Et
617 2136 832 2194 tamen
860 2124 1031 2187 hanc
1058 2121 1297 2208 pelago
1324 2118 1789 2207 praeterlabare
1818 2138 2088 2182 necesse
2118 2126 2256 2181 est:

496 2226 813 2293 Ausoniae
839 2246 995 2310 pars
1024 2223 1131 2288 illa
1160 2222 1413 2309 procul,
1443 2242 1639 2306 quam
1665 2220 1898 2304 pandit
1927 2214 2192 2303 Apollo.

315 2331 455 2397 480
496 2328 713 2405 Vade,
744 2328 856 2403 ait,
889 2349 928 2390 o
960 2324 1115 2390 felix
1144 2326 1279 2389 nati
1306 2325 1589 2408 pietate!
1636 2320 1796 2406 quid
1827 2317 1998 2383 ultra

496 2428 856 2504 Provehor,
886 2437 955 2490 et
985 2425 1185 2490 fando
1216 2432 1561 2509 surgentes
1594 2422 1898 2485 demoror
1928 2422 2237 2484 austros?

493 2531 643 2596 Nec
671 2530 881 2593 minus
912 2524 1399 2601 Andromache,
1432 2524 1735 2607 digressu
1765 2529 1999 2585 moesta
2031 2540 2356 2603 supreme,

496 2632 657 2697 Fert
683 2631 1039 2715 picturatas
1071 2628 1213 2691 auri
1242 2625 1606 2690 subtemine
1637 2632 1880 2699 vestes,
1915 2686 1928 2702 ,

322 2813 491 2853 tamen
508 2798 627 2849 satis
647 2794 829 2845 diserte
849 2795 953 2842 haec
974 2792 1043 2841 ibi
1066 2791 1219 2841 videri
1242 2798 1449 2855 possunt

322 2864 562 2931 exposita,
594 2864 661 2910 Et
694 2876 781 2922 quo
808 2873 1021 2933 questuque
1052 2859 1178 2931 modq
1196 2854 1447 2917 fugiasque

306 2930 533 2993 serasque
554 2929 751 2974 laborem
764 2942 783 2977 ‚-
816 2936 913 2969 nisi
933 2921 1059 2969 forte
1081 2936 1133 2967 m
1154 2918 1267 2977 1u1s,
1296 2920 1368 2966 Tu
1393 2934 1449 2964 ne

322 2997 434 3043 cede
451 2992 727 3039 mdis—via
740 2990 897 3049 prima
915 2988 1148 3033 salatis—
1156 2985 1305 3029 Graia
1324 2998 1446 3043 pan—

320 3062 463 3107 detur
481 3058 541 3104 ab
570 3056 697 3102 arbe.
762 3052 1001 3105 Veneram,
1028 3056 1284 3111 poetarum
1314 3060 1451 3093 more

322 3121 537 3188 passive,
561 3134 623 3167 ex
646 3114 845 3177 antiquo
867 3126 1105 3170 sermone,
1126 3109 1205 3159 vel
1226 3109 1452 3157 invocata

323 3194 573 3249 acrogata,
583 3191 641 3231 ut
652 3193 848 3229 cursum
856 3174 1123 3225 secundum
1138 3178 1229 3231 det,
1240 3175 1288 3221 h.
1310 3188 1448 3221 mon-

323 3260 461 3307 stret,
485 3250 668 3303 doceat,
684 3242 925 3309 quomodo
946 3240 1029 3288 ille
1051 3238 1261 3287 obtineri
1283 3236 1451 3301 possit.

390 3309 664 3364 ‹os—46⁷.
701 3308 915 3357 Munera
947 3303 1129 3368 hospiti
1164 3304 1225 3351 ab
1259 3300 1451 3366 hospite

322 3382 443 3429 data
470 3376 635 3427 animo
664 3384 806 3422 tene:
841 3370 902 3419 cf.
936 3368 1109 3433 Odyss.
1143 3386 1187 3426 α,
1222 3368 1317 3415 309
1348 3380 1449 3428 sqq.

324 3440 553 3509 inprimis
572 3458 602 3489 r
613 3454 692 3515 pr.
725 3441 859 3485 Auro
870 3437 1039 3499 gravia
1054 3452 1069 3482 .·
1093 3430 1315 3495 signatur
1326 3445 1449 3495 pon-

325 3511 420 3559 dus
441 3523 499 3557 ac
523 3503 727 3570 perinde
756 3500 983 3565 pretium.
1040 3500 1171 3545 Secta
1200 3498 1449 3557 elephanto,

324 3564 999 3687 zmtmffl&
1009 3558 1453 3686 magestas

329 3702 591 3757 elaborato,
630 3694 807 3761 polit03
900 3694 1005 3739 avia
1050 3704 1181 3737 nunc
1215 3687 1269 3735 in
1308 3687 1453 3734 ebore

326 3764 617 3829 simpliciter
631 3759 829 3825 copiose
842 3762 1095 3811 instructa,
1115 3762 1299 3801 ornata.
1354 3752 1453 3798 Sta·-

321 3838 411 3893 pae
430 3830 558 3894 plus,
582 3838 727 3890 quam
752 3822 807 3871 in
836 3820 1003 3870 navim
1032 3816 1255 3883 imponit,
1280 3824 1337 3863 ut
1365 3813 1451 3861 inf.

328 3896 427 3943 485
456 3899 629 3943 emat.
696 3888 825 3935 Tum
860 3892 1087 3934 ornatum
1118 3881 1376 3930 verborum
1406 3886 1457 3926 et

330 3970 590 4008 munerum
611 3949 1081 4002 commendationem
1104 3947 1319 3994 observa.
1372 3944 1453 3990 In-

324 4039 443 4087 gen
462 4026 703 4083 argentum
722 4030 814 4079 pro
834 4012 1038 4076 vulgari,
1062 4012 1237 4073 ingens
1268 4006 1457 4071 argenti

330 4086 537 4163 pondus,
561 4091 660 4141 aut,
684 4088 743 4129 ut
771 4076 1025 4142 sequentia
1052 4075 1316 4129 declarant,
1342 4086 1459 4119 vasa

332 4148 523 4213 ingenti
552 4144 743 4211 argenti
778 4144 1008 4209 pondere.
1066 4141 1265 4187 Lobeton
1300 4138 1454 4185 Dodo-

330 4232 467 4271 κω,
497 4213 546 4261 h.
584 4228 627 4259 e.
668 4208 835 4273 quales
868 4204 1066 4255 suntin
1102 4201 1285 4265 templo
1320 4199 1459 4248 Jovis

334 4275 589 4328 Dodonaei.
666 4274 795 4331 Hoc,
844 4279 978 4336 puto,
1030 4265 1457 4331 simplicissimum.

334 4344 492 4392 Porro
512 4342 724 4388 Loricam
738 4343 987 4386 moer-tam
1009 4336 1169 4388 hannis,
1186 4332 1235 4377 h.
1261 4345 1303 4377 e.
1326 4337 1457 4377 cate-

334 4406 465 4456 nulis
486 4403 767 4455 seinvicem
782 4398 1129 4455 mordentibus,
1154 4393 1461 4449 ἁλυσιδωτὸν,

1512 2804 1711 2849 auroque
1753 2789 1964 2843 trilicem,
1999 2786 2046 2831 h.
2079 2800 2121 2831 e.
2157 2784 2332 2832 iisdem
2361 2784 2519 2832 hamis
2550 2785 2636 2833 tri-

1513 2852 1708 2916 plicatis
1728 2860 1779 2898 et
1800 2849 1998 2912 quidem
2013 2846 2189 2895 aureis.
2239 2846 2454 2896 Ductum
2479 2864 2510 2896 a
2531 2858 2639 2897 tex-

1516 2925 1640 2971 tura,
1664 2930 1777 2962 cum
1799 2912 1942 2961 trinis
1963 2912 2158 2959 filorum
2177 2910 2428 2960 ordinibus
2452 2921 2642 2960 textum

1514 2978 1586 3038 fit,
1609 2976 1839 3040 τρίμιτον·
1871 2976 1928 3024 cf.
1955 2975 2040 3023 inf.
2065 2976 2128 3023 ad
2149 2992 2196 3033 v,
2215 2978 2324 3024 259.

1579 3041 1870 3092 469—471.
1918 3042 2114 3089 Parente*
2160 3039 2402 3088 Anchisa.
2469 3042 2638 3098 Duces,

1514 3106 1772 3169 magistros
1795 3119 2044 3167 equorum,
2069 3120 2318 3167 agasones.
2365 3106 2640 3167 Remigium,

1517 3181 1592 3220 est
1609 3171 1716 3233 ipse
1739 3184 1982 3217 remorum
2007 3178 2283 3233 apparatus,
2304 3177 2360 3217 ut
2379 3167 2481 3226 viii,
2508 3171 2585 3217 80.

1583 3235 1694 3291 472,
1720 3233 1830 3284 473.
1866 3236 2080 3280 Anchisa!
2103 3231 2388 3281 auctoritate
2412 3232 2562 3282 etiam
2593 3234 2640 3281 h.

1516 3300 1549 3347 l.
1585 3314 1667 3347 res
1696 3296 1911 3361 geritur:
1948 3296 2006 3344 cf.
2041 3296 2104 3344 ad
2126 3314 2170 3346 v.
2210 3298 2318 3353 266,
2345 3298 2454 3347 267.
2520 3299 2646 3345 Velis

1518 3372 1659 3413 sexto
1675 3377 1792 3410 casu
1811 3360 2035 3425 accipias,
2055 3369 2112 3409 ut
2129 3360 2196 3408 sit
2215 3375 2366 3408 naves
2383 3361 2642 3418 instruere,

1517 3428 1770 3484 adornare,
1790 3424 1913 3474 velis
1926 3434 2074 3473 vento
2089 3423 2378 3489 excipiendo
2397 3424 2642 3488 expansis.

1518 3491 1750 3555 Sequitur
1787 3497 1952 3537 autem
1991 3488 2046 3536 in
2082 3489 2174 3536 hoc
2221 3487 2436 3535 historia!
2480 3488 2644 3535 fidem.

1519 3558 1651 3604 Nam
1683 3570 1748 3603 ex
1792 3552 1948 3617 Epiro
1991 3553 2231 3613 Trojanos
2272 3551 2470 3599 colonos
2513 3550 2644 3598 viam

1517 3620 1694 3669 AEneae
1713 3617 1776 3665 ad
1803 3616 1995 3664 ltaliam
2018 3622 2326 3672 monstrasse,
2351 3613 2550 3676 antiqua
2571 3614 2642 3661 fe-

1518 3685 1718 3733 rebatur
1738 3678 1966 3729 narratio.

1587 3747 1860 3797 474-481,
1915 3746 2112 3801 Honore,
2149 3741 2312 3791 verbis
2349 3740 2645 3799 honorificis,

1519 3811 1641 3860 alias
1679 3814 1818 3859 honor
1850 3810 2096 3856 verboram.
2171 3805 2404 3869 conjugio,
2443 3804 2648 3853 honesto

1520 3892 1626 3924 voc.
1647 3875 1813 3923 utitur.
1871 3874 1972 3931 Bis,
1995 3870 2146 3920 semel
2165 3870 2330 3919 excisa
2348 3870 2409 3919 ab
2429 3868 2646 3917 Hercule

1522 3941 1687 4001 Troja‚
1733 3946 1934 4003 propter
1980 3934 2324 3984 Laomedontis
2374 3932 2644 4009 perfidiam.

1522 4008 1695 4065 Art-ipe
1715 4006 1842 4059 velis,
1867 4016 2038 4049 versus
2057 4001 2182 4047 hanc
2211 4000 2274 4047 ab
2306 3996 2448 4061 Epui
2482 3996 2648 4044 littore

1522 4068 1680 4179 dinge'
1602 4068 1614 4080 '
1703 4081 1878 4115 naves:
1915 4065 1974 4112 cf.
1999 4064 2084 4112 inf.
2111 4065 2221 4120 532,
2246 4070 2302 4111 ut
2323 4071 2485 4110 tamen
2517 4075 2648 4108 nunc

1523 4132 1721 4245 3330332
1737 4128 2256 4255 ἓὲἑῗέἓιῗώὲἒοῖῧ
2290 4126 2648 4253 mxx}

2257 4224 2270 4247 ‚
2627 4216 2648 4227 -

1525 4260 1736 4325 gredior.
1793 4260 2012 4306 Demoror
2043 4262 2223 4303 austros
2258 4254 2486 4311 orientes,
2521 4254 2568 4301 h.
2605 4269 2646 4301 e.

1528 4342 1616 4374 vos
1635 4323 1874 4380 demoror,
1896 4335 1992 4383 quo
2013 4320 2177 4368 minus
2197 4319 2376 4367 austris
2398 4318 2618 4367 utamini.

1596 4388 1868 4437 482-485.
1907 4386 2104 4434 Poterat
2119 4384 2223 4433 haec
2245 4400 2392 4448 supra
2413 4382 2652 4444 subjicere
