3050 4934
1150 263 1491 330 LIBER
1537 263 1717 330 vn.

462 411 679 475 Mixta
708 411 837 476 deo
866 412 1129 492 mulier3
1160 427 1509 499 postquam
1541 414 1901 478 Laurentia
1931 415 2158 490 victor,

458 513 768 596 Geryone
798 514 1146 592 exstincto,
1178 515 1566 599 Tirynthius
1597 516 1814 599 attigit
1839 537 2017 592 arva,

456 612 935 698 Tyrrhenoque
966 616 1167 680 boves
1197 617 1264 679 in
1292 616 1555 681 flumine
1585 615 1741 679 lavit
1769 614 2020 682 Iberas.

456 713 599 778 Pila
628 737 823 778 manu
854 738 1191 800 saevosque
1220 728 1459 800 gerunt
1488 718 1554 780 in
1586 715 1758 781 bella
1789 716 2097 795 dolones3

282 815 415 879 665
459 815 553 879 Et
582 817 777 880 tereti
805 827 1101 900 pugnant
1128 839 1434 882 mucrone
1466 838 1757 901 veruque
1787 814 2072 881 Sabello.

456 916 611 1000 Ipse
643 918 872 1001 pedes,
905 929 1211 1002 tegumen
1242 929 1554 1002 torquens
1585 911 1860 982 immane
1889 917 2118 995 leonis,

457 1017 765 1082 Terribili
796 1020 1125 1104 impexum
1155 1030 1339 1097 soeta,
1370 1043 1519 1084 cum
1549 1020 1858 1084 dentibus
1890 1018 2054 1083 albis

458 1118 739 1184 Indutus
772 1122 992 1205 capiti,
1026 1122 1117 1185 sic
1148 1123 1329 1206 regia
1358 1131 1534 1185 tecta
1565 1121 1826 1186 subibat

462 1218 816 1297 Horridus,
852 1220 1315 1305 Herculeoque
1346 1221 1654 1286 humeros
1683 1223 1960 1286 innexus
1998 1222 2262 1286 amictu.

287 1321 420 1385 670
548 1320 723 1384 Tum
754 1323 991 1406 gemini
1021 1322 1257 1387 fratres
1290 1322 1598 1386 Tiburtia
1626 1323 1866 1388 moenia
1892 1321 2215 1406 linquunt,

464 1422 711 1486 Fratris
743 1423 1009 1487 Tiburti
1038 1424 1279 1488 dictam
1308 1425 1688 1508 cognomine
1724 1435 2006 1509 gentem,

464 1522 865 1607 Catillusque
896 1546 1174 1608 acerque
1206 1525 1436 1602 Coras,
1470 1523 1720 1609 Argiva
1740 1526 2090 1610 juventus;

464 1624 557 1688 Et
582 1627 855 1710 primam
882 1635 1032 1690 ante
1064 1627 1267 1690 aciem
1297 1627 1503 1690 densa
1533 1628 1702 1691 inter
1731 1625 1861 1691 tela
1889 1625 2225 1691 feruntur:

462 1725 625 1802 Ceu,
659 1727 792 1790 duo
822 1728 1167 1810 nubigenae
1197 1749 1397 1812 quum
1426 1728 1670 1792 vertice
1701 1729 1934 1790 montis
1967 1728 2051 1790 ab
2082 1725 2216 1789 alto

288 1827 420 1891 675
465 1826 897 1892 Descendunt
926 1827 1261 1904 Centauri,
1294 1827 1620 1892 Homolen
1652 1827 2066 1910 Othrquue
2097 1825 2371 1890 nivalem

468 1927 870 2010 Linquentes
901 1950 1099 1992 cursu
1126 1928 1394 2012 rapido3
1442 1927 1560 1992 dat
1587 1928 1896 1992 euntibus
1927 1928 2156 2011 ingens

462 2028 635 2092 Silva
661 2028 895 2105 locum,
926 2039 997 2093 et
1024 2051 1259 2113 magno
1289 2029 1534 2093 cedunt
1565 2027 1844 2111 virgulta
1872 2026 2155 2111 fragore.

548 2129 695 2193 Nec
727 2129 1149 2194 Praenestinoe
1178 2129 1487 2194 fundator
1518 2127 1730 2193 defuit
1757 2129 1964 2204 ιιι-δίει,

464 2229 763 2294 Vulcano
792 2232 1083 2315 genitum
1112 2253 1351 2315 pecora
1381 2232 1551 2295 inter
1581 2231 1867 2314 agrestia
1897 2251 2140 2315 regem,

286 2331 419 2395 680
464 2330 933 2415 Inventumque
964 2332 1125 2395 focis
1156 2333 1361 2394 omnis
1389 2353 1584 2415 quem
1615 2331 1893 2396 credidit
1921 2341 2106 2408 aetas,

464 2429 787 2496 Caeculus.
866 2431 1065 2497 Hunc
1095 2431 1267 2516 legio
1296 2431 1425 2496 late
1457 2433 1801 2496 comitatur
1831 2433 2144 2514 agrestis:

356 2617 628 2666 659—662.
676 2617 867 2666 Bellum
900 2628 1059 2682 poeta
1090 2627 1419 2668 commentum

291 2697 321 2730 a
352 2683 507 2730 Rheae
542 2681 719 2739 Silviae,
758 2697 903 2744 quam
936 2683 1075 2731 Mars
1113 2682 1416 2747 compressit,

290 2747 519 2810 exemplo
564 2747 791 2794 ductum:
854 2747 1121 2795 Herculem
1166 2747 1287 2795 actis
1330 2761 1421 2812 per

294 2809 491 2860 Italiam
508 2809 751 2874 Geryonis
784 2811 1019 2859 armentis
1044 2827 1154 2860 cum
1176 2811 1317 2860 Rhea
1338 2827 1417 2859 sa·

288 2875 489 2924 cerdote
510 2874 835 2932 consuevisse,
856 2875 985 2924 unde
1006 2885 1149 2925 natus
1166 2877 1233 2925 sit
1250 2877 1415 2924 Aven-

294 2939 427 2988 tinus
446 2939 604 2987 heros.
654 2941 825 2996 Misia,
840 2942 1039 3000 μιγεῖσα
1056 2941 1157 3002 θεῷ.
1204 2943 1415 2988 Lauren-

292 3007 365 3052 n'a
386 3019 513 3061 arva,
538 3013 595 3052 ut
614 3013 772 3066 poeta,
796 3003 943 3052 latius
965 3004 1117 3060 dixit3
1154 3021 1267 3054 nam
1288 3005 1419 3068 apud

295 3067 595 3126 Evandrum,
619 3066 702 3129 qui
727 3076 829 3116 tum
862 3068 967 3117 loca
988 3069 1117 3118 circa
1140 3069 1417 3118 Palatinum

292 3143 373 3244 οἶα
384 3131 687 3180 Aventinum
722 3134 932 3192 tenebn,
966 3134 1243 3182 deverterat
1282 3135 1413 3182 Her-

290 3213 318 3244 e
374 3211 441 3244 es.

359 3261 470 3318 664,
496 3261 605 3307 665.
644 3263 823 3308 Ger-me
854 3260 956 3309 scil.
997 3262 1233 3311 Aventini
1264 3262 1414 3310 comi-

290 3335 381 3373 tes.
438 3327 549 3372 Pila
566 3325 690 3372 bene
712 3333 962 3382 memorat,
982 3335 1211 3390 tanquam
1234 3328 1415 3375 Roma-

290 3403 469 3437 norum
514 3397 563 3436 et
611 3389 845 3438 Italorum
890 3391 1057 3440 telum.
1130 3393 1207 3439 De
1242 3391 1418 3439 dolone

292 3453 439 3566 aug-{3
456 3453 867 3564 Samplectendum
888 3465 965 3504 est
972 3457 1125 3568 ιἓιιοᾱ
1146 3457 1417 3569 εὲιὲωηε

492 3533 669 3574 ervum,
692 3533 799 3566 esse
822 3533 873 3566 in
938 3537 969 3567 n
1022 3537 1071 3568 m
1090 3537 1183 3569 eon
1304 3535 1418 3568 cum

290 3581 423 3630 ferro
460 3581 761 3630 brevissimo.
819 3535 1083 3644 Meg-m
1126 3593 1313 3633 teretem
1356 3600 1417 3632 ex

292 3662 387 3696 usu
420 3645 653 3708 loquendi
688 3661 786 3694 non
822 3647 918 3695 nisi
948 3649 1011 3696 de
1044 3650 1207 3712 gladio
1242 3649 1419 3711 exiguo

290 3710 451 3774 accipi
484 3725 629 3773 posse
660 3719 794 3774 puto.
852 3715 1081 3760 Sabellum
1112 3731 1237 3770 veru,
1272 3729 1416 3761 veru-

294 3785 415 3832 tum,
430 3774 581 3836 jaculi
602 3789 691 3823 seu
713 3775 797 3823 teli
832 3775 1030 3826 missilis
1050 3793 1219 3841 genus.
1278 3779 1416 3825 Sam-

292 3839 473 3888 nitium
526 3838 723 3901 quidem
780 3841 1033 3904 proprium
1078 3842 1169 3890 hoc
1213 3842 1419 3890 telorum

290 3919 463 3968 genus,
490 3901 683 3952 σαυνίων
715 3903 913 3952 dictum.
970 3908 1002 3954 J
1006 3923 1099 3965 am,
1130 3922 1243 3955 cum
1280 3907 1417 3954 Sam—

292 3969 425 4018 nites
460 3967 653 4016 Sabinae
684 3969 845 4030 gentis
880 3987 1097 4036 propago
1131 3970 1244 4030 sint,
1274 3971 1419 4019 etiam

294 4032 493 4082 Sabinis
528 4031 659 4080 idem
692 4033 845 4082 hasta!
878 4051 1034 4110 genus
1056 4035 1275 4084 sollenne
1298 4051 1419 4093 esse,

292 4107 381 4147 aut
401 4097 574 4145 saltem
596 4096 745 4145 tribui
766 4107 941 4160 potuit,
966 4101 1095 4149 unde
1128 4117 1237 4149 veru
1260 4103 1418 4148 Sobel-

292 4165 401 4210 lmn.
460 4159 572 4209 Nisi
594 4177 853 4212 commune
872 4164 967 4212 fuit
1050 4166 1275 4228 pulorum
1292 4165 1419 4212 Latii

294 4235 347 4274 et
380 4225 579 4287 reliquae
616 4225 785 4274 ltaliae.
842 4229 925 4276 Sic
946 4232 1067 4278 Geo.
1103 4229 1154 4286 ii,
1192 4231 1283 4277 168
1314 4231 1418 4276 Vol-

294 4307 393 4338 scos
414 4297 595 4338 verutos
616 4289 841 4341 vidimus.

361 4353 635 4402 666-669.
668 4357 891 4416 Tegumen
908 4357 1152 4416 Icositani
1170 4372 1299 4405 nunc
1308 4365 1424 4404 sota

293 4418 541 4476 tribuitur,
564 4427 621 4466 ut
642 4418 727 4466 inf.
752 4423 849 4472 790
888 4423 1018 4482 bovi,⁴
1052 4432 1169 4471 sunt
1202 4421 1419 4471 exuviae:

1482 2619 1572 2666 has
1593 2625 1785 2680 torquet,
1809 2626 2071 2680 retorquet,
2101 2617 2155 2664 in
2186 2617 2403 2665 cinctum
2433 2633 2605 2682 corpo-

1483 2683 1566 2732 ris.
1625 2682 1836 2730 Easdem
1859 2681 2062 2730 exuvias
2083 2681 2154 2730 ita
2174 2681 2505 2730 accommodat
2525 2699 2605 2731 ca-

1482 2747 1590 2812 piti,
1619 2756 1672 2796 ut
1691 2746 1844 2795 rietus
1862 2746 2004 2811 pellis
2039 2763 2130 2811 pro
2163 2745 2302 2809 galea
2325 2745 2402 2794 sit.
2460 2749 2610 2796 Albus

1484 2822 1676 2860 tantum
1699 2827 1877 2860 ornans
1899 2825 2006 2859 esse
2028 2810 2222 2860 videtur
2241 2809 2507 2874 epitheton.
2546 2811 2608 2859 In

1482 2875 1672 2925 caeteris
1695 2876 1863 2924 scabra
1885 2885 1962 2923 est
1979 2875 2148 2924 oratio.
2207 2875 2414 2923 Praestat
2431 2874 2605 2924 distin-

1482 2957 1634 3004 guere
1669 2950 1781 3004 post
1808 2943 1966 3002 capiti,
2003 2948 2059 2988 ut
2097 2939 2176 2996 sit,
2212 2943 2310 3001 ipse
2339 2942 2492 3001 pedes,
2539 2955 2606 2988 se.

1483 3017 1682 3069 pugnat,
1720 3012 1931 3068 torquens
1969 3013 2014 3052 te
2248 3009 2258 3019 “
2289 3005 2430 3052 dum
2465 3003 2610 3066 (illud

1482 3087 1521 3118 s.
1579 3069 1688 3130 illo)
1734 3073 1893 3131 capiti,
1944 3069 2194 3131 (indutum
2231 3077 2378 3132 caput
2421 3069 2607 3118 habens

1484 3151 1544 3183 eo
1557 3140 1598 3194 ι)
1631 3139 1699 3182 sic
1716 3138 1848 3196 regia
1870 3141 1990 3182 tecta
2011 3137 2196 3182 subibat
2217 3136 2464 3182 Horridus.

1549 3199 1822 3250 670—673.
1875 3199 1934 3246 In
1969 3198 2222 3247 condenda
2265 3198 2386 3247 urbe
2425 3197 2608 3246 Tibure

1483 3273 1584 3310 tres
1605 3264 1780 3312 fratres
1812 3262 2116 3312 consociasse
2148 3279 2177 3310 o
2241 3279 2320 3311 ras
2353 3277 2464 3310 suas
2495 3277 2606 3310 nar-

1484 3337 1668 3384 rantur,
1689 3327 1989 3391 Amphiarai,
2009 3327 2091 3390 qui
2109 3327 2170 3375 ad
2229 3327 2379 3374 hebas
2401 3327 2461 3374 ab
2481 3337 2612 3374 terra

1482 3393 1686 3440 haustus
1721 3391 1922 3449 interiit,
1947 3391 2122 3454 Argivi
2157 3391 2260 3438 filii.
2323 3393 2525 3446 Gentem,
2554 3399 2612 3438 ut

1480 3467 1640 3519 poeta,
1665 3465 1844 3513 narrat,
1872 3471 1984 3503 cum
2007 3459 2162 3503 urbem
2189 3454 2352 3502 dicere
2373 3453 2607 3509 debebat;

1482 3520 1613 3583 quod
1661 3519 1808 3568 assim
1825 3520 2036 3567 obvium.
2095 3521 2298 3566 Primam
2316 3525 2424 3564 ante
2437 3520 2609 3564 aciem.-

1480 3601 1574 3647 προ
1639 3601 1824 3644 χονναι,
1861 3584 2064 3631 heroum
2107 3581 2498 3653 Homericorum·
2519 3596 2604 3628 ex·

1484 3648 1660 3711 emplo,
1685 3655 2028 3711 procurrentes
2049 3655 2164 3694 ante
2185 3645 2353 3693 aciem.

1551 3711 1822 3762 674—677.
1871 3713 2142 3773 Nubigenas
2185 3711 2456 3758 Centauros
2497 3725 2610 3758 cum

1483 3776 1648 3841 prisca
1689 3773 1921 3838 loquendi
1959 3775 2084 3822 ratio
2127 3774 2436 3839 appellasset,
2481 3773 2610 3835 quod

1484 3841 1748 3889 altissimos
1783 3839 2050 3888 Thessalia!
2083 3849 2288 3896 montes,
2329 3853 2392 3886 ex
2435 3837 2611 3900 quibus

1486 3907 1671 3969 Othrys
1693 3914 1742 3954 et
1766 3905 1980 3953 Homole
2015 3914 2142 3961 sunt,
2167 3903 2470 3951 inhabitabat
2488 3917 2611 3964 gens

1484 3970 1590 4018 fera
1629 3981 1680 4018 et
1713 3968 1965 4026 silvestris,
1989 3969 2152 4016 fabula
2188 3983 2295 4016 eam
2329 3967 2448 4015 locis
2481 3967 2612 4014 intra

1487 4037 1642 4084 nubes
1677 4033 1822 4082 editis
1853 4034 2152 4082 habitantem
2181 4048 2210 4079 a
2233 4032 2362 4079 nube
2397 4047 2452 4080 re
2487 4029 2610 4090 etiit,

1487 4115 1632 4162 quam
1671 4099 1814 4146 Ixion
1851 4113 1942 4162 pro
1973 4099 2170 4146 Junone
2205 4104 2311 4143 erat
2339 4111 2453 4160 amp
2474 4111 2609 4144 exus.

1490 4167 1668 4212 Cedunt
1689 4165 1993 4237 drgultffifsc.
2014 4160 2456 4225 perrumpentibus.
2483 4159 2612 4209 Tum

1486 4226 2212 4342 mrggeg-ggzsiffisbmoeoe
2237 4288 2397 4337 fabula
2419 4289 2610 4338 domes—

1488 4357 1586 4404 tica
1603 4363 1824 4403 veterum
1853 4355 2140 4403 Latinorum
2173 4353 2385 4412 affertur,
2409 4354 2470 4402 de
2493 4371 2611 4404 con-

1488 4420 1646 4469 ditore
1668 4419 1804 4468 urbis
1825 4419 2035 4477 Caeculo,
2057 4435 2172 4468 cum
2206 4419 2367 4468 infans
2391 4429 2536 4476 esset,
2561 4419 2614 4467 in
