3050 4934
1214 267 1555 339 LIBER
1599 272 1730 341 lv.

2496 280 2616 349 163

478 418 632 483 Neu
664 419 935 505 propius
968 422 1155 486 tectis
1187 434 1411 489 taxum
1442 426 1618 502 sine;
1664 446 1825 490 neve
1857 427 2173 491 rubentes

478 520 615 585 Ure
644 520 793 587 foco
823 545 1092 589 cancros
1118 552 1135 603 ς
1182 524 1331 589 altae
1360 549 1489 591 neu
1518 528 1715 594 erede
1739 528 1990 614 paludi,
2083 544 2092 551 “

474 620 615 689 Aut
644 624 759 688 ubi
786 626 952 690 odor
978 627 1149 691 eoeni
1175 628 1416 711 graviS,
1446 640 1562 693 aut
1590 630 1704 694 ubi
1729 652 2016 696 concava
2045 630 2238 716 pulsu

349 721 435 786 50
476 722 655 789 Saxa
682 736 939 803 sonant,
971 728 1278 812 vocisque
1308 728 1562 795 offensa
1590 729 1864 796 resultat
1895 733 2127 816 imago.
2219 774 2224 779 ·

555 824 760 899 Quod
787 839 1111 912 superest,
1142 830 1256 893 ubi
1286 829 1538 914 pulsam
1565 832 1843 898 hiemem
1874 832 1989 898 Sol
2017 856 2254 900 aureus
2285 836 2422 919 egit

472 926 613 992 Sub
642 938 875 1006 terras,
907 927 1271 1014 eoelumque
1302 932 1529 996 aestiva
1557 931 1703 997 luce
1733 932 2042 1012 reclusit3

472 1026 609 1091 Illae
638 1030 947 1094 continuo
978 1030 1182 1095 saltus
1216 1030 1540 1116 silvasque
1570 1046 1946 1118 peragrant,

474 1126 985 1215 Purpureosque
1015 1143 1267 1198 metunt
1294 1132 1514 1210 floreS,
1548 1144 1617 1199 et
1644 1134 1908 1200 flumina
1936 1135 2143 1200 libant

344 1230 431 1293 55
473 1230 738 1296 Summa
764 1232 961 1298 leves.
1040 1233 1218 1299 Hinc
1245 1236 1467 1300 nescio
1491 1259 1624 1320 qua
1652 1236 1996 1302 dulcedine
2027 1237 2194 1302 laetae

473 1331 863 1416 Progeniem
890 1334 1213 1418 nidosque
1244 1334 1465 1401 fovent
1490 1362 1506 1413 3
1553 1337 1704 1404 hinc
1735 1349 1877 1403 arte
1909 1350 2204 1405 recentes

471 1431 836 1499 Excudunt
862 1454 1071 1512 ceras,
1095 1447 1163 1500 et
1192 1435 1383 1501 mella
1407 1440 1664 1503 tenacia
1691 1438 1973 1525 fingunt.

470 1532 669 1612 Hine,
694 1536 809 1600 ubi
826 1536 964 1620 jam
994 1535 1301 1601 emissum
1330 1540 1542 1603 caveis
1574 1541 1659 1605 ad
1692 1541 1908 1607 sidera
1937 1542 2086 1607 coeli

468 1634 654 1703 Nare
682 1658 804 1720 per
832 1648 1129 1702 aestatem
1154 1637 1463 1722 liquidam
1496 1643 1874 1725 suspexeris
1903 1664 2166 1726 agmen,

338 1738 427 1801 60
469 1737 967 1823 obscuramque
997 1739 1171 1804 trahi
1196 1750 1393 1805 vento
1421 1740 1742 1807 mirabere
1771 1743 2047 1819 nubem;

470 1838 997 1925 Contemplator:
1044 1863 1247 1925 aquas
1278 1840 1528 1917 dulces,
1561 1852 1630 1905 et
1655 1841 1934 1907 frondea
1966 1865 2225 1927 semper

469 1940 681 2005 Tecta
710 1951 965 2026 petunt.

1058 1942 1213 2007 Huc
1244 1952 1318 2005 tu
1339 1943 1566 2026 jussos
1597 1942 1923 2027 adsperge
1957 1966 2256 2029 saporeS,

463 2041 653 2106 Trita
682 2041 1109 2128 melisphylla,
1138 2053 1209 2107 et
1236 2042 1550 2108 cerinthae
1579 2042 1862 2127 ignobile
1889 2048 2196 2128 gramen;

434 2206 449 2215 ,
465 2140 901 2227 Tinnitusque
932 2143 1053 2220 eie,
1084 2156 1153 2209 et
1181 2144 1419 2208 Matris
1450 2154 1650 2227 quate
1679 2145 1975 2229 cymbala
2001 2148 2242 2211 circum
2266 2172 2280 2209 ε

343 2243 428 2307 65
470 2240 645 2328 Ipsae
671 2245 1015 2310 consident
1042 2246 1377 2310 medicatis
1411 2246 1716 2324 sedibus3
1761 2248 1924 2332 ipsae

466 2344 699 2409 Intima
726 2367 908 2410 more
938 2368 1061 2411 suo
1088 2368 1233 2411 sese
1264 2347 1329 2411 in
1360 2347 1684 2413 cunabula
1715 2348 2020 2413 condent.

296 2509 445 2559 opera
484 2494 808 2557 adjuvandam
864 2494 996 2545 dicit.
1072 2498 1209 2545 Levis
1265 2500 1415 2555 limus,

303 2557 459 2607 lutum
478 2574 607 2633 aqua
626 2560 881 2609 subactum
902 2575 1021 2608 sane
1044 2569 1095 2609 et
1113 2570 1245 2609 tactu
1266 2560 1420 2610 lubri-

299 2638 409 2698 cum
431 2632 486 2698 et
499 2638 611 2672 visu
641 2621 865 2672 nitidum.
888 2686 899 2699 ·
935 2626 1072 2699 ‚Unge
1106 2642 1131 2673 e
1167 2628 1273 2673 limo
1306 2641 1419 2689 pro-

295 2686 1205 2816 ῗὲιεέῗὲῗώὲἓῑῗὲἒξὲῃέῗξῗ..
1224 2692 1417 2811 &5312

298 2816 347 2863 h.
381 2815 604 2874 alvearis,
633 2834 693 2864 m
724 2833 753 2864 e
786 2820 971 2874 circum,
987 2816 1165 2879 fovens,
1201 2818 1293 2865 hoe
1326 2833 1415 2881 po-

296 2879 423 2929 etico
454 2890 631 2929 ornatu
726 2882 931 2936 ‘ecmma
968 2896 1081 2929 nam
1112 2881 1175 2929 ad
1206 2881 1417 2929 ealorem

296 2945 645 2993 continendum
672 2944 793 2994 alias
819 2944 871 2993 id
897 2944 1005 2993 fleri
1030 2946 1169 3003 solet,
1190 2955 1247 2994 ut
1266 2944 1417 2994 rimas

298 3010 593 3058 obuuemm.

360 3073 570 3124 47—50.
606 3071 813 3135 Subjieit
826 3072 1074 3131 nonnulla,
1084 3089 1193 3137 quae
1206 3074 1257 3122 in
1272 3074 1413 3122 ador·

296 3137 459 3185 nando
478 3136 661 3187 alveari
678 3136 889 3186 videnda
906 3145 1033 3187 sunt.
1092 3138 1171 3185 De
1193 3147 1301 3187 taxo
1317 3137 1413 3187 vid.

296 3202 420 3250 Geo.
438 3201 489 3259 ii,
514 3200 637 3257 257;
676 3200 782 3249 Ecl.
810 3200 876 3259 ix,
908 3204 987 3251 30.
1046 3203 1125 3250 De
1154 3206 1311 3251 σσποη·
1336 3201 1413 3249 ni-

296 3265 413 3315 dore
434 3281 547 3314 cum
569 3274 647 3314 est
666 3265 861 3329 ignibus
884 3266 1085 3315 adustus
1117 3265 1221 3327 (uri
1254 3274 1416 3314 autem

296 3331 419 3378 solet
450 3329 505 3378 in
536 3330 783 3379 variorum
814 3330 1095 3379 morborum
1126 3328 1284 3390 cura),
1318 3329 1415 3377 vid.

300 3394 509 3443 Gesneri
538 3402 705 3443 notam
728 3394 793 3442 ad
821 3394 1010 3443 Colum.
1032 3392 1099 3451 ix,
1126 3395 1171 3451 5,
1196 3395 1243 3441 6.
1312 3396 1419 3442 Neu

300 3462 429 3507 erede
448 3475 531 3507 eas
548 3461 719 3521 paludi
738 3467 824 3507 aut
848 3459 1103 3521 ejusmodo
1128 3458 1249 3515 loco,
1273 3462 1419 3507 abi—

293 3526 405 3573 odor
427 3527 605 3586 gram,
630 3522 878 3581 molestus,
904 3522 1019 3586 quia
1044 3522 1183 3571 fortis
1212 3532 1263 3571 et
1294 3530 1417 3571 teter

295 3596 380 3636 est.
402 3632 407 3635 .
440 3590 625 3650 Off'enoa
656 3591 820 3651 itnago,
850 3586 898 3635 h.
927 3589 1087 3635 edidis
1118 3590 1261 3635 allisa
1293 3590 1415 3643 loeis,

296 3662 353 3700 ut
378 3652 572 3701 Lueret.
598 3651 663 3709 vi,
688 3650 799 3701 574.
858 3650 1089 3714 Sequitur
1120 3659 1267 3715 poeta
1290 3651 1415 3699 Var-

300 3732 467 3767 ronem
490 3716 561 3775 iii,
586 3716 661 3775 16,
687 3717 762 3763 12.

200 3816 207 3823 .
356 3783 434 3838 ⁶1,
456 3783 535 3829 52.
602 3780 849 3829 Ceterum
888 3792 1003 3829 vere
1042 3778 1245 3827 ineunte
1282 3778 1418 3827 exire

296 3990 326 4022 a
349 3973 589 4025 sideribus
618 3982 671 4021 et
700 3972 715 4021 i
840 3972 943 4021 sole
975 3972 1243 4029 occidente,
1270 3980 1357 4021 aut
1387 3986 1418 4018 a

294 4038 397 4087 sole
411 4038 695 4087 adalterum
756 4036 1119 4101 emisphaerium
1131 4036 1413 4083 decedente.

298 4104 469 4151 Goelan
482 4105 684 4159 reclusit,
705 4110 887 4150 tectum
909 4100 1069 4151 adbuc
1086 4108 1138 4149 et
1152 4099 1415 4147 obductum

296 4166 505 4217 nubibus
518 4182 575 4215 ac
590 4165 783 4223 nimbis,
794 4164 941 4214 etiam
954 4165 1271 4213 constrictum
1284 4162 1413 4225 gelu.

358 4231 567 4279 54—56.
604 4232 866 4292 Purpureos
899 4232 1053 4291 flores,
1099 4226 1261 4291 simpl.
1300 4225 1411 4291 pul-

296 4296 453 4353 chros,
493 4303 549 4342 ut
586 4309 747 4357 aepe3
782 4310 957 4342 croceos
986 4293 1119 4351 alibi,
1154 4301 1212 4340 ut
1231 4307 1276 4339 v.
1305 4291 1413 4338 109.

294 4362 493 4417 Heme,
514 4357 803 4421 elegantius,
824 4374 969 4421 quam
992 4365 1213 4421 carpunt.
1272 4356 1415 4403 Leues

290 4423 487 4487 poetico
521 4430 711 4481 ornam,
748 4437 845 4485 quo
886 4422 995 4489 ipso
1033 4420 1291 4477 indicatur,
1326 4434 1415 4471 cur

1485 2512 1738 2561 suspensae
1759 2497 1812 2546 in
1835 2514 1894 2547 au
1929 2498 2094 2547 erficie
2121 2516 2174 2547 se
2205 2500 2381 2549 librare
2404 2504 2606 2565 possint.

1488 2564 1631 2620 Hine,
1667 2577 1728 2610 ex
1760 2562 1840 2610 bis
1905 2562 2070 2611 oribus
2103 2572 2154 2611 et
2185 2564 2414 2623 fontibus,
2432 2566 2608 2627 somme,

1487 2625 1640 2683 alunt,
1669 2629 1931 2690 progeniem
1964 2630 2178 2689 nidosque
2213 2628 2293 2687 (ut
2325 2645 2369 2677 v.
2412 2630 2484 2687 17,
2519 2647 2610 2694 pro

1478 2688 1887 2803 Essdngss'vffissoeo
1895 2690 2204 2804 &¹123oe
2285 2695 2452 2742 &⁸⁶⁴⁰
2481 2713 2574 2757 ’Μ
2589 2716 2605 2743 ³

2007 2790 2020 2813 ,
2140 2791 2151 2803 .

1551 2818 1758 2865 58—60.
1798 2818 1970 2881 Itaque
2011 2818 2158 2867 etiam
2195 2835 2322 2869 nova
2363 2822 2603 2882 examina,

1480 2881 1863 3009 :rubtdrgsfigz'esse
1879 2882 2081 2995 gideagilsi.
2107 2884 2610 2999 “Zdhznlti’udgffistegi

1480 3009 1544 3057 ad
1565 3008 1730 3074 operis
1761 3010 1970 3059 faciendi
2003 3011 2224 3059 ordinem
2370 3020 2453 3061 tat.
2511 3018 2602 3063 Ca-

1480 3090 1602 3147 peus,
1615 3074 1698 3148 ‘de
1735 3074 1889 3132 alveo,
1928 3090 1958 3123 a
1997 3074 2176 3123 theatri
2321 3078 2412 3125 bus
2451 3079 2606 3141 petita

1480 3154 1735 3264 liqurdffin,
1751 3140 2212 3252 gediassereniltate.
2264 3154 2606 3266 Ναεῖᾃᾙζῖέ

1480 3274 1540 3313 ut
1555 3276 1725 3314 eontra
1746 3270 1878 3315 navis
1891 3270 2014 3315 volat
2030 3268 2160 3342 apud
2179 3278 2362 3331 poetas.
2421 3272 2596 3330 Nubes,

1484 3331 2128 3457 Wfftzaeessplwlnge
2146 3395 2352 3446 formula
2369 3398 2460 3446 hae
2475 3414 2600 3462 prae-

1482 3458 1699 3523 cipiendi
1725 3459 1820 3508 vid.
1845 3476 1956 3524 sup.
1978 3460 2098 3508 Geo.
2124 3459 2156 3517 i,
2187 3460 2292 3510 187.

1551 3525 1629 3581 62,
1663 3525 1740 3571 63.
1785 3527 1908 3580 Huc,
1951 3523 2003 3570 in
2042 3522 2280 3579 arborem,
2315 3532 2372 3569 ut
2405 3524 2520 3571 hine
2554 3524 2606 3573 in

1482 3600 1666 3634 novum
1693 3586 1886 3633 alveare
1911 3583 2056 3631 condi
2081 3585 2252 3646 possit,
2275 3598 2368 3633 nee
2400 3586 2606 3637 ulterius

1483 3648 1718 3715 procedat
1750 3662 1940 3711 agmen,
1974 3650 2198 3709 adsperge
2227 3664 2412 3709 sapores
2430 3650 2604 3711 jussos,

1875 3710 2170 3822 adsperqere
2212 3726 2403 3770 moneo,
2437 3714 2603 3775 jubeo.

1485 3780 1842 3841 melisphylla,
1869 3790 1958 3823 seu
1989 3789 2070 3823 me
2089 3774 2424 3839 issophyllum,
2443 3792 2474 3833 a
2507 3777 2603 3827 ias·

1484 3850 1576 3900 ter,
1613 3842 1760 3903 vulgo
1793 3842 1988 3887 melissa.
2049 3840 2278 3897 Cerintloe,
2315 3840 2457 3893 nobis
2521 3856 2601 3890 or-

1486 3906 1654 3964 tensis,
1693 3904 1746 3952 in
1787 3904 1932 3953 Italia
1963 3902 2204 3953 silvestris
2233 3920 2292 3953 ac
2325 3904 2466 3953 valde
2503 3904 2601 3955 fre-

1480 3985 1652 4033 quens,
1677 3969 1792 4017 hine
1815 3972 2014 4033 ignobile
2031 3985 2236 4032 granea.
2262 3969 2310 4016 h.
2335 3969 2500 4017 herba.

1547 4034 1780 4081 64—66.
1831 4036 2008 4083 Matris
2050 4050 2076 4081 c
2153 4034 2274 4091 bala,
2317 4032 2368 4080 in
2407 4032 2606 4095 Magnae

1483 4096 1662 4145 Matris
1693 4096 1908 4154 deorum,
1944 4097 2079 4160 Cybe
2097 4112 2164 4155 es,
2199 4096 2350 4145 saeris
2384 4095 2606 4153 adbiberi

1479 4160 1637 4217 solita,
1662 4170 1718 4208 ut
1739 4168 1924 4208 notum.
1991 4162 2236 4209 Ceterum
2273 4160 2456 4211 tinnitu
2491 4162 2604 4210 aeria

1480 4240 1599 4288 apes
1617 4224 1726 4287 cogi
1747 4234 1800 4271 et
1820 4223 1873 4272 in
1892 4223 2292 4283 alvearia·eondi,
2317 4240 2396 4273 res
2415 4224 2606 4287 vulgari

1478 4304 1573 4337 usu
1595 4288 1802 4351 cognita.
1859 4290 2108 4335 Medicas-'a
2129 4291 2327 4345 sedibus,
2351 4290 2398 4337 h.
2422 4289 2474 4335 in
2495 4288 2604 4338 loco

1478 4353 1640 4401 suecis
1671 4352 1902 4415 adsperso
1933 4359 1985 4399 et
2005 4350 2170 4399 oblito.
2230 4355 2470 4401 Cunabula
2489 4352 2604 4421 pul-2

1478 4418 1612 4477 chre,
1635 4416 1749 4479 quia
1769 4416 1831 4465 de
1853 4416 1976 4468 soetu
1991 4428 2152 4481 apum.
2495 4448 2498 4451 -

1483 3730 1670 3771 suecos,
1715 3727 1835 3775 quos
