<?xml version="1.0" encoding="UTF-8"?>
<!DOCTYPE html PUBLIC "-//W3C//DTD XHTML 1.0 Transitional//EN"
    "http://www.w3.org/TR/xhtml1/DTD/xhtml1-transitional.dtd">
<html xmlns="http://www.w3.org/1999/xhtml" xml:lang="en" lang="en">
 <head>
  <title>
</title>
<meta http-equiv="Content-Type" content="text/html;charset=utf-8" />
  <meta name='ocr-system' content='tesseract 3.04.00' />
  <meta name='ocr-capabilities' content='ocr_page ocr_carea ocr_par ocr_line ocrx_word'/>
</head>
<body>
  <div class='ocr_page' id='page_1' title='image "./publiivirgiliim00unkngoog_0509.png"; bbox 0 0 3050 4934; ppageno 0'>
   <div class='ocr_carea' id='block_1_1' title="bbox 457 274 589 337">
    <p class='ocr_par' dir='ltr' id='par_1_1' title="bbox 457 274 589 337">
     <span class='ocr_line' id='line_1_1' title="bbox 457 274 589 337; baseline -0.023 1"><span class='ocrx_word' id='word_1_1' title='bbox 457 274 589 337; x_wconf 73' lang='lat'>498</span> 
     </span>
    </p>
   </div>
   <div class='ocr_carea' id='block_1_2' title="bbox 1354 249 1882 321">
    <p class='ocr_par' dir='ltr' id='par_1_2' title="bbox 1354 249 1882 321">
     <span class='ocr_line' id='line_1_2' title="bbox 1354 249 1882 321; baseline -0.017 1"><span class='ocrx_word' id='word_1_2' title='bbox 1354 249 1882 321; x_wconf 87' lang='lat' dir='ltr'>AENEIDOS</span> 
     </span>
    </p>
   </div>
   <div class='ocr_carea' id='block_1_3' title="bbox 460 391 2598 2895">
    <p class='ocr_par' dir='ltr' id='par_1_3' title="bbox 460 391 2598 891">
     <span class='ocr_line' id='line_1_3' title="bbox 460 391 2598 498; baseline -0.015 -12"><span class='ocrx_word' id='word_1_3' title='bbox 460 421 591 486; x_wconf 83' lang='lat'>635</span> <span class='ocrx_word' id='word_1_4' title='bbox 636 418 784 483; x_wconf 91' lang='lat' dir='ltr'>Nec</span> <span class='ocrx_word' id='word_1_5' title='bbox 816 411 1046 498; x_wconf 83' lang='lat' dir='ltr'>procul</span> <span class='ocrx_word' id='word_1_6' title='bbox 1073 410 1228 473; x_wconf 87' lang='lat' dir='ltr'>hinc</span> <span class='ocrx_word' id='word_1_7' title='bbox 1258 406 1558 479; x_wconf 82' lang='lat' dir='ltr'><strong>Romam,</strong></span> <span class='ocrx_word' id='word_1_8' title='bbox 1591 413 1659 466; x_wconf 89' lang='lat' dir='ltr'>et</span> <span class='ocrx_word' id='word_1_9' title='bbox 1687 410 1910 483; x_wconf 83' lang='lat' dir='ltr'>raptas</span> <span class='ocrx_word' id='word_1_10' title='bbox 1943 396 2081 460; x_wconf 88' lang='lat' dir='ltr'>sine</span> <span class='ocrx_word' id='word_1_11' title='bbox 2109 415 2289 459; x_wconf 86' lang='lat' dir='ltr'>more</span> <span class='ocrx_word' id='word_1_12' title='bbox 2321 391 2598 457; x_wconf 85' lang='lat' dir='ltr'>Sabinas</span> 
     </span>
     <span class='ocr_line' id='line_1_4' title="bbox 640 498 2183 590; baseline -0.015 -7"><span class='ocrx_word' id='word_1_13' title='bbox 640 520 970 583; x_wconf 88' lang='lat' dir='ltr'>Consessu</span> <span class='ocrx_word' id='word_1_14' title='bbox 1002 532 1238 585; x_wconf 81' lang='lat' dir='ltr'>caveae,</span> <span class='ocrx_word' id='word_1_15' title='bbox 1269 506 1517 590; x_wconf 85' lang='lat' dir='ltr'>magnis</span> <span class='ocrx_word' id='word_1_16' title='bbox 1549 500 1966 567; x_wconf 82' lang='lat' dir='ltr'>Circensibus</span> <span class='ocrx_word' id='word_1_17' title='bbox 1998 498 2183 572; x_wconf 73' lang='lat' dir='ltr'>actia,</span> 
     </span>
     <span class='ocr_line' id='line_1_5' title="bbox 636 594 2382 692; baseline -0.015 -9"><span class='ocrx_word' id='word_1_18' title='bbox 636 618 1034 690; x_wconf 80' lang='lat' dir='ltr'><strong>Addiderat,</strong></span> <span class='ocrx_word' id='word_1_19' title='bbox 1068 612 1415 692; x_wconf 90' lang='lat' dir='ltr'>subitoque</span> <span class='ocrx_word' id='word_1_20' title='bbox 1440 626 1682 670; x_wconf 85' lang='lat' dir='ltr'>novum</span> <span class='ocrx_word' id='word_1_21' title='bbox 1711 620 2108 683; x_wconf 83' lang='lat' dir='ltr'>consurgere</span> <span class='ocrx_word' id='word_1_22' title='bbox 2139 594 2382 661; x_wconf 90' lang='lat' dir='ltr'>bellum</span> 
     </span>
     <span class='ocr_line' id='line_1_6' title="bbox 640 698 2334 792; baseline -0.014 -10"><span class='ocrx_word' id='word_1_23' title='bbox 640 716 1030 790; x_wconf 85' lang='lat' dir='ltr'>Romulidis,</span> <span class='ocrx_word' id='word_1_24' title='bbox 1062 711 1391 792; x_wconf 81' lang='lat' dir='ltr'>Tatioque</span> <span class='ocrx_word' id='word_1_25' title='bbox 1426 707 1588 782; x_wconf 86' lang='lat' dir='ltr'>seni,</span> <span class='ocrx_word' id='word_1_26' title='bbox 1620 703 2036 783; x_wconf 79' lang='lat' dir='ltr'>Curibusque</span> <span class='ocrx_word' id='word_1_27' title='bbox 2069 698 2334 762; x_wconf 82' lang='lat' dir='ltr'>severis.</span> 
     </span>
     <span class='ocr_line' id='line_1_7' title="bbox 650 802 2216 891; baseline -0.015 -8"><span class='ocrx_word' id='word_1_28' title='bbox 650 820 814 883; x_wconf 85' lang='lat' dir='ltr'><strong>Post</strong></span> <span class='ocrx_word' id='word_1_29' title='bbox 842 816 1039 891; x_wconf 75' lang='lat' dir='ltr'>idem,</span> <span class='ocrx_word' id='word_1_30' title='bbox 1071 814 1239 875; x_wconf 89' lang='lat' dir='ltr'>inter</span> <span class='ocrx_word' id='word_1_31' title='bbox 1270 830 1340 872; x_wconf 89' lang='lat' dir='ltr'>se</span> <span class='ocrx_word' id='word_1_32' title='bbox 1374 807 1590 891; x_wconf 88' lang='lat' dir='ltr'>posito</span> <span class='ocrx_word' id='word_1_33' title='bbox 1617 802 1994 876; x_wconf 85' lang='lat' dir='ltr'>certamine,</span> <span class='ocrx_word' id='word_1_34' title='bbox 2025 820 2216 882; x_wconf 83' lang='lat' dir='ltr'>reges</span> 
     </span>
    </p>

    <p class='ocr_par' dir='ltr' id='par_1_4' title="bbox 466 908 2308 1093">
     <span class='ocr_line' id='line_1_8' title="bbox 466 908 2308 990; baseline -0.014 -4"><span class='ocrx_word' id='word_1_35' title='bbox 466 922 600 985; x_wconf 74' lang='lat'>640</span> <span class='ocrx_word' id='word_1_36' title='bbox 643 918 897 983; x_wconf 89' lang='lat' dir='ltr'>Armati</span> <span class='ocrx_word' id='word_1_37' title='bbox 929 914 1114 977; x_wconf 63' lang='lat' dir='ltr'>«Iovis</span> <span class='ocrx_word' id='word_1_38' title='bbox 1144 922 1294 975; x_wconf 89' lang='lat' dir='ltr'>ante</span> <span class='ocrx_word' id='word_1_39' title='bbox 1324 930 1525 982; x_wconf 86' lang='lat' dir='ltr'>aram,</span> <span class='ocrx_word' id='word_1_40' title='bbox 1558 916 1952 990; x_wconf 89' lang='lat' dir='ltr'>paterasque</span> <span class='ocrx_word' id='word_1_41' title='bbox 1985 908 2308 973; x_wconf 85' lang='lat' dir='ltr'>tenentes,</span> 
     </span>
     <span class='ocr_line' id='line_1_9' title="bbox 646 1004 2166 1093; baseline -0.014 -10"><span class='ocrx_word' id='word_1_42' title='bbox 646 1020 948 1093; x_wconf 83' lang='lat' dir='ltr'><strong>Stabant,</strong></span> <span class='ocrx_word' id='word_1_43' title='bbox 981 1025 1049 1078; x_wconf 91' lang='lat' dir='ltr'>et</span> <span class='ocrx_word' id='word_1_44' title='bbox 1079 1034 1249 1076; x_wconf 85' lang='lat' dir='ltr'>coesa</span> <span class='ocrx_word' id='word_1_45' title='bbox 1266 1008 1637 1093; x_wconf 82' lang='lat' dir='ltr'>jungebant</span> <span class='ocrx_word' id='word_1_46' title='bbox 1665 1004 1920 1069; x_wconf 83' lang='lat' dir='ltr'>foedera</span> <span class='ocrx_word' id='word_1_47' title='bbox 1945 1021 2166 1085; x_wconf 87' lang='lat' dir='ltr'>porca.</span> 
     </span>
    </p>

    <p class='ocr_par' dir='ltr' id='par_1_5' title="bbox 647 1098 2526 1402">
     <span class='ocr_line' id='line_1_10' title="bbox 647 1098 2526 1201; baseline -0.013 -17"><span class='ocrx_word' id='word_1_48' title='bbox 647 1120 854 1184; x_wconf 84' lang='lat' dir='ltr'>Haud</span> <span class='ocrx_word' id='word_1_49' title='bbox 880 1114 1109 1201; x_wconf 86' lang='lat' dir='ltr'>procul</span> <span class='ocrx_word' id='word_1_50' title='bbox 1137 1112 1313 1186; x_wconf 86' lang='lat' dir='ltr'>inde,</span> <span class='ocrx_word' id='word_1_51' title='bbox 1345 1110 1493 1174; x_wconf 84' lang='lat' dir='ltr'>citae</span> <span class='ocrx_word' id='word_1_52' title='bbox 1522 1106 1781 1170; x_wconf 90' lang='lat' dir='ltr'>Metum</span> <span class='ocrx_word' id='word_1_53' title='bbox 1811 1105 1876 1167; x_wconf 89' lang='lat' dir='ltr'>in</span> <span class='ocrx_word' id='word_1_54' title='bbox 1905 1103 2164 1167; x_wconf 84' lang='lat' dir='ltr'>diversa</span> <span class='ocrx_word' id='word_1_55' title='bbox 2191 1098 2526 1183; x_wconf 76' lang='lat' dir='ltr'>quadrigae</span> 
     </span>
     <span class='ocr_line' id='line_1_11' title="bbox 652 1200 2262 1303; baseline -0.013 -19"><span class='ocrx_word' id='word_1_56' title='bbox 652 1217 1069 1303; x_wconf 73' lang='lat' dir='ltr'>Distulerant</span> <span class='ocrx_word' id='word_1_57' title='bbox 1096 1214 1190 1295; x_wconf 85' lang='lat' dir='ltr'>(at</span> <span class='ocrx_word' id='word_1_58' title='bbox 1218 1222 1291 1275; x_wconf 90' lang='lat' dir='ltr'>tu</span> <span class='ocrx_word' id='word_1_59' title='bbox 1320 1210 1535 1283; x_wconf 85' lang='lat' dir='ltr'>dictis,</span> <span class='ocrx_word' id='word_1_60' title='bbox 1563 1204 1848 1280; x_wconf 86' lang='lat' dir='ltr'>Albane,</span> <span class='ocrx_word' id='word_1_61' title='bbox 1878 1223 2174 1265; x_wconf 86' lang='lat' dir='ltr'>maneres</span> <span class='ocrx_word' id='word_1_62' title='bbox 2193 1200 2262 1281; x_wconf 75' lang='grc' dir='ltr'>Ξ),</span> 
     </span>
     <span class='ocr_line' id='line_1_12' title="bbox 650 1301 2176 1402; baseline -0.014 -16"><span class='ocrx_word' id='word_1_63' title='bbox 650 1319 1121 1402; x_wconf 87' lang='lat' dir='ltr'>Raptabatque</span> <span class='ocrx_word' id='word_1_64' title='bbox 1152 1312 1271 1375; x_wconf 87' lang='lat' dir='ltr'>viri</span> <span class='ocrx_word' id='word_1_65' title='bbox 1298 1308 1628 1373; x_wconf 85' lang='lat' dir='ltr'>mendacis</span> <span class='ocrx_word' id='word_1_66' title='bbox 1661 1306 1910 1369; x_wconf 88' lang='lat' dir='ltr'>viscera</span> <span class='ocrx_word' id='word_1_67' title='bbox 1937 1301 2176 1366; x_wconf 83' lang='lat' dir='ltr'>Tullus</span> 
     </span>
    </p>

    <p class='ocr_par' dir='ltr' id='par_1_6' title="bbox 473 1404 2440 1793">
     <span class='ocr_line' id='line_1_13' title="bbox 473 1404 2368 1494; baseline -0.012 -8"><span class='ocrx_word' id='word_1_68' title='bbox 473 1424 604 1486; x_wconf 76' lang='lat'>645</span> <span class='ocrx_word' id='word_1_69' title='bbox 648 1421 781 1484; x_wconf 85' lang='lat' dir='ltr'>Per</span> <span class='ocrx_word' id='word_1_70' title='bbox 812 1417 1055 1490; x_wconf 82' lang='lat' dir='ltr'>silvam,</span> <span class='ocrx_word' id='word_1_71' title='bbox 1088 1424 1155 1477; x_wconf 91' lang='lat' dir='ltr'>et</span> <span class='ocrx_word' id='word_1_72' title='bbox 1186 1410 1399 1494; x_wconf 85' lang='lat' dir='ltr'>sparsi</span> <span class='ocrx_word' id='word_1_73' title='bbox 1428 1408 1739 1471; x_wconf 84' lang='lat' dir='ltr'>rorabant</span> <span class='ocrx_word' id='word_1_74' title='bbox 1769 1404 2084 1487; x_wconf 85' lang='lat' dir='ltr'>sanguine</span> <span class='ocrx_word' id='word_1_75' title='bbox 2111 1423 2368 1485; x_wconf 78' lang='lat' dir='ltr'>vepres,</span> 
     </span>
     <span class='ocr_line' id='line_1_14' title="bbox 648 1503 2404 1596; baseline -0.011 -12"><span class='ocrx_word' id='word_1_76' title='bbox 648 1520 796 1583; x_wconf 90' lang='lat' dir='ltr'>Nec</span> <span class='ocrx_word' id='word_1_77' title='bbox 827 1538 955 1580; x_wconf 91' lang='lat' dir='ltr'>non</span> <span class='ocrx_word' id='word_1_78' title='bbox 986 1512 1419 1596; x_wconf 80' lang='lat' dir='ltr'>Tarquinium</span> <span class='ocrx_word' id='word_1_79' title='bbox 1448 1510 1730 1592; x_wconf 88' lang='lat' dir='ltr'>ejectum</span> <span class='ocrx_word' id='word_1_80' title='bbox 1764 1505 2100 1569; x_wconf 83' lang='lat' dir='ltr'>Porsenna</span> <span class='ocrx_word' id='word_1_81' title='bbox 2123 1503 2404 1587; x_wconf 88' lang='lat' dir='ltr'>jubebat</span> 
     </span>
     <span class='ocr_line' id='line_1_15' title="bbox 661 1604 2440 1702; baseline -0.012 -18"><span class='ocrx_word' id='word_1_82' title='bbox 661 1618 1008 1702; x_wconf 85' lang='lat' dir='ltr'>Accipere,</span> <span class='ocrx_word' id='word_1_83' title='bbox 1036 1612 1411 1697; x_wconf 88' lang='lat' dir='ltr'>ingentique</span> <span class='ocrx_word' id='word_1_84' title='bbox 1438 1610 1672 1673; x_wconf 85' lang='lat' dir='ltr'>urbem</span> <span class='ocrx_word' id='word_1_85' title='bbox 1701 1606 2038 1671; x_wconf 83' lang='lat' dir='ltr'>obsidione</span> <span class='ocrx_word' id='word_1_86' title='bbox 2067 1604 2440 1689; x_wconf 83' lang='lat' dir='ltr'>premebat:</span> 
     </span>
     <span class='ocr_line' id='line_1_16' title="bbox 656 1707 2164 1793; baseline -0.011 -9"><span class='ocrx_word' id='word_1_87' title='bbox 656 1718 981 1784; x_wconf 83' lang='lat' dir='ltr'>AEneadae</span> <span class='ocrx_word' id='word_1_88' title='bbox 1010 1714 1077 1777; x_wconf 90' lang='lat' dir='ltr'>in</span> <span class='ocrx_word' id='word_1_89' title='bbox 1109 1713 1355 1777; x_wconf 85' lang='lat' dir='ltr'>ferrum</span> <span class='ocrx_word' id='word_1_90' title='bbox 1380 1730 1503 1793; x_wconf 85' lang='lat' dir='ltr'>pro</span> <span class='ocrx_word' id='word_1_91' title='bbox 1531 1708 1836 1773; x_wconf 87' lang='lat' dir='ltr'>libertate</span> <span class='ocrx_word' id='word_1_92' title='bbox 1865 1707 2164 1771; x_wconf 86' lang='lat' dir='ltr'>ruebant.</span> 
     </span>
    </p>

    <p class='ocr_par' dir='ltr' id='par_1_7' title="bbox 652 1804 2283 1899">
     <span class='ocr_line' id='line_1_17' title="bbox 652 1804 2283 1899; baseline -0.01 -16"><span class='ocrx_word' id='word_1_93' title='bbox 652 1819 841 1883; x_wconf 90' lang='lat' dir='ltr'>Illum</span> <span class='ocrx_word' id='word_1_94' title='bbox 869 1814 1231 1899; x_wconf 83' lang='lat' dir='ltr'>indignanti</span> <span class='ocrx_word' id='word_1_95' title='bbox 1263 1810 1552 1886; x_wconf 71' lang='lat' dir='ltr'>similem,</span> <span class='ocrx_word' id='word_1_96' title='bbox 1587 1806 1984 1891; x_wconf 84' lang='lat' dir='ltr'>similemque</span> <span class='ocrx_word' id='word_1_97' title='bbox 2012 1804 2283 1869; x_wconf 89' lang='lat' dir='ltr'>minanti</span> 
     </span>
    </p>

    <p class='ocr_par' dir='ltr' id='par_1_8' title="bbox 479 1902 2474 2090">
     <span class='ocr_line' id='line_1_18' title="bbox 479 1902 2474 2004; baseline -0.011 -17"><span class='ocrx_word' id='word_1_98' title='bbox 479 1924 610 1987; x_wconf 89' lang='grc'>650</span> <span class='ocrx_word' id='word_1_99' title='bbox 654 1919 1095 2004; x_wconf 84' lang='lat' dir='ltr'>Adspiceres;</span> <span class='ocrx_word' id='word_1_100' title='bbox 1141 1923 1409 1998; x_wconf 85' lang='lat' dir='ltr'>pontem</span> <span class='ocrx_word' id='word_1_101' title='bbox 1436 1910 1714 1975; x_wconf 83' lang='lat' dir='ltr'>auderet</span> <span class='ocrx_word' id='word_1_102' title='bbox 1741 1908 1918 1991; x_wconf 91' lang='lat' dir='ltr'>quod</span> <span class='ocrx_word' id='word_1_103' title='bbox 1950 1904 2188 1970; x_wconf 85' lang='lat' dir='ltr'>vellere</span> <span class='ocrx_word' id='word_1_104' title='bbox 2218 1902 2474 1979; x_wconf 79' lang='lat' dir='ltr'>CoeleS‚</span> 
     </span>
     <span class='ocr_line' id='line_1_19' title="bbox 663 2006 2110 2090; baseline -0.012 -4"><span class='ocrx_word' id='word_1_105' title='bbox 663 2021 757 2086; x_wconf 91' lang='lat' dir='ltr'>Et</span> <span class='ocrx_word' id='word_1_106' title='bbox 785 2019 1053 2084; x_wconf 86' lang='lat' dir='ltr'>fluvium</span> <span class='ocrx_word' id='word_1_107' title='bbox 1078 2013 1301 2078; x_wconf 89' lang='lat' dir='ltr'>vinclis</span> <span class='ocrx_word' id='word_1_108' title='bbox 1332 2014 1588 2075; x_wconf 86' lang='lat' dir='ltr'>innaret</span> <span class='ocrx_word' id='word_1_109' title='bbox 1617 2006 1850 2073; x_wconf 80' lang='lat' dir='ltr'>Cloelia</span> <span class='ocrx_word' id='word_1_110' title='bbox 1877 2007 2110 2090; x_wconf 88' lang='lat' dir='ltr'>ruptis.</span> 
     </span>
    </p>

    <p class='ocr_par' dir='ltr' id='par_1_9' title="bbox 658 2106 2319 2399">
     <span class='ocr_line' id='line_1_20' title="bbox 658 2106 2220 2193; baseline -0.012 -7"><span class='ocrx_word' id='word_1_111' title='bbox 658 2123 734 2186; x_wconf 87' lang='lat' dir='ltr'>In</span> <span class='ocrx_word' id='word_1_112' title='bbox 769 2140 1019 2184; x_wconf 90' lang='lat' dir='ltr'>summo</span> <span class='ocrx_word' id='word_1_113' title='bbox 1048 2126 1270 2179; x_wconf 88' lang='lat' dir='ltr'>custos</span> <span class='ocrx_word' id='word_1_114' title='bbox 1300 2111 1608 2193; x_wconf 83' lang='lat' dir='ltr'>Tarpeiae</span> <span class='ocrx_word' id='word_1_115' title='bbox 1640 2106 1929 2173; x_wconf 88' lang='lat' dir='ltr'>Manlius</span> <span class='ocrx_word' id='word_1_116' title='bbox 1961 2106 2128 2171; x_wconf 87' lang='lat' dir='ltr'>arcis</span> <span class='ocrx_word' id='word_1_117' title='bbox 2217 2132 2220 2135; x_wconf 47' lang='lat'><strong>⁴</strong></span> 
     </span>
     <span class='ocr_line' id='line_1_21' title="bbox 664 2207 2319 2301; baseline -0.01 -17"><span class='ocrx_word' id='word_1_118' title='bbox 664 2221 897 2284; x_wconf 85' lang='lat' dir='ltr'>Stabat</span> <span class='ocrx_word' id='word_1_119' title='bbox 926 2238 1049 2301; x_wconf 89' lang='lat' dir='ltr'>pro</span> <span class='ocrx_word' id='word_1_120' title='bbox 1078 2211 1345 2297; x_wconf 85' lang='lat' dir='ltr'>templo,</span> <span class='ocrx_word' id='word_1_121' title='bbox 1376 2223 1444 2275; x_wconf 90' lang='lat' dir='ltr'>et</span> <span class='ocrx_word' id='word_1_122' title='bbox 1472 2208 1796 2293; x_wconf 86' lang='lat' dir='ltr'>Capitolia</span> <span class='ocrx_word' id='word_1_123' title='bbox 1825 2207 2003 2272; x_wconf 84' lang='lat' dir='ltr'>celsa</span> <span class='ocrx_word' id='word_1_124' title='bbox 2029 2207 2319 2280; x_wconf 86' lang='lat' dir='ltr'>tenebat,</span> 
     </span>
     <span class='ocr_line' id='line_1_22' title="bbox 660 2306 2292 2399; baseline -0.01 -15"><span class='ocrx_word' id='word_1_125' title='bbox 660 2328 697 2364; x_wconf 49' lang='grc' dir='ltr'>ὖ</span> <span class='ocrx_word' id='word_1_126' title='bbox 713 2317 1165 2399; x_wconf 89' lang='lat' dir='ltr'>Romuleoque</span> <span class='ocrx_word' id='word_1_127' title='bbox 1196 2334 1424 2377; x_wconf 85' lang='lat' dir='ltr'>recens</span> <span class='ocrx_word' id='word_1_128' title='bbox 1452 2310 1768 2374; x_wconf 85' lang='lat' dir='ltr'>horrebat</span> <span class='ocrx_word' id='word_1_129' title='bbox 1795 2309 1976 2391; x_wconf 79' lang='lat' dir='ltr'>regia</span> <span class='ocrx_word' id='word_1_130' title='bbox 2003 2306 2236 2378; x_wconf 86' lang='lat' dir='ltr'>culmo.</span> <span class='ocrx_word' id='word_1_131' title='bbox 2253 2306 2292 2345; x_wconf 71' lang='lat'>&#39;¹‘</span> 
     </span>
    </p>

    <p class='ocr_par' dir='ltr' id='par_1_10' title="bbox 490 2411 2327 2895">
     <span class='ocr_line' id='line_1_23' title="bbox 490 2411 2208 2503; baseline -0.011 -15"><span class='ocrx_word' id='word_1_132' title='bbox 490 2424 619 2487; x_wconf 89' lang='lat'>655</span> <span class='ocrx_word' id='word_1_133' title='bbox 664 2418 887 2503; x_wconf 89' lang='lat' dir='ltr'>Atque</span> <span class='ocrx_word' id='word_1_134' title='bbox 918 2417 1025 2480; x_wconf 89' lang='lat' dir='ltr'>hic</span> <span class='ocrx_word' id='word_1_135' title='bbox 1050 2414 1295 2479; x_wconf 86' lang='lat' dir='ltr'>auratis</span> <span class='ocrx_word' id='word_1_136' title='bbox 1328 2411 1602 2475; x_wconf 87' lang='lat' dir='ltr'>volitans</span> <span class='ocrx_word' id='word_1_137' title='bbox 1633 2418 1986 2492; x_wconf 85' lang='lat' dir='ltr'>argenteus</span> <span class='ocrx_word' id='word_1_138' title='bbox 2015 2428 2208 2471; x_wconf 88' lang='lat' dir='ltr'>anser</span> 
     </span>
     <span class='ocr_line' id='line_1_24' title="bbox 665 2508 2270 2592; baseline -0.011 -6"><span class='ocrx_word' id='word_1_139' title='bbox 665 2520 1061 2592; x_wconf 78' lang='lat' dir='ltr'>PorticibuS,</span> <span class='ocrx_word' id='word_1_140' title='bbox 1092 2513 1323 2579; x_wconf 82' lang='lat' dir='ltr'>Gallos</span> <span class='ocrx_word' id='word_1_141' title='bbox 1353 2513 1421 2575; x_wconf 90' lang='lat' dir='ltr'>in</span> <span class='ocrx_word' id='word_1_142' title='bbox 1447 2510 1663 2574; x_wconf 90' lang='lat' dir='ltr'>limine</span> <span class='ocrx_word' id='word_1_143' title='bbox 1693 2509 1928 2573; x_wconf 86' lang='lat' dir='ltr'>adesse</span> <span class='ocrx_word' id='word_1_144' title='bbox 1959 2508 2270 2571; x_wconf 84' lang='lat' dir='ltr'>canebat:</span> 
     </span>
     <span class='ocr_line' id='line_1_25' title="bbox 672 2608 2327 2703; baseline -0.01 -17"><span class='ocrx_word' id='word_1_145' title='bbox 672 2619 851 2685; x_wconf 90' lang='lat' dir='ltr'>Galli</span> <span class='ocrx_word' id='word_1_146' title='bbox 880 2640 1001 2703; x_wconf 89' lang='lat' dir='ltr'>per</span> <span class='ocrx_word' id='word_1_147' title='bbox 1032 2618 1261 2680; x_wconf 89' lang='lat' dir='ltr'>dumos</span> <span class='ocrx_word' id='word_1_148' title='bbox 1293 2613 1588 2687; x_wconf 86' lang='lat' dir='ltr'>aderant,</span> <span class='ocrx_word' id='word_1_149' title='bbox 1622 2630 1965 2691; x_wconf 85' lang='lat' dir='ltr'>arcemque</span> <span class='ocrx_word' id='word_1_150' title='bbox 1996 2608 2327 2681; x_wconf 88' lang='lat' dir='ltr'>tenebant,</span> 
     </span>
     <span class='ocr_line' id='line_1_26' title="bbox 678 2710 2108 2791; baseline -0.012 -4"><span class='ocrx_word' id='word_1_151' title='bbox 678 2720 957 2787; x_wconf 84' lang='lat' dir='ltr'>Defensi</span> <span class='ocrx_word' id='word_1_152' title='bbox 988 2714 1275 2781; x_wconf 87' lang='lat' dir='ltr'>tenebris</span> <span class='ocrx_word' id='word_1_153' title='bbox 1307 2723 1374 2776; x_wconf 91' lang='lat' dir='ltr'>et</span> <span class='ocrx_word' id='word_1_154' title='bbox 1406 2712 1580 2775; x_wconf 90' lang='lat' dir='ltr'>dono</span> <span class='ocrx_word' id='word_1_155' title='bbox 1609 2710 1818 2773; x_wconf 88' lang='lat' dir='ltr'>noctis</span> <span class='ocrx_word' id='word_1_156' title='bbox 1850 2730 2108 2791; x_wconf 81' lang='lat' dir='ltr'>opacae3</span> 
     </span>
     <span class='ocr_line' id='line_1_27' title="bbox 672 2809 2155 2895; baseline -0.012 -8"><span class='ocrx_word' id='word_1_157' title='bbox 672 2822 899 2887; x_wconf 89' lang='lat' dir='ltr'>Aurea</span> <span class='ocrx_word' id='word_1_158' title='bbox 927 2818 1225 2883; x_wconf 82' lang='lat' dir='ltr'>caesaries</span> <span class='ocrx_word' id='word_1_159' title='bbox 1258 2812 1421 2889; x_wconf 91' lang='lat' dir='ltr'>ollis,</span> <span class='ocrx_word' id='word_1_160' title='bbox 1455 2822 1653 2895; x_wconf 86' lang='lat' dir='ltr'>atque</span> <span class='ocrx_word' id='word_1_161' title='bbox 1686 2830 1885 2873; x_wconf 88' lang='lat' dir='ltr'>aurea</span> <span class='ocrx_word' id='word_1_162' title='bbox 1915 2809 2155 2884; x_wconf 86' lang='lat' dir='ltr'>vestis;</span> 
     </span>
    </p>
   </div>
   <div class='ocr_carea' id='block_1_4' title="bbox 506 2991 1638 3502">
    <p class='ocr_par' dir='ltr' id='par_1_11' title="bbox 506 2991 1634 3121">
     <span class='ocr_line' id='line_1_28' title="bbox 506 2991 1634 3066; baseline -0.016 -10"><span class='ocrx_word' id='word_1_163' title='bbox 506 3008 632 3056; x_wconf 82' lang='lat' dir='ltr'>vidis</span> <span class='ocrx_word' id='word_1_164' title='bbox 668 3004 965 3066; x_wconf 74' lang='lat' dir='ltr'>imaginibus</span> <span class='ocrx_word' id='word_1_165' title='bbox 1006 2999 1333 3058; x_wconf 82' lang='lat' dir='ltr'>suavibusque</span> <span class='ocrx_word' id='word_1_166' title='bbox 1373 2991 1634 3043; x_wconf 80' lang='lat' dir='ltr'>sententiis</span> 
     </span>
     <span class='ocr_line' id='line_1_29' title="bbox 507 3076 853 3121; baseline -0.017 0"><span class='ocrx_word' id='word_1_167' title='bbox 507 3084 624 3121; x_wconf 80' lang='lat' dir='ltr'>sunt</span> <span class='ocrx_word' id='word_1_168' title='bbox 646 3076 853 3117; x_wconf 84' lang='lat' dir='ltr'>narrata.</span> 
     </span>
    </p>

    <p class='ocr_par' dir='ltr' id='par_1_12' title="bbox 510 3117 1638 3502">
     <span class='ocr_line' id='line_1_30' title="bbox 575 3117 1630 3183; baseline -0.014 -2"><span class='ocrx_word' id='word_1_169' title='bbox 575 3131 849 3181; x_wconf 75' lang='lat'>635—641.</span> <span class='ocrx_word' id='word_1_170' title='bbox 882 3131 991 3176; x_wconf 74' lang='lat' dir='ltr'>Sine</span> <span class='ocrx_word' id='word_1_171' title='bbox 1026 3142 1161 3181; x_wconf 77' lang='lat' dir='ltr'>more,</span> <span class='ocrx_word' id='word_1_172' title='bbox 1194 3123 1301 3173; x_wconf 83' lang='lat' dir='ltr'>sine</span> <span class='ocrx_word' id='word_1_173' title='bbox 1335 3122 1459 3183; x_wconf 78' lang='lat' dir='ltr'>lege,</span> <span class='ocrx_word' id='word_1_174' title='bbox 1484 3117 1630 3167; x_wconf 67' lang='grc' dir='ltr'>ἀκόσ-</span> 
     </span>
     <span class='ocr_line' id='line_1_31' title="bbox 510 3182 1637 3309; baseline -0.015 0"><span class='ocrx_word' id='word_1_175' title='bbox 510 3192 1003 3309; x_wconf 48' lang='grc' dir='ltr'>μωοῖᾅτω</span> <span class='ocrx_word' id='word_1_176' title='bbox 1040 3184 1637 3298; x_wconf 53' lang='lat' dir='ltr'>“mamm-</span> <span class='ocrx_word' id='word_1_177' title='bbox 1599 3182 1632 3230; x_wconf 84' lang='lat'>¹·</span> 
     </span>
     <span class='ocr_line' id='line_1_32' title="bbox 512 3312 1634 3386; baseline -0.015 -12"><span class='ocrx_word' id='word_1_178' title='bbox 512 3324 655 3381; x_wconf 82' lang='lat' dir='ltr'>dixit,</span> <span class='ocrx_word' id='word_1_179' title='bbox 678 3338 787 3386; x_wconf 78' lang='lat' dir='ltr'>quae</span> <span class='ocrx_word' id='word_1_180' title='bbox 811 3319 955 3369; x_wconf 83' lang='lat' dir='ltr'>Livio</span> <span class='ocrx_word' id='word_1_181' title='bbox 974 3328 1028 3367; x_wconf 80' lang='lat' dir='ltr'>et</span> <span class='ocrx_word' id='word_1_182' title='bbox 1064 3315 1174 3365; x_wconf 86' lang='lat' dir='ltr'>aliis</span> <span class='ocrx_word' id='word_1_183' title='bbox 1208 3312 1471 3363; x_wconf 83' lang='lat' dir='ltr'>Consualia</span> <span class='ocrx_word' id='word_1_184' title='bbox 1504 3318 1634 3367; x_wconf 84' lang='lat' dir='ltr'>sunt,</span> 
     </span>
     <span class='ocr_line' id='line_1_33' title="bbox 515 3373 1638 3453; baseline -0.018 -13"><span class='ocrx_word' id='word_1_185' title='bbox 515 3390 751 3453; x_wconf 82' lang='lat' dir='ltr'>Neptuno</span> <span class='ocrx_word' id='word_1_186' title='bbox 772 3383 985 3448; x_wconf 85' lang='lat' dir='ltr'>equestri</span> <span class='ocrx_word' id='word_1_187' title='bbox 1008 3381 1265 3434; x_wconf 81' lang='lat' dir='ltr'>celebrata,</span> <span class='ocrx_word' id='word_1_188' title='bbox 1289 3377 1414 3425; x_wconf 82' lang='lat' dir='ltr'>forte</span> <span class='ocrx_word' id='word_1_189' title='bbox 1432 3373 1563 3436; x_wconf 91' lang='lat' dir='ltr'>quod</span> <span class='ocrx_word' id='word_1_190' title='bbox 1584 3374 1638 3421; x_wconf 86' lang='lat' dir='ltr'>in</span> 
     </span>
     <span class='ocr_line' id='line_1_34' title="bbox 512 3439 1634 3502; baseline -0.015 0"><span class='ocrx_word' id='word_1_191' title='bbox 512 3456 689 3502; x_wconf 84' lang='lat' dir='ltr'>horum</span> <span class='ocrx_word' id='word_1_192' title='bbox 742 3451 904 3499; x_wconf 81' lang='lat' dir='ltr'>locum</span> <span class='ocrx_word' id='word_1_193' title='bbox 966 3449 1307 3495; x_wconf 82' lang='lat' dir='ltr'>successerunt</span> <span class='ocrx_word' id='word_1_194' title='bbox 1360 3439 1634 3489; x_wconf 80' lang='lat' dir='ltr'>Circenses.</span> 
     </span>
    </p>
   </div>
   <div class='ocr_carea' id='block_1_5' title="bbox 518 3501 1647 3827">
    <p class='ocr_par' dir='ltr' id='par_1_13' title="bbox 518 3501 1647 3827">
     <span class='ocr_line' id='line_1_35' title="bbox 521 3501 1644 3567; baseline -0.016 0"><span class='ocrx_word' id='word_1_195' title='bbox 521 3520 711 3567; x_wconf 63' lang='lat' dir='ltr'>&amp;mam</span> <span class='ocrx_word' id='word_1_196' title='bbox 744 3523 792 3563; x_wconf 73' lang='lat' dir='ltr'>et</span> <span class='ocrx_word' id='word_1_197' title='bbox 836 3515 1033 3561; x_wconf 71' lang='lat' dir='ltr'>Sabinas</span> <span class='ocrx_word' id='word_1_198' title='bbox 1076 3508 1339 3561; x_wconf 74' lang='lat' dir='ltr'>addiderat,</span> <span class='ocrx_word' id='word_1_199' title='bbox 1386 3501 1644 3563; x_wconf 78' lang='lat' dir='ltr'>subitoque</span> 
     </span>
     <span class='ocr_line' id='line_1_36' title="bbox 518 3565 1647 3696; baseline -0.015 -3"><span class='ocrx_word' id='word_1_200' title='bbox 518 3594 799 3693; x_wconf 52' lang='lat' dir='ltr'>maz</span> <span class='ocrx_word' id='word_1_201' title='bbox 817 3579 1427 3696; x_wconf 53' lang='grc' dir='ltr'>ῗέῗιᾘρῖἑιξῖιῗεᾛῗ</span> <span class='ocrx_word' id='word_1_202' title='bbox 1445 3565 1647 3677; x_wconf 55' lang='grc' dir='ltr'>ἓῗέἷᾶ</span> 
     </span>
     <span class='ocr_line' id='line_1_37' title="bbox 518 3695 1642 3759; baseline -0.016 -3"><span class='ocrx_word' id='word_1_203' title='bbox 518 3710 687 3757; x_wconf 63' lang='lat' dir='ltr'>severis</span> <span class='ocrx_word' id='word_1_204' title='bbox 724 3704 785 3753; x_wconf 85' lang='lat' dir='ltr'>ad</span> <span class='ocrx_word' id='word_1_205' title='bbox 826 3702 1119 3751; x_wconf 83' lang='lat' dir='ltr'>Sabinorum</span> <span class='ocrx_word' id='word_1_206' title='bbox 1154 3695 1461 3759; x_wconf 82' lang='lat' dir='ltr'>disciplinam</span> <span class='ocrx_word' id='word_1_207' title='bbox 1502 3708 1642 3757; x_wconf 87' lang='lat' dir='ltr'>spec-</span> 
     </span>
     <span class='ocr_line' id='line_1_38' title="bbox 522 3762 1646 3827; baseline -0.013 -7"><span class='ocrx_word' id='word_1_208' title='bbox 522 3781 626 3820; x_wconf 80' lang='lat' dir='ltr'>tare</span> <span class='ocrx_word' id='word_1_209' title='bbox 670 3768 811 3817; x_wconf 73' lang='lat' dir='ltr'>facile</span> <span class='ocrx_word' id='word_1_210' title='bbox 851 3763 1153 3827; x_wconf 76' lang='lat' dir='ltr'>intelligitur.</span> <span class='ocrx_word' id='word_1_211' title='bbox 1220 3762 1369 3809; x_wconf 83' lang='lat' dir='ltr'>Porca</span> <span class='ocrx_word' id='word_1_212' title='bbox 1404 3774 1537 3815; x_wconf 64' lang='grc' dir='ltr'><strong><em>σασα,</em></strong></span> <span class='ocrx_word' id='word_1_213' title='bbox 1583 3772 1646 3805; x_wconf 83' lang='lat' dir='ltr'>ex</span> 
     </span>
    </p>
   </div>
   <div class='ocr_carea' id='block_1_6' title="bbox 526 3848 679 3883">
    <p class='ocr_par' dir='ltr' id='par_1_14' title="bbox 526 3848 679 3883">
     <span class='ocr_line' id='line_1_39' title="bbox 526 3848 679 3883; baseline -0.033 1"><span class='ocrx_word' id='word_1_214' title='bbox 526 3848 679 3883; x_wconf 75' lang='lat' dir='ltr'>more·</span> 
     </span>
    </p>
   </div>
   <div class='ocr_carea' id='block_1_7' title="bbox 528 3887 1646 4086">
    <p class='ocr_par' dir='ltr' id='par_1_15' title="bbox 528 3887 1646 4086">
     <span class='ocr_line' id='line_1_40' title="bbox 588 3887 1642 3948; baseline -0.013 -3"><span class='ocrx_word' id='word_1_215' title='bbox 588 3896 861 3945; x_wconf 65' lang='lat'>642-644.</span> <span class='ocrx_word' id='word_1_216' title='bbox 898 3891 1007 3940; x_wconf 82' lang='lat' dir='ltr'>Liv.</span> <span class='ocrx_word' id='word_1_217' title='bbox 1032 3891 1066 3948; x_wconf 85' lang='lat' dir='ltr'>i,</span> <span class='ocrx_word' id='word_1_218' title='bbox 1091 3889 1168 3945; x_wconf 86' lang='lat'>27,</span> <span class='ocrx_word' id='word_1_219' title='bbox 1188 3890 1267 3936; x_wconf 80' lang='lat'>28.</span> <span class='ocrx_word' id='word_1_220' title='bbox 1324 3887 1483 3935; x_wconf 83' lang='lat' dir='ltr'>Docte</span> <span class='ocrx_word' id='word_1_221' title='bbox 1507 3900 1642 3947; x_wconf 81' lang='lat' dir='ltr'>mag-</span> 
     </span>
     <span class='ocr_line' id='line_1_41' title="bbox 528 3948 1646 4023; baseline -0.013 -13"><span class='ocrx_word' id='word_1_222' title='bbox 528 3975 685 4023; x_wconf 80' lang='lat' dir='ltr'>naque</span> <span class='ocrx_word' id='word_1_223' title='bbox 707 3974 820 4007; x_wconf 83' lang='lat' dir='ltr'>eum</span> <span class='ocrx_word' id='word_1_224' title='bbox 852 3956 899 4005; x_wconf 84' lang='lat' dir='ltr'>vi</span> <span class='ocrx_word' id='word_1_225' title='bbox 932 3955 1127 4003; x_wconf 82' lang='lat' dir='ltr'>inversa</span> <span class='ocrx_word' id='word_1_226' title='bbox 1158 3950 1313 4000; x_wconf 82' lang='lat' dir='ltr'>oratio</span> <span class='ocrx_word' id='word_1_227' title='bbox 1344 3950 1397 3998; x_wconf 90' lang='lat' dir='ltr'>in</span> <span class='ocrx_word' id='word_1_228' title='bbox 1432 3948 1558 3997; x_wconf 83' lang='lat' dir='ltr'>illis:</span> <span class='ocrx_word' id='word_1_229' title='bbox 1593 3957 1646 3996; x_wconf 77' lang='lat' dir='ltr'>at</span> 
     </span>
     <span class='ocr_line' id='line_1_42' title="bbox 528 4016 1641 4086; baseline -0.013 -12"><span class='ocrx_word' id='word_1_230' title='bbox 528 4035 579 4075; x_wconf 76' lang='lat' dir='ltr'>tu</span> <span class='ocrx_word' id='word_1_231' title='bbox 600 4027 757 4081; x_wconf 72' lang='lat' dir='ltr'>dietis,</span> <span class='ocrx_word' id='word_1_232' title='bbox 780 4037 886 4086; x_wconf 84' lang='lat' dir='ltr'>pro,</span> <span class='ocrx_word' id='word_1_233' title='bbox 910 4019 1041 4081; x_wconf 81' lang='lat' dir='ltr'>quod</span> <span class='ocrx_word' id='word_1_234' title='bbox 1060 4017 1115 4065; x_wconf 90' lang='lat' dir='ltr'>in</span> <span class='ocrx_word' id='word_1_235' title='bbox 1138 4016 1235 4065; x_wconf 79' lang='lat' dir='ltr'>fide</span> <span class='ocrx_word' id='word_1_236' title='bbox 1258 4028 1357 4063; x_wconf 87' lang='lat' dir='ltr'>non</span> <span class='ocrx_word' id='word_1_237' title='bbox 1380 4021 1641 4063; x_wconf 81' lang='lat' dir='ltr'>manserat.</span> 
     </span>
    </p>
   </div>
   <div class='ocr_carea' id='block_1_8' title="bbox 529 4077 1221 4201">
    <p class='ocr_par' dir='ltr' id='par_1_16' title="bbox 529 4077 1221 4201">
     <span class='ocr_line' id='line_1_43' title="bbox 529 4077 1221 4195; baseline -0.02 -56"><span class='ocrx_word' id='word_1_238' title='bbox 529 4090 785 4143; x_wconf 63' lang='lat' dir='ltr'>Mondaia,</span> <span class='ocrx_word' id='word_1_239' title='bbox 810 4081 1008 4195; x_wconf 52' lang='lat' dir='ltr'>proffirie</span> <span class='ocrx_word' id='word_1_240' title='bbox 1030 4077 1221 4143; x_wconf 74' lang='lat' dir='ltr'>perfidi.</span> 
     </span>
     <span class='ocr_line' id='line_1_44' title="bbox 593 4151 866 4201; baseline -0.018 0"><span class='ocrx_word' id='word_1_241' title='bbox 593 4151 818 4201; x_wconf 71' lang='lat'><strong>616—65</strong></span> <span class='ocrx_word' id='word_1_242' title='bbox 826 4152 866 4197; x_wconf 90' lang='lat'>1.</span> 
     </span>
    </p>
   </div>
   <div class='ocr_carea' id='block_1_9' title="bbox 529 4404 879 4471">
    <p class='ocr_par' dir='ltr' id='par_1_17' title="bbox 529 4404 879 4471">
     <span class='ocr_line' id='line_1_45' title="bbox 529 4404 879 4471; baseline -0.011 -16"><span class='ocrx_word' id='word_1_243' title='bbox 529 4404 879 4471; x_wconf 80' lang='lat' dir='ltr'>accipiendum.</span> 
     </span>
    </p>
   </div>
   <div class='ocr_carea' id='block_1_10' title="bbox 527 4140 1648 4398">
    <p class='ocr_par' dir='ltr' id='par_1_18' title="bbox 527 4140 1648 4398">
     <span class='ocr_line' id='line_1_46' title="bbox 954 4140 1642 4203; baseline -0.009 -9"><span class='ocrx_word' id='word_1_244' title='bbox 954 4146 1019 4194; x_wconf 82' lang='lat' dir='ltr'>iv.</span> <span class='ocrx_word' id='word_1_245' title='bbox 1046 4144 1097 4202; x_wconf 86' lang='lat' dir='ltr'>ii,</span> <span class='ocrx_word' id='word_1_246' title='bbox 1116 4145 1147 4193; x_wconf 88' lang='grc'>9</span> <span class='ocrx_word' id='word_1_247' title='bbox 1185 4156 1255 4203; x_wconf 83' lang='lat' dir='ltr'>sq.</span> <span class='ocrx_word' id='word_1_248' title='bbox 1314 4140 1519 4189; x_wconf 83' lang='lat' dir='ltr'>Effictus</span> <span class='ocrx_word' id='word_1_249' title='bbox 1556 4155 1642 4189; x_wconf 81' lang='lat' dir='ltr'>au·-</span> 
     </span>
     <span class='ocr_line' id='line_1_47' title="bbox 529 4205 1646 4265; baseline -0.013 1"><span class='ocrx_word' id='word_1_250' title='bbox 529 4226 631 4265; x_wconf 86' lang='lat' dir='ltr'>tem</span> <span class='ocrx_word' id='word_1_251' title='bbox 649 4218 901 4265; x_wconf 82' lang='lat' dir='ltr'>Porsenna</span> <span class='ocrx_word' id='word_1_252' title='bbox 922 4220 1059 4259; x_wconf 83' lang='lat' dir='ltr'>stans</span> <span class='ocrx_word' id='word_1_253' title='bbox 1079 4207 1143 4258; x_wconf 80' lang='lat' dir='ltr'>ad</span> <span class='ocrx_word' id='word_1_254' title='bbox 1164 4205 1397 4255; x_wconf 86' lang='lat' dir='ltr'>Tiberim.</span> <span class='ocrx_word' id='word_1_255' title='bbox 1456 4206 1646 4253; x_wconf 75' lang='lat' dir='ltr'>Pontem</span> 
     </span>
     <span class='ocr_line' id='line_1_48' title="bbox 530 4267 1643 4335; baseline -0.013 -6"><span class='ocrx_word' id='word_1_256' title='bbox 530 4279 803 4335; x_wconf 80' lang='lat' dir='ltr'>sublicium,</span> <span class='ocrx_word' id='word_1_257' title='bbox 826 4274 1042 4324; x_wconf 84' lang='lat' dir='ltr'>evellens</span> <span class='ocrx_word' id='word_1_258' title='bbox 1075 4272 1235 4319; x_wconf 82' lang='lat' dir='ltr'>trabes</span> <span class='ocrx_word' id='word_1_259' title='bbox 1268 4268 1465 4319; x_wconf 84' lang='lat' dir='ltr'>sublicis</span> <span class='ocrx_word' id='word_1_260' title='bbox 1486 4267 1643 4329; x_wconf 85' lang='lat' dir='ltr'>impo-</span> 
     </span>
     <span class='ocr_line' id='line_1_49' title="bbox 527 4330 1648 4398; baseline -0.012 -6"><span class='ocrx_word' id='word_1_261' title='bbox 527 4343 659 4392; x_wconf 82' lang='lat' dir='ltr'>sitas.</span> <span class='ocrx_word' id='word_1_262' title='bbox 726 4342 901 4389; x_wconf 71' lang='lat' dir='ltr'>Vinelt&#39;e</span> <span class='ocrx_word' id='word_1_263' title='bbox 938 4340 1104 4397; x_wconf 67' lang='lat' dir='ltr'>ruptis,</span> <span class='ocrx_word' id='word_1_264' title='bbox 1129 4334 1290 4398; x_wconf 79' lang='lat' dir='ltr'>simpl.</span> <span class='ocrx_word' id='word_1_265' title='bbox 1330 4333 1391 4382; x_wconf 85' lang='lat' dir='ltr'>de</span> <span class='ocrx_word' id='word_1_266' title='bbox 1427 4330 1648 4381; x_wconf 85' lang='lat' dir='ltr'>custodia</span> 
     </span>
    </p>
   </div>
   <div class='ocr_carea' id='block_1_11' title="bbox 1699 2987 2848 4443">
    <p class='ocr_par' dir='ltr' id='par_1_19' title="bbox 1701 2987 2823 3111">
     <span class='ocr_line' id='line_1_50' title="bbox 1765 2987 2823 3052; baseline -0.004 -14"><span class='ocrx_word' id='word_1_267' title='bbox 1765 2990 1876 3038; x_wconf 84' lang='lat'>652.</span> <span class='ocrx_word' id='word_1_268' title='bbox 1913 2988 2019 3037; x_wconf 82' lang='lat' dir='ltr'>Liv.</span> <span class='ocrx_word' id='word_1_269' title='bbox 2043 3005 2090 3047; x_wconf 79' lang='lat' dir='ltr'>v,</span> <span class='ocrx_word' id='word_1_270' title='bbox 2114 2987 2192 3038; x_wconf 80' lang='lat'>47.</span> <span class='ocrx_word' id='word_1_271' title='bbox 2249 2990 2308 3035; x_wconf 71' lang='lat' dir='ltr'>In</span> <span class='ocrx_word' id='word_1_272' title='bbox 2338 3004 2506 3035; x_wconf 67' lang='lat' dir='ltr'>mm</span> <span class='ocrx_word' id='word_1_273' title='bbox 2538 3002 2640 3036; x_wconf 89' lang='lat' dir='ltr'>non</span> <span class='ocrx_word' id='word_1_274' title='bbox 2661 2988 2823 3052; x_wconf 79' lang='lat' dir='ltr'>clipei,</span> 
     </span>
     <span class='ocr_line' id='line_1_51' title="bbox 1701 3053 2445 3111; baseline -0.004 -10"><span class='ocrx_word' id='word_1_275' title='bbox 1701 3053 1788 3101; x_wconf 81' lang='lat' dir='ltr'>sed</span> <span class='ocrx_word' id='word_1_276' title='bbox 1810 3057 1860 3099; x_wconf 75' lang='lat' dir='ltr'>in</span> <span class='ocrx_word' id='word_1_277' title='bbox 1880 3070 2049 3101; x_wconf 75' lang='lat' dir='ltr'>summo</span> <span class='ocrx_word' id='word_1_278' title='bbox 2070 3055 2194 3099; x_wconf 74' lang='lat' dir='ltr'>arcis</span> <span class='ocrx_word' id='word_1_279' title='bbox 2221 3054 2445 3111; x_wconf 75' lang='lat' dir='ltr'>Tarpeiae.</span> 
     </span>
    </p>

    <p class='ocr_par' dir='ltr' id='par_1_20' title="bbox 1699 3113 2836 3803">
     <span class='ocr_line' id='line_1_52' title="bbox 1763 3113 2822 3180; baseline 0 -17"><span class='ocrx_word' id='word_1_280' title='bbox 1763 3118 1874 3164; x_wconf 77' lang='lat'>654.</span> <span class='ocrx_word' id='word_1_281' title='bbox 1911 3116 2174 3164; x_wconf 85' lang='lat' dir='ltr'>Visebatur</span> <span class='ocrx_word' id='word_1_282' title='bbox 2186 3130 2334 3180; x_wconf 87' lang='lat' dir='ltr'>porro</span> <span class='ocrx_word' id='word_1_283' title='bbox 2351 3114 2402 3161; x_wconf 90' lang='lat' dir='ltr'>in</span> <span class='ocrx_word' id='word_1_284' title='bbox 2416 3113 2676 3177; x_wconf 86' lang='lat' dir='ltr'>Capitolio,</span> <span class='ocrx_word' id='word_1_285' title='bbox 2691 3130 2822 3179; x_wconf 76' lang='lat' dir='ltr'>prae-</span> 
     </span>
     <span class='ocr_line' id='line_1_53' title="bbox 1699 3178 2824 3245; baseline -0.002 -16"><span class='ocrx_word' id='word_1_286' title='bbox 1699 3190 1776 3229; x_wconf 75' lang='lat' dir='ltr'>ter</span> <span class='ocrx_word' id='word_1_287' title='bbox 1811 3180 2063 3245; x_wconf 79' lang='lat' dir='ltr'>templum,</span> <span class='ocrx_word' id='word_1_288' title='bbox 2103 3195 2217 3227; x_wconf 83' lang='lat' dir='ltr'>casa</span> <span class='ocrx_word' id='word_1_289' title='bbox 2247 3178 2434 3227; x_wconf 87' lang='lat' dir='ltr'>recenti</span> <span class='ocrx_word' id='word_1_290' title='bbox 2471 3178 2634 3227; x_wconf 82' lang='lat' dir='ltr'>culmo</span> <span class='ocrx_word' id='word_1_291' title='bbox 2674 3187 2824 3236; x_wconf 73' lang='lat' dir='ltr'>tecta,</span> 
     </span>
     <span class='ocr_line' id='line_1_54' title="bbox 1700 3241 2823 3306; baseline -0.001 -14"><span class='ocrx_word' id='word_1_292' title='bbox 1700 3244 1838 3306; x_wconf 76' lang='lat' dir='ltr'>regia</span> <span class='ocrx_word' id='word_1_293' title='bbox 1859 3242 2059 3292; x_wconf 88' lang='lat' dir='ltr'>Romuli</span> <span class='ocrx_word' id='word_1_294' title='bbox 2078 3241 2222 3291; x_wconf 83' lang='lat' dir='ltr'>dicta.</span> <span class='ocrx_word' id='word_1_295' title='bbox 2278 3244 2376 3290; x_wconf 86' lang='lat' dir='ltr'>Pro</span> <span class='ocrx_word' id='word_1_296' title='bbox 2395 3249 2500 3290; x_wconf 76' lang='lat' dir='ltr'>erat</span> <span class='ocrx_word' id='word_1_297' title='bbox 2521 3252 2692 3291; x_wconf 85' lang='lat' dir='ltr'>ornate</span> <span class='ocrx_word' id='word_1_298' title='bbox 2717 3246 2823 3291; x_wconf 65' lang='lat' dir='ltr'>hor-</span> 
     </span>
     <span class='ocr_line' id='line_1_55' title="bbox 1701 3306 2822 3369; baseline -0.002 -14"><span class='ocrx_word' id='word_1_299' title='bbox 1701 3312 1847 3357; x_wconf 79' lang='lat' dir='ltr'>rebat.</span> <span class='ocrx_word' id='word_1_300' title='bbox 1907 3308 2061 3356; x_wconf 87' lang='lat' dir='ltr'>Totus</span> <span class='ocrx_word' id='word_1_301' title='bbox 2095 3306 2176 3353; x_wconf 87' lang='lat' dir='ltr'>hic</span> <span class='ocrx_word' id='word_1_302' title='bbox 2200 3321 2369 3355; x_wconf 79' lang='lat' dir='ltr'>versus</span> <span class='ocrx_word' id='word_1_303' title='bbox 2401 3306 2686 3369; x_wconf 88' lang='lat' dir='ltr'>scrupulum</span> <span class='ocrx_word' id='word_1_304' title='bbox 2709 3306 2822 3367; x_wconf 69' lang='lat' dir='ltr'>inji-</span> 
     </span>
     <span class='ocr_line' id='line_1_56' title="bbox 1701 3368 2822 3432; baseline 0 -13"><span class='ocrx_word' id='word_1_305' title='bbox 1701 3371 1784 3419; x_wconf 86' lang='lat' dir='ltr'>cit.</span> <span class='ocrx_word' id='word_1_306' title='bbox 1853 3370 2050 3419; x_wconf 86' lang='lat' dir='ltr'>Romuli</span> <span class='ocrx_word' id='word_1_307' title='bbox 2085 3385 2246 3418; x_wconf 83' lang='lat' dir='ltr'>casam</span> <span class='ocrx_word' id='word_1_308' title='bbox 2289 3369 2344 3417; x_wconf 88' lang='lat' dir='ltr'>in</span> <span class='ocrx_word' id='word_1_309' title='bbox 2384 3368 2631 3432; x_wconf 84' lang='lat' dir='ltr'>Capitolio</span> <span class='ocrx_word' id='word_1_310' title='bbox 2670 3370 2822 3419; x_wconf 79' lang='lat' dir='ltr'>fuisse</span> 
     </span>
     <span class='ocr_line' id='line_1_57' title="bbox 1703 3432 2826 3495; baseline 0.001 -13"><span class='ocrx_word' id='word_1_311' title='bbox 1703 3450 1848 3484; x_wconf 85' lang='lat' dir='ltr'>nemo</span> <span class='ocrx_word' id='word_1_312' title='bbox 1881 3434 2084 3483; x_wconf 86' lang='lat' dir='ltr'>dubitet.</span> <span class='ocrx_word' id='word_1_313' title='bbox 2139 3432 2240 3481; x_wconf 86' lang='lat' dir='ltr'>Sed</span> <span class='ocrx_word' id='word_1_314' title='bbox 2270 3432 2572 3483; x_wconf 85' lang='lat' dir='ltr'>mentionem</span> <span class='ocrx_word' id='word_1_315' title='bbox 2603 3436 2712 3495; x_wconf 84' lang='lat' dir='ltr'>ejus</span> <span class='ocrx_word' id='word_1_316' title='bbox 2745 3434 2826 3483; x_wconf 78' lang='lat' dir='ltr'>hic</span> 
     </span>
     <span class='ocr_line' id='line_1_58' title="bbox 1707 3497 2828 3559; baseline 0 -12"><span class='ocrx_word' id='word_1_317' title='bbox 1707 3498 1886 3547; x_wconf 81' lang='lat' dir='ltr'>factam</span> <span class='ocrx_word' id='word_1_318' title='bbox 1903 3498 2040 3547; x_wconf 85' lang='lat' dir='ltr'>vides</span> <span class='ocrx_word' id='word_1_319' title='bbox 2058 3508 2156 3545; x_wconf 82' lang='lat' dir='ltr'>tam</span> <span class='ocrx_word' id='word_1_320' title='bbox 2179 3497 2474 3559; x_wconf 85' lang='lat' dir='ltr'>importune,</span> <span class='ocrx_word' id='word_1_321' title='bbox 2497 3506 2554 3545; x_wconf 86' lang='lat' dir='ltr'>ut</span> <span class='ocrx_word' id='word_1_322' title='bbox 2575 3497 2700 3546; x_wconf 87' lang='lat' dir='ltr'>nihil</span> <span class='ocrx_word' id='word_1_323' title='bbox 2723 3514 2828 3547; x_wconf 72' lang='lat' dir='ltr'>ms-</span> 
     </span>
     <span class='ocr_line' id='line_1_59' title="bbox 1709 3562 2836 3625; baseline -0.002 -14"><span class='ocrx_word' id='word_1_324' title='bbox 1709 3562 1814 3625; x_wconf 82' lang='lat' dir='ltr'>gis;</span> <span class='ocrx_word' id='word_1_325' title='bbox 1863 3578 1978 3611; x_wconf 82' lang='lat' dir='ltr'>nam</span> <span class='ocrx_word' id='word_1_326' title='bbox 2025 3577 2115 3610; x_wconf 85' lang='lat' dir='ltr'>nec</span> <span class='ocrx_word' id='word_1_327' title='bbox 2160 3569 2404 3609; x_wconf 79' lang='lat' dir='ltr'>structura</span> <span class='ocrx_word' id='word_1_328' title='bbox 2447 3576 2539 3609; x_wconf 85' lang='lat' dir='ltr'>nec</span> <span class='ocrx_word' id='word_1_329' title='bbox 2583 3562 2836 3611; x_wconf 72' lang='lat' dir='ltr'>sententia</span> 
     </span>
     <span class='ocr_line' id='line_1_60' title="bbox 1711 3624 2834 3675; baseline -0.001 -1"><span class='ocrx_word' id='word_1_330' title='bbox 1711 3626 1811 3674; x_wconf 84' lang='lat' dir='ltr'>ullo</span> <span class='ocrx_word' id='word_1_331' title='bbox 1845 3642 1959 3675; x_wconf 85' lang='lat' dir='ltr'>eum</span> <span class='ocrx_word' id='word_1_332' title='bbox 1992 3640 2187 3675; x_wconf 86' lang='lat' dir='ltr'>versum</span> <span class='ocrx_word' id='word_1_333' title='bbox 2211 3624 2405 3673; x_wconf 81' lang='lat' dir='ltr'>vinculo</span> <span class='ocrx_word' id='word_1_334' title='bbox 2443 3640 2552 3673; x_wconf 87' lang='lat' dir='ltr'>com</span> <span class='ocrx_word' id='word_1_335' title='bbox 2587 3626 2834 3674; x_wconf 82' lang='lat' dir='ltr'>rehendit.</span> 
     </span>
     <span class='ocr_line' id='line_1_61' title="bbox 1712 3688 2835 3801; baseline 0.002 -64"><span class='ocrx_word' id='word_1_336' title='bbox 1712 3690 1946 3801; x_wconf 52' lang='lat' dir='ltr'>Algenum</span> <span class='ocrx_word' id='word_1_337' title='bbox 1959 3690 2123 3752; x_wconf 84' lang='lat' dir='ltr'>itaque</span> <span class='ocrx_word' id='word_1_338' title='bbox 2146 3696 2198 3736; x_wconf 79' lang='lat' dir='ltr'>et</span> <span class='ocrx_word' id='word_1_339' title='bbox 2215 3688 2343 3737; x_wconf 79' lang='lat' dir='ltr'>mala</span> <span class='ocrx_word' id='word_1_340' title='bbox 2355 3688 2532 3737; x_wconf 84' lang='lat' dir='ltr'>manui</span> <span class='ocrx_word' id='word_1_341' title='bbox 2573 3698 2711 3739; x_wconf 75' lang='lat' dir='ltr'>amm</span> <span class='ocrx_word' id='word_1_342' title='bbox 2725 3704 2835 3739; x_wconf 77' lang='lat' dir='ltr'>esse</span> 
     </span>
     <span class='ocr_line' id='line_1_62' title="bbox 1711 3762 1932 3803; baseline -0.009 0"><span class='ocrx_word' id='word_1_343' title='bbox 1711 3768 1766 3803; x_wconf 75' lang='lat' dir='ltr'>ar</span> <span class='ocrx_word' id='word_1_344' title='bbox 1798 3762 1932 3801; x_wconf 65' lang='grc' dir='ltr'><strong>ιιι-οι.</strong></span> 
     </span>
    </p>

    <p class='ocr_par' dir='ltr' id='par_1_21' title="bbox 1709 3816 2848 4388">
     <span class='ocr_line' id='line_1_63' title="bbox 1777 3816 2840 3890; baseline 0 -25"><span class='ocrx_word' id='word_1_345' title='bbox 1777 3818 2050 3865; x_wconf 81' lang='lat'>655-658.</span> <span class='ocrx_word' id='word_1_346' title='bbox 2069 3817 2193 3872; x_wconf 81' lang='lat' dir='ltr'>Quae</span> <span class='ocrx_word' id='word_1_347' title='bbox 2205 3824 2488 3890; x_wconf 81' lang='lat' dir='ltr'>sequuntur,</span> <span class='ocrx_word' id='word_1_348' title='bbox 2497 3816 2694 3880; x_wconf 74' lang='lat' dir='ltr'>poefiea</span> <span class='ocrx_word' id='word_1_349' title='bbox 2705 3826 2840 3873; x_wconf 79' lang='lat' dir='ltr'>sum.</span> 
     </span>
     <span class='ocr_line' id='line_1_64' title="bbox 1711 3880 2840 3943; baseline -0.001 -14"><span class='ocrx_word' id='word_1_350' title='bbox 1711 3895 1809 3929; x_wconf 90' lang='lat' dir='ltr'>non</span> <span class='ocrx_word' id='word_1_351' title='bbox 1829 3897 1938 3943; x_wconf 83' lang='lat' dir='ltr'>quae</span> <span class='ocrx_word' id='word_1_352' title='bbox 1952 3880 2094 3929; x_wconf 78' lang='lat' dir='ltr'>facile</span> <span class='ocrx_word' id='word_1_353' title='bbox 2112 3881 2174 3928; x_wconf 83' lang='lat' dir='ltr'>ab</span> <span class='ocrx_word' id='word_1_354' title='bbox 2187 3880 2374 3929; x_wconf 68' lang='lat' dir='ltr'>artifice</span> <span class='ocrx_word' id='word_1_355' title='bbox 2387 3880 2440 3927; x_wconf 88' lang='lat' dir='ltr'>in</span> <span class='ocrx_word' id='word_1_356' title='bbox 2457 3880 2658 3928; x_wconf 78' lang='lat' dir='ltr'>metallo</span> <span class='ocrx_word' id='word_1_357' title='bbox 2671 3880 2840 3943; x_wconf 77' lang='lat' dir='ltr'>effingi</span> 
     </span>
     <span class='ocr_line' id='line_1_65' title="bbox 1709 3942 2838 4009; baseline 0.001 -17"><span class='ocrx_word' id='word_1_358' title='bbox 1709 3952 1990 4009; x_wconf 78' lang='lat' dir='ltr'>potuerunt.</span> <span class='ocrx_word' id='word_1_359' title='bbox 2054 3944 2182 3992; x_wconf 87' lang='lat' dir='ltr'>Tum</span> <span class='ocrx_word' id='word_1_360' title='bbox 2213 3958 2357 3991; x_wconf 77' lang='lat' dir='ltr'>atiser</span> <span class='ocrx_word' id='word_1_361' title='bbox 2382 3942 2592 3991; x_wconf 83' lang='lat' dir='ltr'>volitans</span> <span class='ocrx_word' id='word_1_362' title='bbox 2623 3945 2688 3993; x_wconf 82' lang='lat' dir='ltr'>ad</span> <span class='ocrx_word' id='word_1_363' title='bbox 2719 3960 2838 3993; x_wconf 77' lang='lat' dir='ltr'>nos-</span> 
     </span>
     <span class='ocr_line' id='line_1_66' title="bbox 1710 4006 2842 4071; baseline 0 -14"><span class='ocrx_word' id='word_1_364' title='bbox 1710 4018 1842 4057; x_wconf 85' lang='lat' dir='ltr'>trum</span> <span class='ocrx_word' id='word_1_365' title='bbox 1863 4023 2061 4057; x_wconf 83' lang='lat' dir='ltr'>sensum</span> <span class='ocrx_word' id='word_1_366' title='bbox 2083 4006 2343 4071; x_wconf 84' lang='lat' dir='ltr'>displicere</span> <span class='ocrx_word' id='word_1_367' title='bbox 2362 4015 2552 4071; x_wconf 78' lang='lat' dir='ltr'>potest3</span> <span class='ocrx_word' id='word_1_368' title='bbox 2587 4007 2716 4057; x_wconf 74' lang='lat' dir='ltr'>forte</span> <span class='ocrx_word' id='word_1_369' title='bbox 2739 4024 2842 4057; x_wconf 82' lang='lat' dir='ltr'>non</span> 
     </span>
     <span class='ocr_line' id='line_1_67' title="bbox 1711 4073 2842 4134; baseline 0 -13"><span class='ocrx_word' id='word_1_370' title='bbox 1711 4088 1848 4134; x_wconf 79' lang='lat' dir='ltr'>oeque</span> <span class='ocrx_word' id='word_1_371' title='bbox 1873 4073 1936 4121; x_wconf 84' lang='lat' dir='ltr'>ad</span> <span class='ocrx_word' id='word_1_372' title='bbox 1970 4073 2304 4121; x_wconf 86' lang='lat' dir='ltr'>Romanorum</span> <span class='ocrx_word' id='word_1_373' title='bbox 2337 4086 2524 4121; x_wconf 79' lang='lat' dir='ltr'>sensus.</span> <span class='ocrx_word' id='word_1_374' title='bbox 2587 4074 2842 4129; x_wconf 61' lang='lat' dir='ltr'>Tenebat,</span> 
     </span>
     <span class='ocr_line' id='line_1_68' title="bbox 1713 4134 2846 4199; baseline 0 -15"><span class='ocrx_word' id='word_1_375' title='bbox 1713 4135 1774 4184; x_wconf 86' lang='lat' dir='ltr'>de</span> <span class='ocrx_word' id='word_1_376' title='bbox 1802 4146 1996 4195; x_wconf 84' lang='lat' dir='ltr'>conatu,</span> <span class='ocrx_word' id='word_1_377' title='bbox 2019 4144 2076 4184; x_wconf 87' lang='lat' dir='ltr'>ut</span> <span class='ocrx_word' id='word_1_378' title='bbox 2108 4151 2266 4199; x_wconf 81' lang='lat' dir='ltr'>saepe:</span> <span class='ocrx_word' id='word_1_379' title='bbox 2296 4138 2402 4197; x_wconf 82' lang='lat' dir='ltr'>jam</span> <span class='ocrx_word' id='word_1_380' title='bbox 2425 4134 2480 4184; x_wconf 93' lang='lat' dir='ltr'>in</span> <span class='ocrx_word' id='word_1_381' title='bbox 2511 4152 2572 4185; x_wconf 87' lang='lat' dir='ltr'>eo</span> <span class='ocrx_word' id='word_1_382' title='bbox 2603 4146 2762 4193; x_wconf 76' lang='lat' dir='ltr'>erant,</span> <span class='ocrx_word' id='word_1_383' title='bbox 2790 4148 2846 4185; x_wconf 86' lang='lat' dir='ltr'>ut</span> 
     </span>
     <span class='ocr_line' id='line_1_69' title="bbox 1712 4200 2848 4274; baseline -0.001 -26"><span class='ocrx_word' id='word_1_384' title='bbox 1712 4209 1952 4274; x_wconf 76' lang='lat' dir='ltr'>tenerent.</span> <span class='ocrx_word' id='word_1_385' title='bbox 2021 4204 2088 4249; x_wconf 77' lang='lat' dir='ltr'>Et</span> <span class='ocrx_word' id='word_1_386' title='bbox 2131 4202 2244 4249; x_wconf 77' lang='lat' dir='ltr'>dono</span> <span class='ocrx_word' id='word_1_387' title='bbox 2286 4203 2432 4249; x_wconf 71' lang='lat' dir='ltr'>noctis</span> <span class='ocrx_word' id='word_1_388' title='bbox 2475 4216 2630 4261; x_wconf 77' lang='lat' dir='ltr'>opacae</span> <span class='ocrx_word' id='word_1_389' title='bbox 2673 4200 2848 4263; x_wconf 68' lang='lat' dir='ltr'>paullo</span> 
     </span>
     <span class='ocr_line' id='line_1_70' title="bbox 1711 4262 2842 4327; baseline -0.001 -15"><span class='ocrx_word' id='word_1_390' title='bbox 1711 4266 1916 4316; x_wconf 73' lang='lat' dir='ltr'>otiosius</span> <span class='ocrx_word' id='word_1_391' title='bbox 1933 4265 2180 4327; x_wconf 65' lang='lat' dir='ltr'>adiectum</span> <span class='ocrx_word' id='word_1_392' title='bbox 2198 4264 2404 4313; x_wconf 81' lang='lat' dir='ltr'>videtur.</span> <span class='ocrx_word' id='word_1_393' title='bbox 2459 4266 2590 4313; x_wconf 73' lang='lat' dir='ltr'>Dm</span> <span class='ocrx_word' id='word_1_394' title='bbox 2611 4262 2662 4312; x_wconf 82' lang='lat' dir='ltr'>h.</span> <span class='ocrx_word' id='word_1_395' title='bbox 2685 4264 2842 4313; x_wconf 77' lang='lat' dir='ltr'>bene-</span> 
     </span>
     <span class='ocr_line' id='line_1_71' title="bbox 1713 4330 2081 4388; baseline -0.008 -9"><span class='ocrx_word' id='word_1_396' title='bbox 1713 4330 1841 4388; x_wconf 78' lang='lat' dir='ltr'>ficio,</span> <span class='ocrx_word' id='word_1_397' title='bbox 1863 4344 2081 4379; x_wconf 84' lang='lat' dir='ltr'>munere.</span> 
     </span>
    </p>

    <p class='ocr_par' dir='ltr' id='par_1_22' title="bbox 1775 4390 2845 4443">
     <span class='ocr_line' id='line_1_72' title="bbox 1775 4390 2845 4443; baseline -0.004 -2"><span class='ocrx_word' id='word_1_398' title='bbox 1775 4394 2048 4443; x_wconf 81' lang='lat'>659—662.</span> <span class='ocrx_word' id='word_1_399' title='bbox 2085 4391 2301 4441; x_wconf 82' lang='lat' dir='ltr'>Habitus</span> <span class='ocrx_word' id='word_1_400' title='bbox 2322 4390 2576 4441; x_wconf 78' lang='lat' dir='ltr'>Gallonnn</span> <span class='ocrx_word' id='word_1_401' title='bbox 2595 4392 2724 4441; x_wconf 81' lang='lat' dir='ltr'>bene</span> <span class='ocrx_word' id='word_1_402' title='bbox 2757 4404 2845 4438; x_wconf 79' lang='lat' dir='ltr'>ex-</span> 
     </span>
    </p>
   </div>
  </div>
 </body>
</html>
