3050 4934
1164 234 1506 300 LIBER
1555 235 1689 300 XI.

440 382 770 449 Succedat
798 405 1039 468 pugnae
1067 383 1527 469 Trojanosque
1555 397 1778 452 arceat
1807 386 1990 450 urbe.

440 482 721 568 Jamque
752 484 915 550 vale.
992 484 1199 550 Simul
1225 485 1328 550 his
1358 486 1550 552 dictis
1579 485 1917 571 linquebat
1944 487 2262 564 habenas,

441 582 555 650 Ad
585 596 827 650 terram
854 608 986 650 non
1014 596 1249 671 sponte
1278 587 1511 652 fluens.
1591 587 1768 652 Tum
1796 586 2034 672 frigida
2061 598 2206 653 toto

442 684 785 751 Paullatim
813 687 1091 752 exsolvit
1118 711 1189 752 se
1216 711 1517 774 corpore,
1547 688 1852 773 lentaque
1881 687 2050 754 colla

264 785 397 850 830
442 786 536 851 Et
565 798 829 872 captum
857 788 1038 854 letho
1064 791 1287 874 posuit
1314 801 1536 874 caput,
1567 812 1746 854 arma
1775 789 2145 875 relinquens
2162 817 2184 870 ς

441 886 727 974 Vitaque
758 911 905 954 cum
934 890 1181 974 gemitu
1208 889 1378 974 fugit
1406 891 1743 975 indignata
1773 894 1898 956 sub
1926 893 2213 957 umbras.

441 988 617 1054 Tum
648 1013 802 1055 vero
830 991 1181 1056 immensus
1210 1011 1485 1075 surgens
1515 990 1668 1056 ferit
1697 1015 1900 1057 aurea
1925 991 2168 1058 clamor

440 1091 711 1170 Sidera3
758 1092 1016 1177 dejecta
1042 1092 1373 1158 crudescit
1401 1115 1624 1178 pugna
1654 1093 1962 1172 Camilla3

442 1191 795 1258 Incurrunt
822 1192 1012 1258 densi
1040 1193 1231 1258 simul
1260 1195 1467 1260 omnis
1496 1196 1688 1280 copia
1717 1194 2074 1273 Teucrum,

264 1293 396 1359 835
435 1293 895 1379 Tyrrhenique
926 1295 1155 1372 duces,
1188 1295 1613 1380 Evandrique
1643 1295 1942 1362 Arcades
1973 1295 2114 1361 alas.

534 1393 633 1460 At
659 1394 905 1460 Triviae
932 1406 1155 1462 custos
1175 1396 1315 1480 jam
1342 1396 1596 1461 dudum
1621 1398 1690 1462 in
1715 1397 2044 1462 montibus
2077 1397 2248 1482 Opis

446 1494 609 1560 Alta
637 1497 826 1561 sedet
856 1497 1143 1574 summis,
1176 1507 1561 1582 spectatque
1591 1499 1886 1564 interrita
1915 1521 2192 1584 pugnas.

445 1596 671 1681 thue
701 1597 933 1682 procul
960 1598 1175 1663 medio
1194 1599 1509 1683 juvenum
1537 1600 1606 1664 in
1635 1598 1912 1665 clamore
1943 1598 2274 1664 furentum

443 1695 799 1784 Prospexit
822 1699 995 1764 tristi
1022 1697 1357 1764 multatam
1384 1711 1594 1765 morte
1624 1699 1990 1780 Camillam

266 1798 400 1863 840
442 1797 919 1885 Ingemuitque‚
954 1801 1267 1885 deditque
1297 1801 1417 1866 has
1448 1802 1577 1867 imo
1605 1813 1875 1886 pectore
1901 1823 2132 1867 voces:

441 1899 599 1966 Heu
626 1903 911 1978 nimium,
944 1903 1152 1987 virgo,
1182 1903 1445 1968 nimium
1474 1903 1740 1968 crudele
1771 1902 1950 1968 luisti

441 2001 867 2087 Supplicium,
898 2002 1199 2070 Teucros
1228 2013 1463 2069 conata
1489 2003 1814 2070 lacessere
1843 2001 2054 2069 bello!

439 2103 587 2170 Nec
618 2105 739 2169 tibi
766 2103 1047 2168 desertoe
1075 2103 1143 2168 in
1170 2104 1383 2168 dumis
1414 2104 1692 2169 coluisse
1724 2104 2006 2168 Dianam

440 2203 721 2281 Profuit,
754 2213 865 2268 aut
890 2214 1148 2268 nostras
1178 2204 1451 2269 humero
1479 2206 1764 2289 gessisse
1794 2205 2164 2291 pharetras.

266 2305 398 2369 845
441 2305 597 2370 Non
628 2315 845 2370 tamen
874 2305 1245 2369 indecorem
1274 2315 1389 2369 tua
1418 2315 1483 2370 te
1514 2309 1742 2391 regina
1766 2306 2029 2391 reliquit

446 2406 765 2472 Extrema
783 2406 921 2491 jam
950 2406 1017 2469 in
1046 2415 1291 2483 morte3
1336 2427 1551 2490 neque
1580 2407 1708 2472 hoc
1739 2409 1876 2472 sine
1905 2409 2164 2472 nomine
2191 2406 2440 2474 lethum

446 2507 578 2572 Per
607 2519 836 2593 gentes
868 2507 1029 2586 erit;
1072 2517 1189 2572 aut
1216 2505 1451 2572 famam
1478 2508 1746 2593 patieris
1776 2506 2021 2573 inultoe.

443 2609 619 2674 Nam
648 2611 1037 2694 quicumque
1066 2621 1249 2674 tuum
1276 2608 1538 2674 violavit
1565 2608 1833 2674 vulnere
1861 2631 2126 2694 corpus,

446 2710 668 2776 Morte
698 2711 836 2776 luet
860 2712 1112 2777 merita.
1188 2709 1341 2775 Fuit
1369 2711 1600 2794 ingens
1631 2721 1850 2776 monte
1881 2711 2006 2776 sub
2037 2710 2170 2776 alto

270 2813 403 2877 850
446 2811 653 2897 Regis
685 2813 1021 2877 Dercenni
1052 2823 1313 2878 terreno
1342 2833 1427 2876 ex
1456 2833 1698 2896 aggere
1726 2813 1994 2877 bustum

442 2912 719 2998 Antiqui
750 2912 1123 2990 Laurentis,
1156 2935 1489 2998 opacaque
1518 2911 1662 2978 ilice
1693 2924 1972 2992 tectum3

443 3016 575 3081 Hic
597 3017 725 3081 dea
754 3037 825 3080 se
854 3016 1129 3100 primum
1158 3015 1391 3100 rapido
1418 3014 1856 3099 pulcherrima
1883 3016 2030 3081 nisu

444 3117 654 3194 Sistit,
686 3127 754 3181 et
783 3115 1142 3181 Arruntem
1172 3114 1419 3181 tumulo
1451 3116 1827 3200 speculatur
1853 3118 1938 3181 ab
1968 3116 2120 3182 alto·

447 3218 543 3284 Ut
573 3219 733 3284 vidit
761 3217 1119 3304 fulgentem
1150 3217 1365 3293 armis,
1398 3239 1471 3282 ac
1502 3239 1669 3281 vana
1695 3227 2083 3282 tumentem:

270 3444 363 3494 cile
406 3443 740 3507 unusquisque
784 3442 1003 3500 miretur,
1045 3457 1153 3516 quae
1196 3440 1249 3516 in
1293 3438 1401 3505 ipsa

274 3519 431 3558 morte
451 3523 555 3557 non
574 3509 637 3558 de
673 3523 763 3558 sua
784 3507 872 3556 sed
905 3507 969 3556 de
1002 3506 1285 3569 reipublice
1318 3521 1397 3554 sa-

271 3575 377 3623 lute
396 3573 592 3636 cogitat.

336 3639 609 3687 829—334.
644 3639 853 3686 Exolvit
882 3653 945 3685 u.
1002 3634 1207 3699 Proprie
1236 3633 1402 3684 anima

271 3717 299 3752 c
512 3701 700 3752 exsolvi
734 3701 926 3750 dicitur.
984 3701 1171 3748 Tamen
1207 3707 1259 3748 et
1292 3715 1398 3763 sup.

270 3767 336 3826 iv,
394 3769 471 3826 0³,
498 3775 628 3829 teque
650 3771 738 3816 isto
758 3781 943 3828 corpore
973 3767 1122 3814 solvo.-
1162 3763 1257 3812 Iris
1279 3762 1398 3812 allo-

269 3841 383 3881 cuta
400 3831 647 3882 Didonem
664 3829 1017 3879 moribundam.
1070 3831 1265 3890 Captum
1283 3830 1402 3876 letho

270 3905 423 3959 caput,
446 3897 495 3945 h.
518 3896 717 3972 victum,
742 3895 959 3958 adeoque
978 3894 1230 3970 languens.
1291 3895 1397 3940 On-

272 3964 490 4075 nbssgogb
530 3967 1240 4088 ‘xs‘e‘qlulissiiruiiggcexgprgtgtlod
1261 4037 1399 4070 man-

272 4091 439 4139 datum
462 4100 568 4138 erat
584 4105 611 4138 a
634 4089 797 4137 Diana
812 4104 919 4152 sup.
944 4105 989 4136 v.
1015 4087 1108 4138 587
1130 4103 1231 4150 sqq.
1286 4089 1400 4135 Cus-

276 4163 357 4212 εοσ,
384 4153 561 4204 Dianae
592 4169 771 4212 comes,
807 4153 1002 4210 sumnila,
1036 4161 1095 4201 ut
1112 4151 1195 4200 lib.
1220 4168 1266 4208 v,
1293 4151 1403 4209 546,

278 4219 517 4285 Epitydes
551 4227 701 4268 cutm
734 4235 961 4282 comaque
1002 4215 1127 4272 1u1i;
1162 4215 1264 4272 viii,
1288 4215 1400 4274 2⁷0,

276 4287 431 4334 doum
452 4287 677 4334 Heu-eale!
692 4291 841 4334 eustos
860 4285 1059 4332 Pinaria
1076 4284 1215 4339 sacri,
1238 4280 1303 4328 de
1324 4295 1401 4329 w

278 4365 305 4398 c
347 4415 458 4464 84³.
474 4383 704 4464 ‘Demea
720 4417 771 4462 ἆυ
786 4415 937 4462 δικαία
955 4408 1209 4460 venustius
1230 4423 1293 4456 ex
1314 4423 1403 4474 po-

1465 3440 1592 3554 ⁸3³⁶?
1619 3440 1806 3489 ratione
1842 3455 2003 3503 quam,
2027 3439 2078 3488 in
2105 3439 2266 3490 dumis
2295 3440 2517 3500 desertis,
2541 3443 2589 3492 h.

1464 3521 1507 3553 ιι
1526 3520 1617 3554 vis.

1531 3569 1642 3617 846.
1679 3569 1795 3617 Non
1808 3569 1904 3618 erit
1917 3569 2010 3616 boc
2032 3568 2220 3616 lethum
2249 3568 2480 3630 ignobile,
2499 3584 2592 3618 nee

1464 3632 1667 3682 habebi·
1674 3632 1855 3694 fam
1871 3636 2048 3690 insulta,
2067 3631 2399 3695 ignominiam,
2419 3633 2467 3681 h.
2493 3647 2592 3682 non

1466 3697 1690 3746 morieris
1705 3695 1891 3752 inultm
1929 3695 2028 3746 no'n
2045 3695 2321 3746 narrabitur
2341 3697 2404 3746 de
2425 3707 2490 3756 te,
2512 3707 2590 3746 tu-

1464 3761 1582 3812 line
1626 3777 1740 3810 eum
1776 3761 1980 3826 impune
2001 3761 2088 3823 qui
2109 3769 2158 3810 te
2190 3760 2452 3810 interemit.
2511 3761 2596 3810 rit

1464 3828 1558 3876 hoc
1581 3841 1647 3875 ex
1669 3825 1844 3874 Dianae
1863 3826 2106 3874 mandato.

1533 3892 1806 3940 849—851.
1841 3890 2164 3940 'tumulorum
2181 3889 2274 3938 hoc
2291 3903 2446 3954 genus
2465 3889 2593 3939 anti·

1466 3955 1754 4020 quissimum
1769 3969 1832 4004 ex
1848 3965 2046 4019 aggesta
2061 3954 2114 4002 in
2131 3953 2269 4003 collis
2287 3953 2596 4004 altitudinem

1466 4023 1632 4079 humo,
1655 4019 1788 4085 apud
1822 4035 1991 4068 omnes
2025 4019 2128 4068 fere
2149 4027 2341 4068 veteres
2473 4017 2606 4068 ulos..

1470 4085 1768 4151 Exemplum
1787 4084 1934 4134 etiam
1969 4084 2102 4148 apud
2139 4084 2416 4132 Homerum
2480 4082 2594 4132 lind.

1468 4169 1515 4210 η,
1541 4152 1604 4199 86
1624 4167 1724 4214 sqq.
1749 4153 1799 4208 β,
1825 4149 1935 4207 608,
1959 4153 2010 4211 ψ,
2035 4150 2130 4196 245
2166 4162 2236 4210 sq.
2295 4147 2444 4195 Nunc
2473 4145 2596 4194 illud

1466 4215 1838 4272 observandum,
1885 4213 2014 4276 quod
2053 4213 2328 4275 quercubus
2381 4209 2598 4260 consitus

1470 4287 1558 4328 est.
1614 4279 1804 4342 Regem
1829 4279 2144 4328 Dercennum
2166 4275 2364 4324 aliunde
2385 4289 2484 4324 non
2507 4290 2594 4325 no-

1470 4357 1645 4392 vimus.

1539 4406 1812 4459 864—857.
1841 4408 1974 4456 Vana
1995 4403 2406 4469 nmmstor')
2425 4403 2601 4454 haam

1406 4475 1483 4519 41
