3050 4934
1144 267 1483 333 LIBER
1528 268 1666 333 XI.

435 416 615 482 Ante
646 418 867 483 oculos
896 418 1195 503 interque
1224 440 1453 483 manus
1483 429 1637 483 sunt
1666 418 1877 482 omnia
1905 428 2178 483 vestras.

438 517 585 583 Nec
614 542 1003 604 quemquam
1030 521 1276 584 incuso.
1355 518 1581 584 Potuit
1610 528 1768 603 quae'
1787 518 2064 604 plurima
2092 519 2298 583 virtus

438 618 635 696 Esse,
666 618 808 684 fuit.
884 620 1063 683 Toto
1092 630 1407 684 certatum
1438 631 1542 684 est
1571 642 1844 704 corpore
1875 621 2080 704 regni.

439 719 637 783 Nunc
667 721 858 797 adeo,
888 743 1037 805 quae
1068 722 1153 785 sit
1180 721 1399 785 dubiae
1430 722 1754 785 sententia
1777 722 2002 796 menti,

267 819 397 883 315
439 819 833 905 Expediam,
863 832 932 885 et
958 822 1184 906 paucis
1218 821 1489 902 (animos
1520 820 1858 903 adhibete)
1885 822 2162 885 docebo·

443 919 571 995 Est
599 924 903 1006 antiquus
933 943 1092 1005 ager
1119 921 1346 985 Tusco
1374 921 1531 984 mihi
1561 922 1896 1005 proximus
1927 924 2122 997 amni,

444 1020 740 1105 LonguS,
771 1022 839 1085 in
870 1044 1191 1098 occasum,
1221 1022 1385 1085 fines
1418 1043 1619 1105 super
1642 1044 1849 1105 usque
1881 1022 2188 1099 Sicanos3

444 1120 741 1187 Aurunci
772 1122 1133 1207 Rutulique
1160 1134 1408 1198 serunt,
1438 1132 1506 1187 et
1533 1144 1792 1187 vomere
1823 1123 2024 1187 duros

446 1222 783 1289 Exercent
810 1222 1029 1301 colles,
1060 1234 1257 1307 atque
1286 1223 1521 1287 horum
1551 1225 1908 1307 asperrima
1937 1235 2238 1307 pascunt.

276 1324 407 1389 320
448 1324 617 1389 Haec
645 1326 848 1389 omnis
878 1326 1082 1408 regi0,
1113 1335 1183 1388 et
1210 1323 1365 1387 celsi
1398 1322 1592 1407 plaga
1619 1323 1810 1408 pinea
1838 1324 2098 1401 montis,

449 1426 661 1491 Cedat
689 1427 981 1491 amicitiae
1010 1426 1449 1503 Teucrorum3
1494 1436 1565 1489 et
1591 1424 1858 1489 foederis
1890 1448 2112 1509 aequas

450 1528 763 1592 Dicamus
793 1525 996 1611 leges,
1027 1526 1366 1609 sociosque
1394 1526 1462 1589 in
1490 1546 1694 1609 regna
1723 1546 2064 1601 vocemus3

450 1629 832 1705 considant,
865 1629 919 1692 si
948 1638 1167 1692 tantus
1196 1650 1398 1703 amor,
1429 1638 1497 1691 et
1524 1626 1764 1690 moenia
1791 1626 2097 1689 condant.

452 1732 567 1795 Sin
596 1729 755 1795 alios
784 1730 951 1794 fines
978 1728 1295 1813 aliamque
1326 1749 1670 1812 capessere
1700 1738 1962 1811 gentem

278 1832 408 1896 325
453 1831 581 1896 Est
608 1833 880 1907 animuS,
910 1842 1319 1915 poscuntque
1350 1828 1491 1893 solo
1519 1829 1842 1893 decedere
1871 1839 2128 1903 nostro;

452 1932 569 1997 Bis
600 1934 803 1998 denas
836 1931 1003 1996 Italo
1032 1943 1327 1995 texamus
1358 1932 1596 1994 robore
1624 1952 1846 2006 naves,

453 2034 587 2100 Seu
616 2033 835 2119 plures
867 2032 1191 2117 complere
1220 2030 1468 2095 valent:
1505 2032 1687 2115 jacet
1715 2031 1920 2094 omnis
1951 2031 2036 2094 ad
2061 2030 2304 2093 undam

454 2134 808 2199 Materies:
853 2134 981 2217 ipsi
1005 2154 1471 2217 numerumque
1500 2132 1894 2216 modumque
1924 2132 2158 2195 carinis

455 2234 884 2319 Praecipiant3
928 2256 1049 2297 nos
1074 2254 1227 2309 aera,
1258 2255 1514 2308 manuS,
1544 2231 1796 2296 navalia
1819 2232 2070 2296 demus·

284 2338 415 2402 330
455 2335 810 2411 Praeterea,
844 2334 955 2419 qui
986 2334 1161 2398 dicta
1188 2332 1423 2410 ferant,
1454 2346 1523 2397 et
1550 2333 1804 2399 foedera
1831 2334 2114 2409 firment,

458 2436 736 2502 Centum
763 2444 1055 2500 oratores
1083 2435 1292 2519 prima
1313 2436 1397 2499 de
1427 2446 1622 2518 gente
1655 2434 1942 2498 Latinos.

460 2538 565 2603 Ire
594 2536 831 2622 placet,
856 2537 1167 2621 pacisque
1196 2558 1393 2599 manu
1416 2536 1828 2619 praetendere
1858 2556 2110 2609 ramos3

462 2638 747 2703 Munera
772 2648 1109 2722 portantes
1140 2638 1412 2720 aurique
1441 2636 1788 2719 eborisque
1812 2634 2078 2711 talenta,

462 2740 556 2805 Et
584 2738 805 2804 sellam
834 2738 1019 2822 regni
1048 2739 1469 2821 trabeamque
1498 2737 1778 2819 insignia
1805 2737 2031 2799 nostri.

294 2972 489 3005 onmem
523 2972 662 3033 spem
695 2956 960 3021 repositam
993 2956 1172 3004 babere
1214 2970 1415 3031 necesse
1464 2959 1610 3031 flua,-
1635 2972 1756 3032 quos
1777 2972 1947 3005 versus
1985 2956 2194 3031 Romam
2233 2972 2270 3031 ⁸.

296 3030 399 3077 est3
424 3036 523 3069 non
545 3022 753 3071 ahenam
776 3036 920 3085 opem
937 3028 1209 3084 expectare.
1246 3020 1415 3083 Pergit
1478 3022 1711 3070 credibile
1751 3022 1819 3069 fit.
1881 3022 2014 3085 Ager
2050 3021 2144 3077 hic,
2191 3036 2274 3083 qui

2440 267 2570 330 589

2367 2964 2447 3031 eta
2481 2955 2600 3019 poni

2353 3029 2439 3068 atu
2485 3035 2602 3084 pars

292 3084 409 3133 inde
423 3103 437 3132 ε
482 3086 581 3135 Sed
617 3088 720 3135 hnc
754 3086 862 3150 ipsa
894 3100 1021 3149 spes,
1055 3100 1198 3147 quam
1238 3084 1291 3133 in
1327 3100 1415 3133 sua
1479 3094 1598 3143 erat,
1623 3087 1683 3134 ab
1701 3084 1949 3134 Auruncis
1972 3094 2022 3133 et
2043 3084 2242 3133 Rutulis
2269 3084 2448 3149 partim
2469 3084 2600 3132 cole-

296 3148 501 3223 quisque
522 3150 701 3199 virtute
723 3150 865 3198 sitam
888 3150 1049 3207 habet,
1072 3164 1217 3211 quam
1239 3148 1305 3197 sit
1326 3164 1412 3197 ex·
1478 3151 1624 3198 batur
1657 3150 1836 3214 partim
1849 3151 2192 3261 upascebaturz
2237 3165 2282 3198 v.
2323 3152 2434 3207 818,
2476 3150 2600 3203 319;

296 3228 413 3277 igua
432 3213 623 3263 videtis.
680 3215 811 3262 Nam
843 3213 1029 3275 reliqua
1061 3212 1238 3270 omnia,
1272 3228 1417 3275 quam
1483 3229 1600 3287 ergo
1621 3214 1710 3262 hos
1747 3214 1850 3261 Rut

1903 3230 1958 3262 os
1981 3224 2032 3261 et
2046 3214 2306 3261 Auruncos
2328 3215 2418 3262 sub
2437 3212 2603 3261 Latini

298 3276 478 3327 afflicta
498 3278 612 3336 sint,
647 3288 761 3326 ante
796 3278 962 3325 oculos
998 3285 1049 3325 et
1084 3276 1213 3325 inter
1244 3292 1419 3325 manus
1483 3277 1691 3341 imperio
1724 3277 1875 3325 fiii-se
1911 3292 2108 3325 necesse
2145 3286 2232 3325 est.
2291 3278 2418 3325 Sunt
2439 3278 2491 3325 in
2509 3278 2604 3325 hoc

298 3350 487 3391 vesu-as
506 3350 610 3391 est:
646 3343 693 3391 h.
712 3341 867 3391 oculis
888 3340 1207 3403 manibusque
1225 3340 1417 3399 tenetis,
1484 3356 1602 3416 agro
1623 3342 1785 3397 colles,
1801 3350 1852 3389 et
1873 3350 2056 3389 tractus
2075 3340 2233 3405 asperi
2257 3350 2308 3388 et
2328 3341 2490 3389 saxosi
2511 3356 2604 3388 nec

300 3416 532 3468 tanquam
566 3407 695 3471 quod
731 3404 1057 3454 certissimum
1096 3414 1195 3453 est:
1232 3406 1419 3462 Graece,
1486 3405 1584 3453 msi
1615 3404 1810 3469 pascuis
1841 3404 2018 3462 idonei,
2057 3416 2160 3452 tum
2194 3418 2386 3466 quoque
2421 3404 2602 3467 pineta.

300 3468 555 3533 πρόχειρόν
576 3472 693 3519 ἐστι.
744 3472 923 3519 catera
937 3488 956 3523 ‚-
990 3468 1273 3526 exercitum,
1298 3484 1420 3517 aux-
1487 3469 1699 3518 Videtur
1731 3470 1822 3517 hoc
1844 3468 1907 3517 ad
1943 3469 2092 3517 colles
2121 3468 2338 3517 Albanos
2369 3477 2604 3532 spectare,

300 3533 401 3591 ilia,
422 3535 555 3583 vires
568 3534 777 3599 imperii.
835 3533 1033 3582 Scilicet
1052 3532 1217 3597 copias
1238 3532 1419 3581 intelli·
1487 3549 1608 3595 quos
1630 3540 1746 3597 ager
1780 3534 1874 3581 iste
1907 3533 2148 3595 attingere
2182 3531 2364 3589 debuit,
2388 3531 2604 3594 quando-

301 3598 375 3661 git
396 3598 459 3647 ad
479 3599 661 3648 bellum
680 3598 949 3662 gerendum
970 3598 1280 3647 necessarias.
1326 3598 1423 3645 Pro
1487 3598 1684 3659 quidem
1708 3598 1856 3645 iidem
1891 3596 2090 3645 omnino
2120 3611 2290 3659 agrum
2313 3596 2608 3644 Laurentem

302 3663 625 3727 explicatione
648 3674 764 3711 sunt
794 3662 921 3710 infra
944 3678 987 3711 v.
1013 3663 1123 3719 419,
1148 3664 1245 3709 420
1267 3661 1423 3710 Turni
1489 3661 1738 3709 finiebant.
1795 3660 1940 3717 Quod
1971 3660 2166 3708 tandem
2197 3660 2403 3709 Latinus
2425 3659 2496 3734 ait
2515 3660 2610 3708 sibi

307 3729 467 3784 verba,
492 3745 609 3789 opes,
632 3732 809 3777 {neoda
818 3728 1055 3789 juventus,
1078 3730 1271 3774 auxilio.
1490 3742 1584 3773 esse
1613 3743 1774 3788 agrum
1797 3741 1841 3772 v.
1880 3726 1990 3782 316,
2012 3733 2174 3789 potest
2205 3726 2311 3782 hoc,
2335 3724 2379 3773 si
2400 3740 2509 3787 quis
2541 3724 2612 3772 ita

370 3794 481 3848 312,
506 3794 615 3840 313.
656 3796 767 3844 Qua
784 3794 1001 3853 plurima,
1023 3792 1069 3838 h.
1091 3799 1273 3853 quanta
1284 3806 1419 3838 max-
1489 3790 1622 3846 velit,
1659 3788 1856 3853 proprie
1891 3789 2061 3854 accipi,
2099 3804 2162 3837 ex
2183 3798 2348 3838 vetere
2369 3790 2483 3847 vita,
2517 3804 2614 3851 qua

239 3882 246 3890 ·
305 3854 431 3904 ima:
468 3856 561 3914 ὅση
582 3856 804 3915 πλείω-η.
854 3858 1049 3917 Corpore
1066 3858 1213 3918 regni,
1236 3870 1327 3919 pro
1350 3854 1421 3903 vi-
1578 3854 1686 3903 ‘bus
1717 3854 1961 3917 assignata
1995 3853 2100 3917 agri
2195 3854 2304 3913 rtio,
2324 3851 2534 3913 τέμενος,
2557 3861 2615 3901 ut

306 3919 459 3978 ribus,
482 3920 651 3985 copiis.
1494 3935 1557 3967 ve
1596 3934 1658 3966 ex
1683 3920 1902 3967 Homero
1924 3928 2108 3976 notum,
2161 3918 2272 3966 lind.
2297 3936 2346 3977 μ,
2371 3919 2482 3965 313.

373 3985 645 4032 alo—³21.
681 3984 865 4033 Suadet
888 3984 1092 4033 Latinus
1126 3984 1235 4032 cedi
1256 3984 1427 4045 Troja·
1561 3986 1670 4031 324.
1705 3986 1864 4031 Aliam
1876 3990 2056 4045 gentem
2071 4000 2089 4037 ,-
2123 3982 2300 4029 iterum
2323 3996 2413 4045 pro
2436 3990 2580 4029 terra.

310 4048 387 4097 nis
422 4064 593 4111 agrum
626 4048 687 4097 ad
723 4048 967 4103 Tiberim3
1005 4064 1149 4111 quem
1184 4048 1263 4095 his
1300 4046 1429 4095 notis
1560 4047 1830 4098 327—329.
1869 4050 2098 4108 complere
2133 4062 2224 4109 pro
2257 4045 2386 4093 rium
2407 4046 2614 4093 voeabu-

309 4112 557 4175 designat:
592 4120 661 4161 ese
695 4117 911 4175 antiquus
942 4130 1055 4176 ager
1084 4116 1212 4170 mihi,
1245 4113 1293 4160 h.
1330 4126 1429 4160 non
1494 4112 1596 4160 lum
1615 4112 1677 4161 de
1699 4112 1844 4161 sociis
1861 4122 1912 4160 et
1925 4110 2080 4174 copiis
2095 4126 2190 4159 nav
2240 4110 2378 4165 ibus3
2412 4118 2470 4157 ut
2488 4108 2614 4166 πλή-

308 4190 477 4227 nostra
495 4178 693 4227 demum
714 4177 949 4225 memoria
970 4187 1233 4241 occupatus
1256 4186 1307 4223 et
1323 4176 1425 4224 cul-
1492 4196 1636 4239 ρωμα..
1684 4180 1904 4233 Navalia,
1926 4191 2006 4224 res
2027 4175 2238 4232 navales,
2258 4188 2434 4231 ceram,
2459 4174 2616 4232 filnes,

312 4250 417 4297 ωας
442 4245 601 4304 longus
622 4246 671 4290 ἐπ
694 4260 913 4299 occasum,
938 4256 1037 4290 non
1059 4240 1187 4303 quod
1212 4239 1265 4287 in
1288 4256 1425 4289 occa-
1494 4242 1616 4296 vela,
1637 4250 1690 4288 et
1708 4241 1804 4288 alia
1823 4238 2114 4301 hujusmodi.
2167 4240 2352 4296 Manus,
2376 4253 2564 4313 operas.

310 4322 419 4355 sum
442 4306 775 4370 protendatur,
799 4306 885 4355 sed
911 4306 1040 4368 quod
1062 4322 1091 4353 a
1115 4306 1361 4353 Laurento
1382 4305 1431 4352 in
1567 4306 1836 4351 331—334.
1875 4306 2032 4351 Prima
2067 4306 2123 4351 de
2152 4310 2320 4365 gente,-
2355 4302 2526 4367 prunis
2557 4304 2619 4351 de

312 4387 535 4419 occasum
573 4380 775 4434 spectat,
808 4380 859 4418 et
880 4371 977 4418 late
996 4384 1165 4417 versus
1200 4368 1435 4417 orientale
1500 4367 1742 4430 gentibuS,
1763 4384 1824 4415 ex
1839 4368 2105 4417 nobilitate.
2151 4370 2288 4415 Pacis
2310 4384 2488 4415 ramos.-
2521 4367 2618 4415 vid.

314 4434 507 4482 Tiberis
528 4434 663 4483 littus
681 4436 900 4498 procedit
926 4452 1061 4495 unque
1088 4438 1151 4481 ad
1174 4436 1434 4481 SEcanorum
1503 4449 1608 4496 sup.
1640 4435 1742 4479 101.
1809 4436 1924 4479 Auri
1967 4436 2138 4479 talenta
2170 4442 2218 4479 ct
2253 4436 2398 4480 eboris
2433 4435 2588 4479 sellam
2607 4452 2620 4477 .-
