3050 4934
503 262 634 326 328

1388 254 1916 327 AENEIDOS

677 410 868 476 Vade
899 432 1046 497 age,
1073 421 1250 488 nate,
1281 432 1444 475 voca
1476 410 1851 496 Zephyros,
1882 422 1953 475 et
1978 410 2201 476 labere
2228 413 2500 497 pennis3

676 512 1214 596 Dardaniumque
1245 512 1500 590 ducem,
1532 512 1739 596 Tyria
1768 510 2167 597 Carthagine
2194 514 2307 597 qui
2336 534 2509 579 nunc

503 614 631 677 225
677 614 1064 696 Exspectat,
1096 612 1374 697 fatisque
1407 614 1597 677 datas
1628 634 1759 676 non
1788 614 2055 697 respicit
2081 615 2305 690 urbes,

670 712 1051 798 Alloquere,
1085 724 1152 778 et
1181 713 1424 779 celeres
1455 713 1644 778 defer
1672 736 1816 778 mea
1846 715 2023 778 dicta
2048 735 2170 799 per
2198 736 2427 779 auras:

673 816 833 881 Non
859 814 1040 879 illum
1067 815 1254 879 nobis
1283 816 1587 899 genetrix
1614 814 2052 899 pulcherrima
2078 814 2273 879 talem

672 917 1001 994 Promisit,
1033 914 1436 1000 Graiamque
1465 918 1619 981 ideo
1646 918 1747 981 bis
1778 917 2061 981 vindicat
2090 917 2315 995 armis;

672 1018 808 1083 Sed
839 1017 1001 1096 fore,
1030 1019 1144 1103 qui
1171 1018 1506 1101 gravidam
1534 1018 1820 1102 imperiis
1847 1016 2149 1102 belloque
2181 1017 2559 1083 frementem

497 1119 629 1183 230
671 1118 923 1183 Italiam
949 1129 1230 1202 regeret,
1260 1140 1466 1203 genus
1497 1118 1630 1183 alto
1656 1142 1695 1182 a
1724 1120 2039 1203 sanguine
2068 1118 2315 1183 Teucri

671 1220 1017 1297 Proderet,
1049 1241 1126 1284 ac
1155 1230 1361 1283 totum
1395 1222 1519 1285 sub
1548 1219 1727 1304 leges
1756 1221 2042 1284 mitteret
2070 1220 2313 1285 orbem.

669 1321 745 1387 Si
771 1320 948 1385 nulla
977 1320 1274 1385 accendit
1297 1331 1625 1385 tantarum
1655 1321 1862 1404 gloria
1888 1344 2129 1400 rerum,

675 1421 824 1487 Nec
857 1444 1054 1506 super
1081 1424 1222 1505 ipse
1255 1443 1376 1486 sua
1397 1421 1659 1487 molitur
1686 1422 1881 1487 laude
1909 1422 2235 1501 laborem3

666 1522 1036 1587 Ascanione
1067 1532 1256 1607 pater
1286 1523 1618 1588 Romanas
1644 1524 1893 1588 invidet
1920 1527 2150 1590 arces?

497 1626 628 1690 235
673 1624 856 1698 Quid
888 1624 1123 1689 struit?
1169 1633 1284 1688 aut
1311 1646 1442 1707 qua
1471 1646 1590 1709 spe
1620 1625 1873 1689 inimica
1903 1626 1971 1689 in
2000 1634 2197 1709 gente
2226 1628 2558 1691 moratur?

667 1724 816 1791 Nec
843 1725 1096 1810 prolem
1124 1722 1484 1789 Ausoniam
1512 1736 1582 1789 et
1614 1724 1885 1790 Lavinia
1914 1728 2181 1812 respicit
2210 1730 2407 1791 arva?

665 1827 972 1912 Naviget.
1051 1826 1218 1891 Haec
1249 1848 1496 1890 summa
1523 1836 1663 1905 est3
1709 1826 1816 1892 hic
1846 1828 2053 1893 nostri
2082 1830 2347 1893 nuntius
2378 1838 2544 1893 estc.

753 1927 1054 1993 Dixerat.
1132 1926 1249 1991 Ille
1278 1928 1482 2011 patris
1513 1929 1728 2012 magni
1756 1950 1989 2012 parere
2018 1930 2295 2013 parabat

666 2029 983 2113 Imperio:
1029 2039 1098 2092 et
1124 2028 1402 2111 primum
1433 2029 1713 2112 pedibus
1744 2028 1971 2094 talaria
1998 2030 2201 2095 nectit

493 2130 624 2193 240
666 2128 928 2205 Aurea;
974 2150 1122 2212 quae
1155 2128 1491 2193 sublimem
1519 2128 1662 2207 alis,
1695 2130 1830 2195 sive
1859 2152 2123 2215 aequora
2154 2152 2375 2215 supra,

667 2231 802 2294 Seu
831 2240 1092 2305 terram,
1122 2228 1357 2311 rapido
1383 2230 1629 2313 pariter
1660 2252 1807 2293 cum
1837 2231 2093 2294 flamine
2122 2240 2411 2313 portant.
2494 2250 2503 2255 ·

665 2330 842 2394 Tum
871 2330 1114 2413 virgam
1143 2329 1352 2412 capit:
1399 2328 1524 2393 hac
1556 2330 1799 2393 animas
1829 2328 1935 2393 ille
1966 2340 2196 2394 evocat
2224 2328 2405 2394 Orco

663 2431 1014 2507 Pallentes,
1045 2430 1202 2494 alias
1233 2429 1357 2494 sub
1387 2427 1673 2494 Tartara
1702 2430 1913 2494 tristia
1940 2430 2170 2508 mittit;

662 2532 802 2597 Dat
831 2554 1090 2597 somnos
1121 2530 1498 2614 adimitque,
1528 2542 1597 2595 et
1624 2528 1863 2595 lumina
1890 2541 2099 2595 morte
2128 2530 2438 2615 resignat.

493 2768 771 2818 Mercurius
784 2768 845 2817 ad
859 2768 1069 2833 Calypso
1081 2766 1306 2825 mittitur,
1317 2776 1373 2814 ut
1387 2766 1615 2830 Ulyssem

489 2834 574 2881 illa
595 2833 833 2892 demittat,
857 2834 960 2881 haec
982 2846 1227 2896 expressa.
1292 2833 1410 2879 Voca
1428 2834 1611 2893 Zephy-

491 2914 579 2945 ros.
638 2898 710 2945 Ut
731 2900 854 2945 venti
887 2904 1118 2953 vocantur,
1143 2894 1256 2944 navi
1273 2904 1446 2959 parata
1464 2894 1611 2944 velis·

491 2976 586 3024 que
622 2961 865 3025 expansis,
889 2960 960 3009 sic
993 2961 1042 3007 h.
1078 2960 1111 3006 l.
1145 2962 1353 3023 Zephyri
1390 2959 1615 3021 (omnino

489 3040 581 3090 pro
597 3024 799 3085 ventis),
815 3029 977 3086 pennis
994 3022 1098 3072 sive
1115 3022 1205 3071 alis
1222 3039 1253 3072 a
1287 3022 1451 3071 tatis'a
1473 3022 1612 3071 Mer-

489 3089 626 3137 curio
659 3088 880 3153 pedibus,
917 3088 980 3136 ad
1019 3086 1244 3151 excipien
1279 3104 1362 3136 um
1396 3096 1613 3145 ventum,

490 3168 588 3215 quo
608 3167 698 3215 per
719 3166 882 3200 aerem
901 3150 1096 3210 feratur,
1121 3152 1264 3199 volet.

555 3218 666 3264 225.
701 3218 923 3277 Felisque
962 3218 1098 3263 datae
1130 3215 1250 3278 (vid.
1285 3216 1316 3273 i,
1343 3216 1437 3263 882
1465 3224 1516 3263 et
1550 3215 1611 3264 al.

489 3294 581 3344 pro
603 3278 919 3340 monstratas)
942 3283 1090 3337 urbes,
1115 3281 1283 3329 urbem
1305 3281 1527 3328 Romam.

556 3342 827 3393 227—231.
864 3344 1064 3392 Summa
1081 3342 1291 3403 δεινότης
1305 3345 1479 3392 horum
1500 3359 1610 3393 ver-

491 3424 648 3465 suum,
667 3407 894 3474 inprimis
911 3410 1007 3457 229
1028 3424 1129 3470 sqq.
1154 3411 1256 3465 Bis,
1273 3409 1425 3457 semel
1443 3424 1473 3456 a
1487 3408 1610 3456 Dio-

489 3473 632 3521 mede
660 3474 832 3521 Venus
861 3472 982 3537 ipsa,
1011 3472 1149 3521 Iliad.
1184 3491 1220 3532 ε,
1247 3474 1336 3520 311
1374 3488 1475 3535 sqq.
1509 3481 1614 3521 tum

489 3539 550 3587 ab
585 3536 780 3587 Achille
803 3536 1023 3602 Neptuni
1057 3551 1219 3601 opera,
1255 3536 1394 3585 Iliad.
1433 3557 1473 3595 υ,
1511 3539 1604 3586 291

487 3618 590 3665 sqq.
629 3604 879 3650 Gravidam
912 3605 1118 3664 imperiis
1148 3603 1351 3649 Italiam.
1410 3601 1609 3650 Poeticc

487 3670 693 3729 imperiis
709 3666 894 3715 dictum
916 3681 1008 3731 pro
1029 3669 1229 3728 imperio,
1255 3681 1350 3729 quo
1371 3674 1609 3714 terrarum

487 3732 653 3779 orbem
693 3731 1007 3795 complexura
1042 3740 1147 3779 erat
1181 3732 1352 3779 Roma.
1403 3732 1610 3778 Gravida

485 3793 636 3859 igitur
648 3798 854 3856 imperiis
872 3794 1027 3852 Italia,
1046 3794 1100 3841 in
1117 3810 1213 3857 qua
1229 3810 1458 3859 mag-num
1477 3795 1608 3843 futu-

485 3858 1567 3973 232²”‘2.¹?.⁹⁰‘³”¹⁰’3{1³13{;2¹’⁸335'“”1,⁵⁶“·
1568 3876 1613 3971 ”t

486 3938 1173 4063 quoquemgraviddlnliai'mpen'ie
1199 3938 1472 4049 inffiligere
1505 3938 1608 4036 1¹3-

485 4052 617 4111 ham,
641 4068 749 4116 quae
777 4052 956 4100 multos
985 4060 1212 4115 potentes
1244 4060 1294 4099 et
1321 4050 1419 4098 late
1448 4050 1607 4115 impe·

493 4128 658 4191 rantes
703 4116 914 4193 populos
949 4114 1178 4191 protulit3
1215 4114 1284 4163 ita
1313 4115 1613 4193 conveniunt

487 4179 591 4291 ἐξ
605 4180 1322 4307 {vsswzszbsszzzm
1337 4196 1606 4292 sm.

486 4306 697 4355 Videtur
722 4308 842 4355 adeo
873 4310 976 4356 haec
1003 4309 1179 4357 ultimo
1205 4308 1313 4357 loco
1338 4308 1498 4372 posita
1526 4323 1604 4356 ra-

487 4369 556 4419 tio
578 4386 684 4439 ease
737 4371 1016 4419 referenda.

539 4434 701 4481 282—
735 4432 812 4483 3⁷.
832 4435 1014 4483 Omnia
1025 4451 1138 4485 cum
1148 4436 1386 4498 dignitate
1396 4436 1604 4485 efferim·

1680 2774 1773 2815 tur.
1827 2770 1879 2815 Sa·
1896 2769 2039 2825 nulla,
2063 2766 2105 2815 si
2128 2766 2334 2815 non--si
2356 2764 2464 2830 ipse
2484 2766 2679 2818 labores
2699 2784 2810 2821 sus-

1678 2830 2101 2953 ?ssssiifitmss'ssfflfflnf
2122 2830 2629 2959 zti'mfflssrssetd‘zffn
2636 2833 2810 2947 ⁸2⁹3ss

1864 2930 1877 2953 2
2792 2934 2809 2949 0

1678 2960 1860 3034 Prolem
1880 2962 2143 3018 Ausoniam,
2166 2959 2467 3024 progeniem,
2490 2959 2571 3009 cui
2592 2960 2695 3011 fata
2710 2962 2809 3011 im-

1682 3024 2603 3151 pegffilmstllffglggimedgnhtiercurii
2634 3088 2814 3139 officiis

1677 3150 1813 3201 locus
1840 3151 1935 3200 hic.
1992 3153 2173 3201 Omnia
2202 3160 2319 3200 nota
2348 3160 2400 3200 et
2425 3152 2647 3215 vulg-aria
2674 3165 2809 3213 sunt,

1680 3225 1730 3263 et
1750 3232 1780 3263 a
1800 3226 1947 3280 poeta
1964 3216 2145 3265 diserte
2167 3232 2413 3281 expressa.

1746 3283 2017 3329 241—244.
2038 3282 2228 3329 Pariter
2236 3284 2549 3341 cumflauine:
2566 3280 2809 3331 Homeri-

1676 3360 1787 3393 cum
1799 3343 2067 3405 ἔμαπνοιῆς
2074 3343 2277 3406 ἀνέμοιο,
2287 3355 2342 3393 ut
2351 3344 2525 3409 Odyss.
2538 3362 2576 3402 ε,
2588 3346 2669 3394 46.
2680 3349 2807 3396 Evo-

1678 3416 1753 3457 cat
1767 3424 1811 3457 v.
1828 3424 1868 3456 c.
1888 3410 2226 3458 Protesilaum.
2261 3412 2432 3468 Mittit,
2448 3409 2597 3467 ducit,
2614 3411 2704 3459 Gr.
2718 3410 2811 3463 τὰς

1678 3473 1837 3535 ψυχὰς
1856 3472 2044 3533 πέμπει,
2064 3472 2391 3535 ψυχάς-ομπος.
2444 3474 2647 3521 Lumina
2660 3484 2809 3524 morte

1674 3540 1891 3599 resignat.
1948 3537 2073 3593 Quis
2090 3538 2227 3587 verbi
2246 3552 2419 3587 sensus
2434 3536 2513 3595 sit,
2534 3536 2805 3587 dubitauit.

1672 3600 1755 3649 Ad
1786 3602 2077 3651 sententiam
2116 3600 2211 3650 loci
2248 3614 2347 3650 mm
2384 3602 2807 3651 accommodatum

1673 3673 1804 3713 esset
1824 3665 1947 3713 nihil
1974 3680 2120 3729 quam
2156 3666 2391 3714 Serviane
2418 3664 2557 3724 ratio,
2581 3681 2679 3728 qua
2714 3682 2811 3731 per

1672 3732 1849 3777 claudit
1869 3730 2114 3778 redditum
2136 3729 2316 3779 videas.
2374 3731 2561 3779 Verum
2581 3745 2675 3779 nec
2712 3746 2805 3779 ex-

1675 3794 1889 3858 emplum
1914 3803 2223 3853 memoratur,
2246 3794 2299 3843 in
2321 3808 2417 3857 quo
2444 3808 2535 3842 seu
2564 3798 2809 3858 resignare

1675 3872 1760 3906 seu
1792 3858 2001 3922 simplex
2033 3863 2219 3922 signare
2248 3874 2309 3907 eo
2342 3873 2489 3907 sensu
2527 3857 2809 3908 adhibitum

1675 3922 1753 3980 sit,
1779 3937 1867 3970 nec
1891 3922 2007 3971 alibi
2029 3922 2170 3971 facile
2190 3923 2283 3970 hoc
2316 3922 2553 3971 Mercurii
2584 3922 2809 3973 officium

1674 3986 1911 4035 laudatur.
1970 3987 2050 4034 Ad
2066 3986 2315 4050 vulgarem
2333 3987 2469 4036 verbi
2484 4002 2630 4035 usum
2646 3992 2803 4051 resig-

1674 4060 1757 4099 nat
1792 4054 1964 4099 lumina
1999 4060 2086 4109 est,
2124 4052 2298 4116 aperit,
2338 4060 2478 4099 mor-te
2514 4050 2567 4099 in
2608 4062 2769 4101 morte
2784 4070 2802 4100 ε

1674 4115 1807 4178 atqui
1828 4116 1920 4163 hoc
1942 4114 2074 4164 dices
2096 4130 2371 4180 repugnare
2394 4130 2560 4164 rerum
2592 4124 2803 4175 natm-a,

1674 4194 1787 4227 nam
1822 4189 1978 4228 morte
2012 4180 2305 4229 clauduntur
2340 4180 2483 4229 oculi.
2543 4180 2694 4228 Forte
2728 4181 2808 4229 ita

1673 4244 1775 4291 acci
1812 4244 2009 4293 iendum
2027 4245 2150 4293 erit:
2176 4254 2330 4303 morte,
2350 4243 2566 4293 mortuin.
2622 4244 2806 4293 Potest

1672 4316 1755 4355 tan
1790 4324 1869 4357 em
1880 4308 2129 4372 resignare
2142 4308 2297 4373 accipi
2308 4325 2399 4373 pro
2412 4308 2615 4365 solvere,
2626 4308 2801 4357 adem-

1672 4372 1737 4419 tis
1771 4381 1823 4421 et
1855 4373 2104 4421 subductis
2126 4372 2337 4421 viribus:
2372 4383 2429 4421 ut
2460 4372 2513 4421 in
2536 4382 2634 4421 vet.
2670 4373 2803 4439 Epi-

1671 4452 1821 4499 gram.
1858 4440 1927 4485 Et
1946 4444 2187 4500 postquam
2203 4435 2330 4500 fatis
2348 4440 2590 4486 monentia
2620 4440 2803 4487 lauba
