3050 4934
491 211 578 272 62

1325 195 1990 266 GEORGICON

666 355 888 440 Dique
917 355 1190 437 deaeque
1223 371 1468 428 omnes,
1501 349 1790 414 studium
1818 347 2055 432 quibus
2086 364 2239 409 arva
2270 345 2461 419 tueri,

663 457 930 540 Quique
962 476 1162 518 novas
1195 452 1363 517 alitis
1395 475 1525 516 non
1554 449 1686 516 ullo
1718 451 1958 514 semine
1988 446 2233 530 frugeS,

664 555 930 640 Quique
963 555 1119 618 satis
1150 553 1402 637 largum
1433 551 1602 616 coelo
1631 549 1965 615 demittitis
1997 549 2301 624 imbrem3

663 656 906 740 Tuque
938 655 1127 730 ade0,
1160 675 1353 736 quem
1383 673 1536 716 mox
1567 674 1715 735 quae
1747 653 1875 714 sint
1901 647 2205 712 habitura
2234 646 2503 710 deorum

534 759 621 822 25
665 755 976 832 Concilia,
1009 757 1328 819 incertum
1358 763 1497 829 est3
1544 753 1828 816 urbesne
1857 749 2158 825 invisere,
2191 746 2436 822 Coesar,

663 856 1152 940 Terrarumque
1184 853 1340 918 velis
1369 875 1612 927 curam,
1644 861 1713 916 et
1742 861 1807 916 te
1836 869 2173 914 maxumus
2206 849 2381 912 orbis

661 955 1020 1021 Auctorem
1049 955 1311 1037 frugum
1339 961 1927 1036 tempestatumque
1958 959 2293 1034 potentem

664 1056 990 1142 Accipiat,
1024 1057 1290 1138 cingens
1321 1063 1613 1118 materna
1643 1062 1937 1136 tempora
1967 1059 2213 1133 myrto;

665 1156 775 1221 An
805 1158 968 1221 deus
1001 1156 1290 1219 immensi
1321 1155 1539 1218 venias
1571 1154 1787 1228 maris,
1820 1173 1897 1216 ac
1926 1160 2040 1214 tua
2068 1159 2285 1214 nautae

537 1259 626 1322 30
667 1257 957 1322 Numina
989 1255 1123 1320 sola
1154 1253 1390 1331 colant,
1425 1254 1542 1316 tibi
1573 1254 1811 1317 serviat
1839 1251 2064 1314 ultima
2092 1249 2335 1325 Thule,

666 1357 900 1441 Teque
933 1357 1056 1420 sibi
1083 1375 1396 1438 generum
1426 1353 1684 1437 Tethys
1714 1362 1887 1417 emat
1916 1351 2211 1416 omnibus
2243 1350 2471 1426 undis3

665 1457 860 1521 Arme
891 1477 1126 1520 novum
1157 1455 1360 1518 tardis
1394 1454 1575 1517 sidus
1607 1463 1673 1516 te
1702 1453 2031 1517 mensibus
2063 1452 2294 1527 addas,

665 1558 822 1632 Qua
847 1556 1028 1622 locus
1062 1554 1398 1638 Erigonen
1427 1555 1596 1618 inter
1626 1551 1999 1636 Chelasque
2032 1561 2378 1635 sequentes

668 1657 1024 1721 Panditur:
1073 1657 1214 1739 ipse
1247 1655 1363 1718 tibi
1383 1655 1520 1738 jam
1550 1653 1818 1718 brachia
1848 1650 2172 1716 contrahit
2200 1651 2437 1715 ardens

497 1853 812 1904 Boimnrdum
843 1851 1066 1900 occurrit.
1138 1853 1408 1912 Cupressum
1443 1852 1503 1896 ab
1536 1865 1613 1895 ra-

493 1921 611 1976 dice,
633 1918 683 1965 h.
707 1923 936 1964 truncum
957 1915 1191 1978 cupressi.

561 1953 768 2029 2⁹1—23.
828 1979 912 2028 Dii
1265 1977 1513 2032 silvarum,
1569 1985 1619 2024 et

497 2051 841 2108 tempestatum
859 2041 1004 2108 proesi
1038 2057 1106 2089 es.
1148 2041 1278 2088 Nam
1299 2040 1352 2088 hi
1371 2049 1499 2096 sunt,
1517 2047 1615 2088 ses-

496 2111 624 2156 dium
645 2109 809 2170 quihus
831 2121 945 2154 ma
966 2108 1116 2158 menss-
1145 2107 1553 2166 quique—quique,
1555 2129 1613 2139 ——

499 2170 710 2219 Videtur
739 2183 856 2218 sane
887 2169 1004 2216 deos
1027 2169 1360 2215 Romanorum
1388 2177 1620 2242 agrestes,

497 2233 636 2282 miris
663 2231 942 2282 nominibus
972 2232 1032 2279 ab
1055 2231 1189 2279 omni
1210 2245 1264 2278 re
1288 2231 1470 2279 rustica
1489 2230 1619 2294 peti-

498 2297 577 2354 tis,
599 2296 848 2346 declarare
869 2294 1094 2344 voluisse.
1161 2295 1340 2356 stages
1361 2293 1508 2342 latius
1529 2309 1622 2359 pro

498 2359 682 2424 plantis
708 2359 890 2408 dixisse
911 2358 1118 2406 videtur.
1185 2360 1292 2406 Non
1317 2359 1410 2406 ullo
1437 2361 1620 2414 semine,

499 2423 637 2472 nulla
670 2422 873 2480 satione,
907 2435 996 2470 sua
1025 2429 1214 2496 sponte,
1246 2420 1619 2486 provenientes:

501 2495 772 2564 opp-sata,-
805 2486 874 2534 sic
899 2494 949 2534 et
968 2486 1090 2533 Geo.
1113 2485 1167 2543 ii,
1194 2485 1485 2544 10,11,14.
1525 2486 1621 2533 vid.

503 2551 646 2600 ovid.
675 2549 838 2599 Met.
823 2565 856 2608 ι,
887 2551 992 2599 108.

565 2615 630 2663 24
661 2629 777 2726 sqq&
809 2613 1050 2662 Omnibus
1083 2611 1178 2661 diis
1213 2611 1462 2668 invocatis,
1500 2611 1623 2660 adeo

499 2688 552 2727 et
577 2685 646 2736 tu,
681 2693 710 2724 ο
779 2691 915 2734 esar,
947 2675 1076 2725 adsis
1104 2674 1361 2740 propitius,
1389 2685 1621 2738 tanquam

499 2755 616 2790 mox
659 2739 782 2789 deus
821 2740 1028 2798 futurus,
1065 2753 1340 2813 quanquam
1377 2739 1621 2788 incertum

499 2813 577 2853 est
606 2819 718 2866 cuju
721 2819 746 2852 s
777 2803 963 2852 ordinis
995 2819 1050 2851 ac
1082 2803 1304 2878 generis3
1345 2803 1621 2866 quicunque

501 2877 665 2916 tamen
687 2868 808 2916 dem
829 2867 1021 2915 futurus
1045 2881 1111 2924 es,
1135 2865 1280 2924 adsis,
1307 2882 1351 2915 v.
1377 2869 1455 2915 40.

567 2931 1020 2978 25—28.17rbem
1053 2933 1258 2986 invicem,
1295 2933 1464 2988 Caesar,
1506 2932 1619 2978 Ter·-

499 3009 749 3108 23:2¹⁸&
761 2993 1751 3120 ἔξῗιᾞὲἑέεῑὶιῖἒιῗῲῗᾴἳῗι

501 3121 744 3171 Omnibus
777 3129 940 3168 tamen
973 3119 1185 3176 tentatis,
1221 3119 1356 3168 nulla
1387 3129 1464 3168 est
1493 3121 1621 3168 ratio

502 3185 666 3243 tutior,
687 3199 832 3260 quam
854 3192 909 3231 ut
930 3187 1124 3232 invisere
1141 3186 1420 3294 nrbesgrop
1419 3184 1494 3231 rie
1516 3183 1619 3231 dic-

503 3257 608 3296 tum
633 3247 943 3310 accipiamus,
967 3255 1168 3308 tumque
1197 3245 1250 3294 in
1331 3255 1436 3294 tero
1467 3261 1620 3296 mem-

501 3313 590 3360 bro
617 3311 969 3360 substituamus
990 3323 1055 3357 ex
1076 3323 1178 3357 voc.
1203 3313 1397 3358 invisere
1417 3325 1621 3372 genera·

501 3375 600 3424 lem
619 3375 884 3431 notionem,
907 3375 1100 3430 habere,
1126 3373 1374 3437 suscipere
1397 3381 1625 3422 terrarum

502 3455 673 3487 euram
729 3437 866 3486 Bene
890 3438 1053 3486 Caesar
1071 3436 1202 3484 inter
1219 3437 1336 3484 deos
1357 3437 1552 3485 urbium
1576 3445 1628 3486 et

503 3513 742 3551 terrarum
775 3501 1006 3549 tutelares
1038 3499 1208 3557 referri
1235 3501 1421 3564 potuit·
1459 3502 1533 3549 uti
1555 3502 1623 3550 dii

503 3577 620 3614 sunt
639 3565 907 3628 τολιουχοι.
967 3564 1196 3613 Notanda
1212 3579 1330 3613 vero
1351 3565 1492 3630 copia
1515 3581 1623 3614 ora·

503 3629 666 3688 tionis,
691 3642 800 3692 qua,
825 3629 1083 3693 splendore
1115 3643 1228 3678 cum
1260 3643 1464 3688 summo,
1493 3629 1625 3679 idem

503 3693 650 3742 toties
680 3693 832 3750 effert,
864 3695 1033 3740 velisne
1060 3695 1172 3742 dene
1205 3709 1313 3742 esse.
1380 3697 1627 3744 Maxumus

504 3761 642 3815 orbis,
665 3771 754 3805 seu
785 3755 976 3812 coelum,
1009 3769 1111 3813 sen,
1139 3757 1269 3819 quod
1295 3758 1460 3806 verius
1495 3773 1626 3806 nune

504 3835 612 3869 esse
643 3820 864 3878 arbitror,
901 3819 1036 3868 orbis
1061 3827 1311 3868 terrarum.
1379 3823 1627 3869 Maxumas

508 4136 642 4194 dum,
673 4138 762 4186 sed
789 4139 852 4187 de
883 4140 994 4189 coeli
1025 4139 1246 4214 aerisque
1276 4138 1626 4187 mutationibus

509 4210 561 4249 et
594 4201 712 4248 anni
751 4203 1064 4265 temporibus,
1103 4203 1216 4265 quia
1253 4217 1364 4250 cum
1403 4202 1625 4265 frugibus

507 4263 744 4326 illajungi
763 4279 868 4312 mos
887 4273 974 4313 est.
1027 4267 1241 4314 Materno
1259 4283 1304 4314 m
1363 4273 1421 4324 to,
1438 4267 1625 4316 Veneri

505 4343 656 4384 uera,
681 4327 742 4375 ad
763 4341 908 4388 quam
937 4337 988 4376 et
1009 4329 1258 4378 Anchisen
1315 4329 1440 4378 ulios
1470 4345 1627 4393 genus

1683 1863 1827 1896 suum
1858 1846 2083 1895 retulisse
2114 1856 2284 1894 notum
2314 1857 2401 1896 est.
2461 1849 2543 1904 At,
2571 1861 2809 1910 quorsum

1683 1911 1829 1976 myrti
1846 1913 1929 1974 huj
1932 1927 1991 1959 us
2008 1911 2307 1960 mentionem
2320 1911 2401 1958 hic
2420 1910 2651 1973 injectam
2668 1911 2809 1959 dice-

1683 1977 1825 2023 mus?
1884 1975 1955 2022 Ut
1976 1975 2164 2022 scilicet
2185 1974 2410 2038 Augusto
2435 1989 2463 2022 e
2494 1974 2665 2024 divino
2688 1989 2809 2022 san-

1684 2039 1833 2114 guine
1855 2047 1962 2086 orto
1982 2039 2119 2086 locus
2144 2037 2275 2086 inter
2296 2037 2413 2086 deos
2434 2038 2646 2087 tributus
2668 2047 2817 2086 tanto

1685 2102 1848 2151 minus
1868 2101 2203 2150 admirationis
2224 2103 2413 2150 habeat.

1754 2167 1830 2214 29.
1866 2165 1949 2214 An
1972 2173 2025 2212 tu
2048 2166 2178 2214 inter
2198 2165 2316 2214 deos
2338 2166 2552 2214 mar-inus
2572 2165 2815 2230 princeps

1687 2229 2339 2341 τεξεῗιῧίιιὲξῗῖιιέω
2366 2229 2551 2342 ixi-sidia
2574 2293 2809 2342 Shetlan-

1686 2357 1833 2416 dicas,
1858 2372 1889 2404 a
1918 2356 2253 2420 septentrione
2278 2357 2547 2406 Britanniae
2576 2359 2813 2420 objectas,

1686 2421 1991 2470 referendam
2014 2435 2121 2469 esse
2144 2433 2273 2469 nunc
2294 2420 2415 2470 satis
2436 2429 2639 2470 constat.
2696 2425 2811 2469 Ser-

1687 2487 1784 2533 vire
1807 2500 1867 2533 ea
1886 2483 2065 2534 dicitur
2086 2484 2179 2532 deo
2206 2484 2411 2544 marino,
2434 2493 2676 2548 quatenus
2700 2487 2816 2546 ejus

1686 2549 1907 2613 potentia
1950 2557 2001 2596 et
2044 2550 2269 2610 majestas
2313 2563 2403 2612 per
2446 2549 2611 2596 omnia
2652 2549 2817 2596 maria

1686 2619 1835 2722 patet,
1852 2627 1972 2723 ἔξω
2000 2625 2091 2676 per
2120 2612 2305 2661 insulas
2336 2612 2533 2662 ultimas
2561 2614 2687 2661 bene
2717 2612 2813 2660 de·

1684 2676 1729 2724 cl
1730 2691 1851 2724 aran

1752 2741 1829 2787 31.
1868 2741 2019 2801 Teque
2032 2743 2352 2802 abigenorum
2376 2741 2695 2802 Tethysemat,
2716 2753 2817 2802 pro

1688 2803 1889 2865 vulgari,
1906 2813 1957 2851 et
1968 2817 2067 2851 una
2079 2817 2142 2852 ex
2156 2803 2523 2852 Oceanitidibus
2538 2803 2624 2851 tibi
2638 2805 2815 2852 nubat.

1687 2867 1802 2924 Eos,
1826 2867 1911 2929 qui
1926 2867 2063 2914 inter
2084 2867 2201 2915 deos
2230 2867 2387 2915 adseri
2424 2867 2463 2914 ti
2486 2875 2663 2926 essent,
2688 2868 2813 2915 dea-

1688 2933 1779 2978 bus
1802 2931 1944 2993 jungi
1976 2931 2049 2978 fas
2082 2939 2215 2987 erat3
2250 2931 2321 2978 sic
2410 2931 2598 2979 erc-tiles
2632 2931 2815 2979 Hebae.

1692 2995 1864 3056 Itaque
1900 2995 1946 3042 A
2076 3003 2140 3052 to,
2180 2994 2333 3042 maris
2365 2994 2472 3052 deo,
2510 3001 2609 3042 una
2648 2995 2815 3058 Nym·

1684 3059 1751 3168 ph
1754 3073 1907 3114 arum,
1934 3058 2145 3105 filiarum
2176 3057 2362 3106 Oceani
2392 3067 2444 3106 et
2459 3029 2693 3121 Tethyos,
2718 3059 2815 3107 da-

1718 3121 1843 3176 itur·
1878 3121 1964 3168 sed
1978 3121 2141 3196 pretio
2160 3121 2413 3184 proposito
2433 3129 2485 3170 et
2498 3122 2613 3170 dote
2634 3134 2817 3170 nume-

1686 3193 1805 3232 rata.
1870 3183 2135 3247 splendide
2156 3183 2412 3245 adjectum,
2433 3189 2635 3234 omnibus
2654 3189 2816 3235 undis.

1754 3251 1830 3296 82.
1874 3249 1956 3296 Αιι
1990 3261 2171 3295 novum
2204 3248 2339 3296 sidus
2370 3249 2495 3296 coelo
2526 3264 2819 3298 accessurus

1688 3311 1769 3360 sis.
1814 3313 2087 3370 Annorum,
2112 3311 2367 3370 mensium,
2386 3327 2443 3360 ae
2460 3313 2649 3361 dierum
2664 3327 2815 3361 men-

1689 3389 1853 3423 suram
1906 3375 2121 3424 siderum
2170 3347 2404 3424 dcem-sus
2446 3375 2587 3433 facit·
2643 3377 2817 3452 itaque

1690 3453 1861 3487 manses
1902 3445 2151 3488 memorat.
2232 3439 2407 3488 Tardus
2448 3439 2575 3488 dixit
2615 3439 2819 3504 poetico

1688 3517 1838 3560 more,
1874 3511 2063 3551 tannim
2096 3511 2153 3551 ut
2184 3503 2403 3568 epitheto
2434 3514 2659 3560 ornat-eta
2692 3519 2814 3554 nam

1690 3566 1821 3625 anni,
1858 3567 1978 3624 dies,
2026 3581 2234 3625 menses,
2278 3567 2425 3616 modo
2468 3568 2485 3614 l
2603 3602 2616 3626 ,
2660 3567 2815 3616 modo

1689 3632 1876 3689 breves,
1905 3632 2045 3690 tardi,
2074 3631 2272 3690 celeres,
2332 3646 2391 3679 ro
2418 3633 2551 3680 consi
2590 3645 2622 3679 ο
2650 3641 2817 3695 poete

1690 3694 1926 3760 appellari
1946 3705 2155 3760 possunt
2173 3711 2229 3743 ac
2250 3711 2309 3744 so
2326 3705 2423 3742 ent.

1756 3761 1833 3807 33.
1874 3763 1977 3812 Qua
2003 3763 2139 3816 locun,
2162 3760 2211 3808 h.
2236 3758 2365 3808 inter
2388 3759 2529 3822 signa
2550 3758 2814 3822 ngrnem

1690 3831 1742 3870 et
1774 3823 2044 3898 Scorpium,
2079 3837 2175 3885 qua
2206 3837 2337 3870 nunc
2370 3822 2521 3871 Libra
2552 3833 2650 3878 est·
2700 3839 2815 3885 quae

1688 3885 1791 3932 anti
2004 3885 2065 3934 ab
2108 3885 2333 3933 omnibus
2383 3885 2637 3949 astrologis
2680 3886 2817 3937 inter

1572 4012 1585 4024 υ
1598 3975 1621 3985 -
1688 3949 1861 4060 80·ιῖηῇ
1872 3963 1971 3996 ιιοιι
1979 3949 2294 4060 sgnbebatur,
2340 3949 2501 3998 locum
2542 3965 2659 3998 vero
2702 3953 2815 4014 ejus

1772 4027 1801 4060 e
1877 4027 1965 4060 seu

2132 4025 2259 4060 ionis
2272 4014 2470 4062 Brachia
2462 4015 2815 4089 occupabant,

1693 4091 1790 4139 quo
1830 4076 2049 4140 respexit
2134 4075 2229 4123 vid.
2276 4077 2399 4126 Met.
2442 4078 2493 4135 ii,
2540 4079 2813 4130 ηιξ-197.

1692 4141 1843 4188 0710!ae
1868 4149 2031 4190 autem
2052 4149 2299 4202 sequentes,
2322 4141 2401 4190 vel
2434 4141 2549 4216 quia
2578 4139 2817 4216 Scorpius

1692 4203 1884 4268 Virgini
1915 4219 1945 4254 a
1974 4211 2113 4267 tergo
2145 4213 2233 4262 est,
2258 4205 2339 4253 vel
2356 4205 2551 4268 poetieo
2572 4206 2815 4269 epitheto,

1690 4275 1746 4316 ut
1768 4269 1959 4316 hederae
1980 4267 2169 4317 flexiles
2190 4268 2420 4316 dicuntur
2440 4281 2689 4330 seqmees.

1757 4335 1833 4389 84,
1850 4335 1926 4380 ὅθ.
1959 4335 2141 4380 Ardent
2160 4333 2380 4393 Scorpios,
2398 4339 2631 4394 tantham
2649 4334 2817 4384 nisum
