3050 4934
443 199 568 264 170

1255 196 1928 264 GEORGICON

611 350 1083 432 Excursusque
1113 349 1348 414 breves
1378 357 1657 426 tentant,
1687 359 1757 413 et
1787 371 1963 433 saepe
1992 347 2275 434 lapillos,

443 451 566 516 195
611 449 707 514 Ut
734 449 984 534 cymbae
1009 448 1344 516 instabiles
1375 448 1581 516 fluctu
1602 449 1893 534 jactante
1924 450 2285 526 saburram,

607 550 916 630 Tollunt3
959 551 1062 616 his
1096 571 1242 616 sese
1269 572 1392 636 per
1417 552 1634 616 inania
1663 550 1884 617 nubila
1910 549 2173 615 librant.

609 652 799 718 Illum
827 653 995 718 adeo
1024 651 1345 737 placuisse
1376 653 1609 737 apibus
1641 653 1961 717 mirabere
1990 674 2257 730 morem,

609 755 814 828 Quod
844 777 964 819 nec
995 754 1346 819 concubitu
1375 753 1739 838 indulgent,
1769 777 1889 819 nec
1920 776 2197 839 corpora
2228 776 2463 838 segnes

610 856 688 919 In
718 856 1047 921 Venerem
1075 855 1354 934 solvunt,
1383 865 1498 919 aut
1527 855 1728 920 foetus
1758 856 2019 920 nixibus
2048 857 2293 920 edunt:

439 957 571 1022 200
613 955 865 1022 Verum
896 958 1058 1042 ipsae
1087 979 1123 1020 e
1153 955 1322 1020 foliis
1352 965 1543 1020 natos
1575 965 1642 1020 et
1674 957 1979 1020 suavibus
2008 957 2234 1022 herbis

609 1057 752 1122 Ore
783 1056 1044 1141 legunt3
1087 1057 1250 1140 ipsae
1281 1078 1501 1140 regem
1532 1078 1899 1140 parvosque
1934 1057 2230 1129 Quirites

612 1157 980 1235 Sufficiunt,
1010 1157 1321 1242 aulasque
1349 1167 1420 1222 et
1449 1179 1639 1221 cerea
1667 1178 1869 1240 regna
1900 1156 2253 1241 refingunt.

614 1258 810 1344 Saepe
839 1260 1032 1323 etiam
1062 1259 1243 1322 duris
1273 1257 1559 1322 errando
1585 1257 1649 1321 in
1680 1258 1934 1322 cotibus
1965 1256 2102 1322 alas

610 1357 967 1438 Attrivere,
999 1359 1302 1444 ultroque
1334 1359 1608 1423 animam
1640 1358 1763 1422 sub
1795 1357 1971 1422 fasce
2003 1359 2286 1424 dedere:

437 1461 573 1526 205
610 1460 869 1526 Tantus
899 1482 1078 1525 amor
1105 1459 1360 1538 florum,
1392 1469 1462 1523 et
1487 1460 1845 1543 generandi
1874 1458 2080 1543 gloria
2108 1459 2341 1526 mellis·

697 1561 884 1646 Ergo
913 1563 1090 1647 ipsas
1120 1563 1412 1646 quamvis
1439 1561 1698 1644 angusti
1729 1561 2039 1625 terminus
2071 1563 2193 1625 aevi

611 1662 958 1747 Excipiat3
1003 1685 1218 1746 neque
1247 1663 1419 1726 enim
1447 1659 1595 1746 plus
1628 1663 1903 1747 septima
1930 1663 2192 1728 ducitur
2220 1675 2454 1744 aestas;

612 1761 716 1828 At
738 1785 946 1848 genus
971 1761 1327 1827 immortale
1357 1773 1597 1838 manet,
1625 1761 1993 1847 multosque
2024 1787 2143 1849 per
2171 1788 2378 1832 annos

614 1865 763 1929 Stat
789 1864 1050 1929 fortuna
1078 1865 1332 1942 domus,
1365 1874 1433 1928 et
1463 1865 1565 1927 avi
1594 1874 2014 1929 numerantur
2044 1889 2331 1933 avorum.

439 1965 572 2030 210
613 1963 946 2030 Praeterea
971 1987 1195 2048 regem
1224 1987 1353 2028 non
1384 1966 1475 2028 sic
1505 1964 1839 2049 AEgyptos
1867 1977 1935 2030 et
1962 1967 2192 2051 ingens

614 2064 853 2148 Lydia,
883 2087 1004 2130 nec
1035 2065 1260 2149 populi
1291 2063 1707 2143 Parthorum,
1738 2077 1853 2130 aut
1884 2067 2127 2133 Medus
2160 2070 2539 2158 HydaspeS,

613 2165 1012 2230 Observant.
1089 2165 1280 2250 Rege
1310 2164 1610 2230 incolumi
1638 2187 1820 2231 mens
1850 2169 2145 2234 omnibus
2176 2193 2306 2237 una
2334 2185 2473 2252 est3

613 2266 880 2329 Amisso
907 2286 1146 2350 rupere
1176 2265 1397 2343 fidem,
1428 2277 1932 2352 constructaque
1962 2269 2152 2336 mella

613 2367 968 2452 Diripuere
998 2367 1183 2451 ipsae,
1215 2378 1286 2431 et
1312 2378 1525 2432 crates
1558 2366 1807 2432 solvere
1837 2368 2150 2436 favorum.

440 2469 571 2534 215
613 2467 734 2533 Ille
762 2489 1033 2552 operum
1063 2478 1320 2546 custos;
1365 2467 1544 2532 illum
1573 2469 1995 2550 admirantur,
2024 2482 2093 2537 et
2122 2497 2344 2541 omnes

511 2690 778 2742 194—196.
803 2695 1128 2743 Observatum
1143 2693 1235 2741 hoc
1252 2693 1432 2752 multis,
1447 2709 1565 2759 apes

441 2755 646 2806 adverso
663 2766 810 2805 vento
831 2757 1052 2806 volantes
1072 2756 1252 2822 lapillis
1272 2773 1326 2806 se
1343 2773 1562 2817 onerare,

441 2835 506 2868 ne
525 2836 555 2869 a
577 2828 724 2869 vento
740 2820 845 2869 abri
879 2820 1056 2869 iantur.
1105 2823 1290 2884 Cymbae
1309 2826 1562 2882 instabiles,

883 2893 1150 2936 uctuantes.

510 2947 780 2998 197—202.
806 2949 978 2996 Novus
997 2949 1230 2998 orationis
1242 2949 1396 2998 color:
1425 2953 1566 3000 Illum

439 3014 665 3060 ”tirohet-e
679 3030 697 3066 ,-
745 3012 796 3059 h.
835 3027 879 3059 e.
921 3012 1030 3069 alia,
1076 3027 1228 3076 eaque
1270 3029 1361 3062 nec
1401 3015 1566 3064 minus

439 3075 579 3132 mira,
603 3085 778 3125 natura
799 3087 888 3133 est,
911 3076 1040 3138 quod
1062 3076 1340 3126 concubitui
1363 3093 1462 3126 non
1485 3078 1561 3126 in-

439 3137 772 3201 dulgenunec
791 3139 1089 3202 concipiunt,
1109 3155 1200 3188 nec
1216 3140 1430 3204 pariunt.
1475 3143 1561 3190 ln-

438 3209 517 3249 ter
549 3201 716 3264 plures
737 3211 960 3250 veterum
992 3203 1055 3252 de
1085 3219 1232 3268 apum
1248 3205 1564 3267 generatione

435 3263 696 3328 opiniones
726 3275 832 3316 erat
863 3265 1012 3317 etiam
1031 3267 1149 3324 haec,
1171 3282 1271 3316 non
1301 3268 1439 3332 gig-ni
1472 3285 1563 3318 nec

437 3327 574 3376 nasei
597 3344 694 3387 ess,
718 3329 806 3378 sed
828 3345 892 3377 ex
911 3329 1112 3379 floribus
1141 3331 1254 3405 legi.
1312 3333 1458 3382 Nunc
1481 3347 1559 3382 re·

437 3392 618 3455 ginsm,
643 3392 790 3456 vulgo
819 3407 910 3456 pro
945 3409 1062 3457 rege
1091 3395 1322 3454 habitam,
1342 3412 1560 3445 commu—

438 3470 554 3505 nem
589 3456 757 3520 stirpis
790 3467 1038 3511 auctorem
1067 3473 1125 3506 ac
1155 3469 1424 3522 parentem,
1456 3461 1563 3510 ovis

437 3520 691 3586 psriundis
715 3520 869 3570 solam
891 3535 1078 3580 vacare,
1101 3523 1374 3572 communis
1395 3525 1564 3589 opinio

438 3593 542 3642 este
589 3585 722 3634 unde
759 3599 876 3634 mcx
917 3587 1239 3635 excludantur
1275 3603 1304 3636 a
1339 3605 1407 3646 es,
1449 3605 1562 3638 cum

437 3663 579 3698 novoe
612 3657 806 3708 manes,
845 3657 950 3698 tum
989 3665 1148 3701 mares
1181 3667 1268 3700 seu
1359 3653 1419 3710 ci,
1457 3663 1563 3702 tum

437 3712 775 3762 mellificantes
795 3728 927 3777 apes,
951 3714 1005 3762 in
1027 3715 1202 3777 quibus
1223 3717 1440 3764 nondum
1462 3717 1564 3765 ulla

435 3779 1428 3893 fflcff‘ssffi‘ssssssztffimfflffssssss
1441 3796 1561 3893 33¹?

435 3902 656 3962 stitusnt,
691 3919 799 3967 quae
831 3903 1076 3968 triplicem
1106 3919 1279 3954 sexum
1315 3908 1559 3971 complec-

509 4032 780 4081 208—205.
1006 4036 1158 4082 etim
1237 4035 1318 4082 Ex
1361 4033 1561 4084 floribus

433 4108 552 4157 apes
573 4104 625 4142 et
645 4095 817 4144 foetum
843 4106 895 4144 et
912 4097 1058 4144 foetus
1079 4097 1321 4146 cunabula
1341 4107 1392 4146 et
1419 4099 1557 4147 cubi-

433 4157 544 4205 cula
575 4171 748 4221 parare
779 4159 982 4208 dixerat.
1061 4161 1335 4225 Subiungit,
1369 4171 1558 4212 mutato

432 4221 692 4270 sententiae
735 4223 920 4280 ordine,
980 4225 1152 4288 Itaque
1207 4235 1342 4274 tanto
1384 4226 1560 4276 florum

433 4285 764 4334 obeundorum
786 4286 950 4334 studio
973 4297 1216 4348 tenentur,
1241 4301 1292 4339 et
1313 4300 1448 4340 tanta
1469 4307 1559 4356 spe

431 4348 599 4410 gloriae
639 4364 702 4397 ex
741 4349 901 4398 mellis
942 4353 1271 4412 generatione,
1315 4364 1369 4404 ut
1409 4356 1555 4406 etiam

440 2883 641 2934 levitate
663 2883 827 2932 oneris

1629 2694 1730 2744 slas
1762 2695 2009 2746 interdum
2042 2706 2257 2774 atterant
2284 2701 2441 2750 scutis
2472 2701 2667 2766 lapillis,
2704 2715 2758 2754 et

1628 2762 2331 2891 οξῗεῗὲἓόἱῖᾟῖἓῗῗιῖῗιῗῃ
2378 2837 2477 2878 tam
2520 2831 2649 2880 suem
2696 2847 2756 2882 ,ο

1627 2898 1829 3001 {3331
1832 2890 2093 3012 t'natalium
2116 2892 2360 3006 'ratioaele
2364 2909 2427 2942 ex
2460 2895 2662 3008 ssot-tibus
2688 2913 2757 3011 gg

1913 2972 2059 3018 genus
2107 2973 2267 3005 smmor
2410 2977 2541 3008 mane
2654 2977 2689 3010 u

1628 3016 1769 3080 copis
1788 3018 1979 3082 poetica
1998 3019 2141 3068 trinis
2162 3021 2321 3070 modis
2343 2995 2581 3074 enuntiat’.
2623 2978 2752 3075 (ιδε-

1627 3084 1788 3141 cu'pt‘at,
1811 3093 1869 3129 ut
1896 3083 2105 3142 fortuna,
2128 3085 2242 3144 sors,
2266 3087 2529 3147 calamitas,
2550 3105 2641 3138 nos
2662 3106 2753 3140 ex-

1628 3143 1792 3208 cipere
1824 3145 2029 3204 dicitur3
2064 3148 2111 3196 h.
2144 3158 2201 3198 ut
2232 3149 2295 3199 iis
2326 3152 2405 3200 sit.
2456 3153 2509 3200 U
2512 3163 2532 3201 t
2562 3157 2754 3214 λαβεῖν,

1628 3209 1921 3334 ἒὲἔὲἳὲῖιὲἲ
1942 3215 2284 3335 ἕῑῗωρῧῖιῗοῖη
2296 3214 2757 3331 ‹1333QO

1627 3333 1757 3392 dine,
1794 3346 2029 3400 tempore,
2062 3341 2273 3402 sequela.
2286 3296 2319 3344 p
2341 3298 2549 3394 Fortuvfa
2580 3299 2755 3408 doaz,

1627 3399 1844 3449 ornatius
1879 3417 2024 3464 quam
2058 3403 2247 3464 domus,
2276 3417 2329 3455 et
2357 3409 2450 3459 hoc
2479 3425 2570 3474 pro
2602 3427 2755 3476 apum

1625 3477 1819 3524 genere.

1692 3528 1803 3586 210,
1840 3531 1951 3578 211.
2000 3531 2173 3582 Plures
2210 3537 2383 3611 populi
2418 3549 2755 3592 memorantur

1625 3604 1797 3670 regum
1818 3608 2017 3644 suorum
2036 3596 2264 3662 inprimis
2280 3603 2607 3654 observantes.
2648 3607 2753 3669 Ly·

1625 3657 1912 3732 aufugeris,
1948 3673 2047 3708 non
2083 3674 2309 3727 respectu
2340 3667 2401 3715 ad
2434 3669 2623 3732 reliqua
2652 3671 2750 3719 im·

1626 3733 1763 3782 pena
1797 3721 1980 3782 habito,
2016 3725 2103 3772 sed
2141 3726 2203 3775 ad
2235 3729 2392 3778 Croesi
2434 3733 2662 3784 victorias
2701 3745 2756 3784 ot

1626 3797 1759 3846 opes·
1809 3787 1977 3836 Medus
1996 3791 2257 3864 Hydaspes.
2316 3795 2469 3844 Haud
2489 3797 2636 3846 dubie
2657 3815 2751 3863 po-

1624 3855 1728 3920 eta,-
1752 3847 1877 3896 forte
1899 3852 2060 3900 (ἴα-ωσι
2091 3853 2297 3918 alicujus
2328 3869 2488 3922 poetae
2508 3864 2753 3928 exemplo,

1626 3909 1908 3973 designasse
1963 3915 2155 3966 videtur
2208 3921 2469 3986 imperium
2528 3936 2755 3977 veterum

1628 3972 1901 4035 Persarum,
1940 3983 2085 4053 cnjus
2128 3983 2253 4032 fines
2296 3986 2359 4034 ad
2403 3989 2561 4038 Indiae
2614 3991 2752 4041 illam

1624 4047 1811 4100 partem
1826 4045 2139 4118 pertinebant
2157 4047 2210 4095 in
2229 4065 2325 4112 qua
2344 4051 2607 4118 Hydaspes
2626 4067 2749 4106 erat.

1624 4101 1722 4150 Pro
1737 4102 1935 4154 Persico
1948 4116 2128 4177 itaque,
2142 4114 2333 4162 Medum
2348 4131 2542 4166 amnem
2554 4121 2753 4183 poetico

1622 4181 1757 4278 nloglc
1800 4171 2079 4234 appellavit,
2116 4184 2174 4222 ut
2213 4177 2336 4226 Hor.
2378 4181 2471 4228 od.
2512 4182 2544 4241 i,
2584 4186 2627 4243 2,
2668 4187 2749 4244 51,

1625 4245 1652 4276 e
1742 4266 1755 4278 .

1652 4357 1663 4369 .
1688 4297 1801 4371 214..
1841 4301 2003 4349 Crates
2023 4299 2254 4363 favorum,
2292 4322 2381 4371 pro
2416 4309 2579 4361 textis-
2650 4313 2747 4363 Fa-

1622 4369 1757 4407 ciunt
1788 4371 1965 4425 ltaque,
1989 4367 2119 4428 quod
2140 4384 2271 4433 saepe
2292 4373 2539 4428 exercitus
2571 4376 2749 4427 fecisse
