3050 4934
517 272 604 336 42

1355 268 2005 336 BUCOLICON

685 421 1020 486 Formosae
1047 431 1297 504 myrtus
1329 419 1601 498 Veneri,
1635 443 1754 486 sua
1782 419 2006 486 laurea
2035 419 2331 486 Phoebo:

683 521 933 607 Phyllis
966 533 1140 587 amat
1168 520 1465 602 corulos;
1509 521 1652 588 illas
1684 523 1842 588 dum
1869 520 2121 606 Phyllis
2152 523 2417 599 amabit,

685 623 833 689 Nec
863 635 1112 709 myrtus
1143 625 1356 690 vincet
1385 623 1668 702 coruloS,
1700 646 1823 689 nec
1850 623 2076 690 laurea
2106 623 2367 690 Phoebi.

553 725 641 789 65
684 723 919 790 ΤΗΥΡ..
967 725 1292 790 Fraxinus
1323 727 1390 788 in
1421 724 1596 790 silvis
1628 725 2082 810 pulcherrima,
2115 727 2307 811 pinus
2338 725 2407 790 in
2432 723 2665 799 hortis,

682 825 978 911 Populus
1009 829 1076 892 in
1107 827 1342 904 fluviis,
1373 828 1555 891 abies
1584 827 1653 891 in
1682 829 2009 892 montibus
2038 827 2221 892 altis:

681 929 939 1013 Saepius
970 939 1038 993 at
1071 930 1128 993 si
1154 951 1281 1006 me,
1318 928 1571 1014 Lycida
1598 927 1905 1006 formose,
1937 929 2208 1006 revisas,

679 1029 1005 1094 Fraxinus
1035 1031 1102 1094 in
1135 1029 1310 1094 silvis
1338 1030 1533 1094 cedat
1561 1030 1703 1108 tibi,
1736 1030 1929 1114 pinus
1958 1032 2024 1094 in
2055 1030 2286 1095 hortis.

681 1129 870 1194 ΜΕΙ..
920 1131 1090 1195 Haec
1117 1131 1396 1209 memini,
1430 1142 1499 1196 et
1527 1133 1768 1196 victum
1796 1126 2043 1196 frustra
2076 1131 2475 1196 contendere
2506 1128 2823 1213 Thyrsin.

549 1233 636 1296 70
680 1231 836 1295 *Ex
865 1231 985 1308 illo,
1007 1230 1318 1317 Corydon
1348 1231 1660 1315 Corydon
1690 1243 1793 1297 est
1823 1243 2115 1318 tempore
2144 1233 2403 1297 nobis!

571 1435 650 1483 62.
687 1437 875 1498 Myrtus
903 1437 1082 1482 Veneri.
1119 1433 1342 1498 Myrtum
1364 1433 1476 1482 ideo
1495 1434 1627 1484 dica-

507 1507 608 1548 tam
632 1497 816 1547 Veneri
839 1499 1024 1558 volunt,
1048 1498 1164 1560 quia
1193 1514 1305 1547 cum
1332 1515 1360 1546 e
1386 1499 1509 1548 mari
1542 1515 1629 1547 ex-

507 1562 630 1612 isset
648 1562 793 1611 istuit
813 1563 866 1610 in
888 1573 1062 1626 myrto,
1082 1579 1146 1611 ne
1170 1563 1302 1612 nuda
1322 1563 1629 1627 conspicere-

508 1636 616 1683 tur-3
651 1627 730 1675 vel
755 1626 871 1689 quis
893 1627 1082 1691 fragilis
1107 1637 1196 1688 est,
1221 1637 1276 1676 ut
1297 1643 1434 1677 amor
1458 1628 1630 1678 incon-

509 1699 659 1803 8ωὸῃὲ
696 1757 845 1804 Pium
877 1760 928 1804 ὄπ
959 1759 1118 1815 hortis,
1153 1757 1300 1820 pinus
1341 1756 1511 1815 sativa,
1548 1772 1638 1806 seu

416 1854 425 1858 -
509 1819 778 1869 domestica
791 1829 842 1868 et
853 1821 1112 1879 hortensis,
1123 1821 1304 1870 ovidio
1314 1824 1422 1870 Art.
1439 1821 1510 1879 iii,
1521 1823 1633 1879 692,

501 1887 646 1959 pinus
685 1887 826 1942 culta,
852 1884 1000 1960 ’πίτυς
1038 1885 1222 1948 ἥμερος,
1257 1887 1402 1934 arbor
1441 1899 1637 1949 semper

509 1958 767 2060 Ἦιιθεὲιῆῗι·ι
785 1950 959 2060 “ciffi
975 1957 1239 2062 gast-{fine
1259 2023 1310 2062 et
1329 2012 1462 2078 pino.

574 2076 653 2124 69.
689 2078 909 2140 Operose
926 2076 1105 2124 docent
1119 2077 1214 2126 viri
1233 2077 1366 2125 docti
1380 2092 1471 2141 per
1483 2083 1637 2125 totam

507 2139 740 2202 eclogam,
765 2149 1065 2204 quantopere
1095 2141 1148 2188 in
1181 2141 1389 2204 singulis
1413 2140 1636 2190 versibus

507 2218 631 2315 3¹1&
631 2203 752 2331 ἓξ
752 2203 944 2316 33²3?
973 2204 1056 2326 ,ῖέἶ
1066 2206 1136 2317 ..1⁰
1137 2205 1436 2318 ⁰3ffl’sshfi‘
1453 2214 1635 2317 1332?

507 2339 666 2379 torem
696 2284 1078 2395 pronuntinsset,
1105 2285 1256 2382 iidem
1285 2285 1636 2396 Ιιιῇζῗῇυῶοἰί

507 2410 679 2444 causas
703 2406 753 2444 et
769 2397 1082 2461 probationes
1099 2398 1162 2446 ab
1180 2397 1354 2447 iisdem
1376 2398 1496 2447 locis
1513 2398 1633 2447 duc-

1698 1435 1795 1484 turi
1818 1435 1969 1484 fuisse
1991 1434 2263 1484 videantur.
2334 1435 2447 1484 Hoc
2469 1433 2609 1482 facile
2630 1431 2824 1497 perspi-

1697 1499 1788 1558 cio,
1825 1499 2039 1564 Thyrsin
2080 1516 2187 1548 esse
2228 1515 2291 1564 pe
2352 1507 2521 1547 ctuum
2554 1494 2829 1562 Corydonis

1696 1565 2099 1620 obtrectatoremg
2136 1565 2187 1611 id
2209 1579 2273 1626 qu
2361 1563 2469 1626 ipsa
2490 1562 2573 1611 lex
2594 1560 2829 1609 carminis

1697 1629 1917 1678 amoeboei
1936 1627 2176 1691 postulat:
2201 1629 2345 1690 hujus
2364 1637 2527 1676 tamen
2544 1641 2714 1674 versus
2730 1639 2830 1688 qun

1701 1693 1898 1741 tandem
1917 1691 1969 1740 in
1987 1707 2041 1740 re
2055 1692 2323 1755 Thyrsidos
2342 1689 2560 1740 numeris
2574 1698 2827 1764 praesteng

1699 1757 1785 1820 qui
1804 1757 1973 1832 tardus
1994 1771 2131 1804 meus
2159 1771 2333 1804 sensus
2362 1764 2451 1813 est,
2477 1753 2705 1817 equidem
2726 1767 2829 1800 non

1735 1836 1835 1869 eron
1872 1837 1934 1868 ιο.

1698 1838 1733 1886 p
1767 1837 1956 1936 703³ssoe
1978 1887 2057 1932 illo
2082 1885 2303 1946 Corydon,
2326 1881 2692 1947 accipiendum:
2746 1881 2833 1930 Ex

1700 1965 1761 1997 eo
1791 1959 2011 2013 tempore
2042 1948 2207 1998 animo
2242 1963 2352 1996 meo
2385 1946 2613 2012 Corydon
2648 1944 2831 1994 nobilis

1700 2012 1785 2062 ille
1804 2023 1853 2062 et
1866 2022 2044 2079 preter
2057 2029 2227 2062 omnes
2240 2011 2485 2062 excellens
2498 2021 2647 2060 cantu
2661 2019 2834 2074 pastor

1698 2077 1920 2126 habetur.
1986 2077 2085 2126 Sed
2110 2077 2341 2140 indignus
2368 2077 2577 2124 Marone
2606 2082 2685 2122 est
2714 2089 2827 2122 ver-

1701 2157 1799 2199 sus,
1836 2151 1887 2190 et
1912 2151 2013 2190 tam
2043 2141 2191 2199 iners,
2220 2150 2277 2188 ut
2304 2140 2389 2188 vix
2414 2155 2528 2188 eum
2560 2155 2591 2187 a
2616 2138 2831 2200 Virgilio

1700 2207 1973 2270 profectum
1996 2221 2103 2254 esse
2124 2205 2244 2254 mihi
2256 2204 2599 2280 persuadeam.
2651 2202 2826 2257 Quan-

1703 2279 1807 2318 tum
1832 2279 2033 2335 proestst
2062 2270 2421 2326 'Bienor-iteum,
2450 2267 2591 2330 Idyll.
2616 2267 2720 2324 viii,
2746 2267 2829 2314 92.

1703 2333 1810 2397 Κᾷκ
1846 2332 2004 2384 τούτω
2034 2331 2218 2396 Δάφνις
2250 2333 2378 2395 παρὰ
2416 2329 2610 2392 ποιμέσι
2648 2331 2834 2393 πρὸτω·

1846 2417 1887 2446 0.

711 2997 1164 3064 ECLOGA
1209 2997 1434 3065 VIII.
1527 2995 2541 3064 PHARMACEUTRIA.

1361 3213 1967 3264 ARGUMENTUM.

507 3327 730 3377 Duorum
759 3335 1011 3393 pastorum
1042 3327 1273 3387 carmina,
1307 3327 1516 3377 alterum
1549 3343 1577 3376 e
1607 3325 1857 3376 Theocriti
1892 3325 2033 3391 Idyll.
2062 3326 2132 3384 iii,
2164 3325 2371 3375 alterum
2402 3341 2467 3375 ex
2498 3323 2640 3390 Idyll.
2669 3324 2705 3374 ii
2740 3341 2829 3376 ex-

567 3423 751 3474 pressa,
775 3407 1045 3457 recitantur
1066 3424 1097 3457 a
1117 3418 1276 3474 poeta,
1313 3417 1543 3471 tanquam
1566 3407 1650 3471 qui
1672 3424 1731 3456 ea
1753 3407 1975 3467 audierit,
2000 3424 2046 3456 v.
2075 3408 2214 3464 1-5,
2240 3407 2318 3466 62,
2344 3407 2422 3456 68.
2494 3405 2556 3456 In
2580 3407 2828 3456 Damonis

565 3488 798 3547 carmine,
828 3487 1032 3547 17-61,
1050 3487 1214 3552 gravis
1236 3488 1373 3537 dolor
1395 3497 1446 3536 et
1467 3487 1706 3552 aegritudo
1728 3487 1933 3551 alicuius
1954 3487 2178 3552 pastoris,
2202 3487 2283 3535 cui
2308 3487 2446 3548 Nisa,
2466 3496 2627 3537 amata
2642 3487 2831 3552 puella,

569 3569 805 3635 Mopsum
833 3568 1038 3618 rivalem
1067 3569 1364 3634 praetulerat,
1395 3568 1629 3633 praelate
1659 3567 1952 3633 exponitur-3
1988 3567 2041 3616 in
2065 3567 2373 3632 Alphesiboei
2404 3568 2635 3626 omnine,
2668 3569 2735 3616 64
2764 3568 2831 3617 ad

569 3649 669 3709 fin„
691 3649 870 3698 mulier
893 3647 1144 3713 Daphnin,
1169 3657 1414 3698 amantem
1451 3663 1610 3708 suum,
1635 3663 1665 3697 a
1686 3665 1783 3713 quo
1818 3664 1871 3697 se
1898 3647 2141 3697 desertam
2172 3663 2279 3697 esse
2306 3650 2523 3712 putabat,
2556 3647 2826 3697 incantati-

567 3729 744 3778 onibus
765 3729 969 3792 magicis
991 3729 1053 3777 sd
1074 3745 1128 3778 se
1148 3739 1358 3778 revocat.
1416 3729 1629 3778 Putandi
1652 3728 1783 3778 enim
1806 3727 1858 3777 hi
1882 3737 1997 3777 sunt
2018 3743 2127 3777 esse
2156 3727 2293 3777 lusus
2314 3728 2570 3792 utriusque
2600 3727 2831 3794 pastoris,

567 3810 652 3874 qui
679 3825 868 3859 amores
887 3808 1094 3858 aliorum
1115 3821 1512 3866 commemorant,
1544 3823 1643 3858 non
1672 3823 1800 3858 suos.
1871 3808 2147 3872 Utrumque
2168 3823 2365 3858 carmen
2387 3823 2479 3874 per
2500 3825 2555 3859 se
2576 3807 2673 3858 sibi
2704 3825 2827 3860 con-

567 3899 687 3948 stst3
713 3905 806 3939 nec
821 3889 1020 3938 vinculo
1041 3888 1142 3937 ullo
1163 3903 1224 3937 ea
1242 3897 1488 3947 tenentur,
1511 3881 1609 3936 nisi
1632 3887 1763 3950 quod
1781 3902 1812 3935 a
1832 3887 1963 3936 binis
1984 3887 2263 3953 pastoribus
2284 3888 2567 3948 recitantur,
2592 3890 2677 3954 qui
2698 3889 2835 3941 inter

567 3985 621 4018 se
644 3981 855 4020 certasse
878 3969 1121 4027 videntur,
1146 3967 1190 4017 si
1213 3968 1412 4034 proprie
1435 3967 1563 4016 dixit
1588 3976 1748 4032 poeta,
1773 3983 1818 4015 v.
1844 3967 1923 4025 62,
1946 3971 2245 4030 responderit.
2313 3970 2490 4019 Artem
2516 3978 2569 4018 et
2596 3969 2831 4036 spiritum

566 4059 723 4114 poetae
745 4050 798 4099 in
820 4059 997 4099 neutro
1019 4048 1280 4098 desideres.
1350 4047 1482 4098 Nam
1504 4048 1612 4112 ipsa
1639 4047 1986 4096 incantationis
2008 4041 2211 4112 mag‘icae
2232 4049 2498 4115 descriptio
2520 4065 2621 4100 non
2644 4051 2826 4101 sbhor-

567 4143 682 4178 rens
707 4131 770 4178 ab
799 4130 891 4180 hoc
921 4129 1140 4194 poetices
1164 4143 1345 4192 genere
1375 4136 1717 4192 argumentum
1748 4127 1905 4177 videri
1936 4127 2109 4186 debet3
2143 4138 2278 4178 recte
2308 4129 2442 4179 enim
2474 4139 2526 4179 et
2556 4145 2621 4180 ex
2650 4139 2831 4181 namra

567 4217 748 4267 nosne,
779 4210 1173 4274 quandoquidem
1202 4223 1430 4272 agrorum
1461 4217 1514 4257 et
1542 4208 1777 4258 silvarum
1810 4207 2073 4258 solitudine
2097 4209 2221 4258 mire
2244 4209 2370 4259 affici
2400 4209 2553 4259 animi
2585 4211 2742 4260 nostri
2776 4221 2831 4262 et

567 4287 630 4338 ad
659 4287 948 4354 religionem
977 4289 1203 4356 componi
1237 4290 1410 4348 solent,
1443 4287 1720 4354 pastoribus
1752 4289 2018 4354 proclivius
2048 4289 2215 4356 paullo
2244 4302 2296 4340 et
2324 4290 2529 4356 pronius
2558 4291 2613 4341 in
2648 4309 2825 4358 super-

566 4367 792 4420 stitiones
815 4379 865 4418 et
887 4369 1100 4434 magicas
1121 4369 1337 4420 rationes
1360 4369 1613 4436 ingenium
1637 4369 1883 4420 tribuitur.

507 4449 752 4514 Inscripta
781 4465 898 4497 vero
929 4459 1004 4497 est
1033 4450 1201 4512 ecloga
1227 4451 1404 4500 Asinio
1427 4449 1653 4510 Pollioni,
1679 4467 1723 4499 v.
1748 4451 1924 4510 6-18,
1948 4451 2031 4515 qui
2060 4460 2165 4502 mm
2185 4453 2239 4502 in
2266 4453 2517 4516 Illyricum
2548 4455 2823 4506 exercitum
