3050 4934
1192 288 1534 356 LIBER
1580 289 1718 357 lx.

2481 290 2606 353 507

470 431 773 499 Avertit?
820 446 1035 500 tantos
1068 440 1313 503 ratibus
1344 442 1491 523 quis
1522 438 1776 524 depulit
1803 441 2033 522 ignes?

468 530 710 598 Dicite.
791 534 1019 601 Prisca
1046 537 1213 603 fides
1244 539 1441 617 facto,
1474 541 1591 604 sed
1623 540 1792 603 fama
1820 540 2146 623 perennis.

338 630 425 693 80
465 631 795 717 Tempore
826 659 958 720 quo
982 640 1258 722 primum
1290 640 1581 724 Phrygia
1609 640 1930 704 formabat
1958 642 2024 702 in
2055 639 2178 703 Ida

466 732 711 799 AEneas
742 736 1036 816 classem,
1069 750 1136 804 et
1165 739 1382 824 pelagi
1408 752 1636 824 petere
1666 740 1797 803 alta
1823 741 2120 823 parabat,

463 832 620 918 Ipsa
648 835 843 901 defim
872 838 1083 903 fertur
1109 841 1409 923 genetrix
1440 840 1832 923 Berecyntia
1859 860 2162 923 magnum

462 933 755 1001 Vocibus
786 938 889 1001 his
920 939 1117 1003 affata
1148 940 1413 1004 Jovem:
1462 940 1596 1017 Da,
1627 952 1800 1015 nate,
1831 941 2105 1024 petenti,

463 1035 666 1109 Quod
698 1048 810 1103 tua
839 1061 990 1103 cara
1020 1062 1257 1124 parens
1290 1041 1534 1104 domito
1565 1051 1630 1105 te
1660 1042 1871 1125 poscit
1901 1040 2203 1125 Olympo.

333 1136 419 1199 85
464 1136 671 1202 Pinea
700 1137 860 1203 silva
886 1140 1065 1217 mihi,
1096 1141 1331 1205 multos
1364 1141 1602 1207 dilecta
1629 1164 1750 1226 per
1780 1164 2006 1219 annos,

464 1238 503 1277 ⁴⁵
522 1237 743 1321 Lucus
776 1241 842 1303 in
868 1262 1017 1305 arce
1048 1240 1170 1305 fuit
1201 1264 1469 1321 summa,
1500 1265 1632 1329 quo
1663 1266 1848 1309 sacra
1879 1243 2199 1320 ferebant,

462 1338 825 1422 *Nigranti
855 1342 1042 1424 picea
1072 1343 1497 1426 trabibusque
1528 1345 1846 1408 obscurus
1879 1345 2127 1407 acernis
2148 1345 2209 1406 ε*

462 1438 606 1503 Has
637 1462 763 1524 ego
789 1441 1131 1505 Dardanio
1146 1444 1395 1526 juveni,
1427 1467 1628 1527 quum
1657 1444 1880 1508 classis
1911 1455 2162 1527 egeret,

463 1540 653 1604 Laeta
683 1541 872 1605 dedi:
922 1565 1093 1607 nunc
1125 1542 1461 1608 sollicitam
1489 1546 1678 1609 timor
1707 1545 1938 1609 anxius
1969 1555 2181 1629 urget.

330 1639 419 1703 90
463 1639 655 1705 Solve
685 1652 919 1720 metus,
947 1653 1145 1726 atque
1174 1644 1301 1709 hoc
1330 1646 1634 1729 precibus
1669 1646 1805 1709 sine
1837 1667 2032 1729 posse
2065 1655 2424 1730 parentem,

458 1740 567 1805 Ne
600 1764 799 1806 cursu
828 1756 1156 1826 quassatae
1184 1743 1339 1822 ullo,
1372 1768 1503 1809 neu
1532 1746 1791 1811 turbine
1821 1748 1996 1809 venti

448 1839 847 1933 ⁷vincantur:
896 1846 1105 1928 prosit
1133 1848 1373 1910 nostris
1404 1848 1470 1909 in
1500 1848 1826 1911 montibus
1857 1856 2056 1911 ortas·

456 1930 657 2006 Filius
686 1942 841 2007 huic
869 1956 1117 2021 contra,
1153 1956 1415 2029 torquet
1442 1950 1557 2031 qui
1589 1932 1804 2011 sidera
1832 1948 2089 2012 mundi:

459 2042 524 2104 Ο
555 2045 875 2126 genetrix,
906 2068 1039 2127 quo
1069 2046 1202 2110 fata
1232 2050 1470 2112 vocas?
1516 2058 1631 2111 aut
1659 2050 1818 2131 quid
1847 2050 2016 2133 petis
2049 2050 2235 2114 istis?

320 2144 408 2208 95
452 2142 804 2209 Mortaline
834 2168 1031 2210 manu
1058 2146 1247 2211 factae
1277 2149 1632 2212 immortale
1663 2151 1900 2213 carinae

452 2245 581 2310 Fas
611 2246 943 2311 habeant?
989 2258 1338 2333 certusque
1366 2252 1614 2314 incerta
1643 2249 1934 2334 pericula
1960 2250 2196 2317 lustret

452 2346 743 2411 AEneas?
792 2350 896 2412 cui
926 2360 1107 2413 tanta
1138 2351 1264 2413 deo
1292 2351 1610 2434 permissa
1639 2354 1973 2433 potestas?

454 2448 677 2526 Imm0,
709 2449 823 2514 ubi
851 2448 1180 2514 defunctae
1210 2450 1406 2515 finem
1434 2461 1796 2534 portusque
1828 2451 2146 2515 tenebunt

449 2549 807 2627 Ausonios,
840 2550 990 2614 olim
1020 2574 1426 2635 quaecunque
1457 2552 1738 2615 evaserit
1767 2552 1982 2627 undis,

288 2649 413 2713 100
458 2650 995 2737 Dardaniumque
1028 2654 1261 2717 ducem
1295 2652 1652 2717 Laurentia
1680 2652 1930 2715 vexerit
1959 2672 2136 2727 arva,

274 2800 1145 2921 {ffiffiifissessenssssffffssssssibeu's‘et
1161 2804 1403 2931 ¹315:AE

276 2928 487 2976 matibus
511 2944 619 2977 eam
642 2929 849 2978 nimium
866 2940 1101 2993 quantum
1123 2933 1398 2981 abhorrere.

277 2993 385 3039 Nec
409 3008 525 3041 vero
564 2994 707 3041 Maro
744 2994 835 3041 hoc
873 3010 972 3043 non
1012 2995 1311 3059 persensisse
1352 3005 1403 3043 et

275 3056 383 3120 ipse
418 3056 574 3105 videri
611 3058 767 3106 debet.
826 3059 939 3107 Hoc
980 3060 1111 3107 enim
1152 3070 1268 3118 erat,
1316 3076 1404 3108 cur

274 3136 403 3168 novo
438 3136 570 3169 more
614 3122 799 3170 aditum
835 3122 929 3171 sibi
973 3124 1034 3171 ad
1073 3124 1401 3173 narrationem

274 3184 505 3232 muniret.

342 3248 419 3299 79.
454 3250 620 3296 Prisca
628 3247 907 3310 fidessacto,
930 3249 1154 3311 sedfama
1172 3255 1400 3311 perennis,

274 3326 373 3359 non
414 3311 615 3387 capiunt
653 3312 852 3361 Servius
893 3323 945 3362 et
979 3314 1075 3361 alii.
1150 3317 1286 3361 Fides
1327 3324 1403 3363 est

274 3378 380 3437 ejus
415 3390 497 3438 qm
532 3375 714 3439 aliquid
748 3376 909 3434 tradit,
934 3375 1010 3424 vel
1043 3378 1116 3425 rei
1150 3394 1258 3441 quae
1285 3393 1397 3425 nar-

276 3449 425 3497 ratur,
452 3456 559 3502 quae
594 3440 713 3489 alias
744 3444 1025 3489 auctoritas.-
1059 3442 1181 3489 adeo
1214 3456 1275 3489 ue
1310 3457 1400 3505 pro

272 3503 290 3550 i
326 3519 383 3551 sa
416 3508 681 3552 narratione
716 3504 829 3567 poni
838 3514 927 3553 tur.
989 3504 1147 3569 Igitur
1201 3513 1316 3563 acto,
1350 3506 1397 3553 h.

322 3568 404 3625 cti,
420 3572 581 3629 prisca
603 3576 671 3617 est
688 3571 824 3629 fides,
848 3569 1073 3617 narratio.
1134 3570 1263 3617 Rem
1284 3584 1396 3617 nar-

274 3640 352 3679 rat
386 3632 610 3680 traditam
642 3633 703 3681 ab
724 3631 937 3694 antiquis
970 3633 1276 3689 hominibus;
1312 3632 1399 3681 sed

272 3704 527 3743 constante
556 3695 685 3744 fama
706 3696 768 3744 ad
790 3696 999 3745 seriores
1019 3705 1187 3745 etates
1218 3712 1395 3761 propa-

272 3774 547 3870 ga80—84·.
583 3824 675 3871 Ida
698 3838 837 3871 mons
858 3823 1035 3887 etipse
1058 3840 1194 3873 sacer
1212 3839 1401 3887 magnae

274 3886 427 3935 Matri
469 3886 630 3944 deum,
670 3902 770 3935 non
809 3886 972 3936 minus
1008 3904 1066 3937 ac
1100 3891 1247 3937 Berec
1310 3896 1398 3946 tm,

272 3950 500 4025 Phrygiae
532 3967 673 4000 mons
696 3960 747 3999 et
778 3960 974 4009 tractus,
1006 3968 1036 4001 a
1060 3968 1156 4015 quo
1178 3954 1225 4000 h.
1268 3987 1281 4000 .
1306 3968 1395 3999 no-

272 4030 385 4063 men
422 4014 658 4071 inditum3
696 4014 768 4063 uti
801 4015 921 4063 alias
942 4016 1026 4064 illa
1048 4019 1177 4065 Idaeoe
1200 4020 1287 4065 dea
1308 4032 1393 4080 ap-

270 4078 451 4141 pellata
469 4087 556 4127 est.
602 4080 996 4127 Consentaneum
1016 4090 1135 4138 erat,
1154 4090 1209 4130 ut
1231 4080 1399 4145 pineta

270 4141 453 4189 montis
476 4142 523 4190 ei
556 4152 721 4191 essent
750 4159 901 4192 sacra.
957 4144 1081 4193 Puta
1104 4144 1346 4206 adjectum
1368 4160 1399 4193 a

306 4215 418 4255 oeta
452 4209 619 4255 domito
646 4210 848 4270 Olympo,
880 4222 971 4271 pro
1004 4224 1077 4265 eo,
1102 4208 1231 4270 quod
1266 4208 1397 4257 vole-

335 4277 369 4326 t,
415 4269 719 4329 domitorem,
753 4279 981 4333 potentem
1018 4274 1214 4333 Olympi,
1251 4288 1401 4335 regem

271 4337 470 4392 deorum,
496 4334 673 4393 dicere,
709 4335 793 4398 qui
826 4335 947 4384 adeo
976 4346 1142 4400 posset
1172 4336 1399 4399 precibus

272 4397 565 4446 satisfacere.

336 4462 544 4511 85—87.
596 4462 671 4509 Ad
712 4462 801 4511 hos
836 4478 1007 4512 versus
1042 4462 1287 4511 neminem
1322 4464 1394 4510 of-

270 4524 483 4575 fendisse
506 4526 681 4582 miron
719 4542 825 4575 esse
849 4526 979 4575 enim
1004 4527 1191 4577 hiulcos
1214 4537 1263 4575 et
1290 4544 1393 4575 sca-

1468 2804 1594 2860 bros,
1615 2818 1705 2851 nec
1728 2802 1972 2852 sententia
1991 2802 2234 2850 cohaerere
2256 2816 2370 2851 cum
2387 2805 2593 2865 caeteris,

1467 2868 1529 2915 ad
1565 2882 1762 2915 sensum
1797 2866 2013 2930 proclive
2053 2875 2142 2915 est.
2207 2867 2454 2921 Quorsum
2488 2885 2592 2917 me-

1466 2941 1684 2981 moratur
1729 2935 1856 2979 lucus
1895 2935 1944 2978 in
1984 2946 2103 2989 arce,
2144 2946 2256 2979 cum
2301 2930 2353 2979 in
2401 2932 2492 2980 lda
2531 2934 2596 2981 ad

1467 2996 1776 3044 Antandrum
1812 2995 1980 3043 classis
2013 2994 2250 3043 aedificata
2286 3004 2428 3044 esset.
2486 2998 2533 3045 N
2539 3013 2595 3046 ec

1466 3060 1585 3108 satis
1601 3069 1994 3116 consentaneum,
2016 3057 2058 3107 si
2075 3063 2259 3121 pineam
2277 3062 2438 3108 silvam
2453 3060 2593 3120 dixit,

1467 3124 1670 3171 eandem
1707 3124 1864 3172 facere
1897 3127 1952 3171 N
1951 3128 2176 3187 igricante
2206 3128 2341 3185 picea
2370 3132 2418 3173 et
2440 3130 2592 3174 aceri·

1470 3190 1551 3235 bus
1572 3192 1818 3236 obscuram.
1877 3188 2144 3237 Praestabat
2176 3187 2338 3237 delere
2360 3188 2459 3237 duo
2481 3205 2590 3239 ver-

1466 3266 1564 3309 sus,
1605 3262 1832 3313 tanquam
1853 3252 2048 3300 aliunde
2083 3252 2136 3299 in
2167 3252 2386 3314 margine
2422 3253 2591 3317 appic-

1466 3322 1569 3369 tos;
1605 3325 1791 3362 mutato
1814 3330 1941 3371 mox,
1971 3315 2032 3363 iis
2065 3315 2226 3373 illatis,
2253 3332 2354 3364 voc.
2379 3317 2593 3365 Huncin

1465 3380 1572 3425 Has
1587 3396 1602 3423 :
1659 3378 1834 3425 saltem
1874 3377 2124 3426 includere
2169 3394 2253 3427 eos
2294 3380 2592 3453 parenthesi,

1466 3450 1695 3502 tanquam
1719 3456 1748 3488 a
1769 3450 1912 3504 poeta
1934 3452 2184 3490 narratore
2205 3441 2267 3490 ad
2297 3452 2592 3505 interpreta-

1468 3504 1650 3552 tionem
1673 3504 1894 3553 insertos.

1529 3568 1736 3616 94—97.
1778 3571 1874 3619 Quo
1893 3565 2009 3627 fata
2038 3572 2202 3615 voca?
2235 3568 2454 3625 invertis,
2478 3585 2588 3617 mu-

1464 3640 1560 3687 tasz
1598 3631 1669 3679 uti
1692 3630 1790 3679 fata
1810 3635 1942 3687 verti,
1955 3634 2100 3691 flecti,
2125 3636 2310 3689 mutar-i,
2335 3632 2590 3690 dicuntur;

1463 3704 1550 3744 aut
1575 3698 1688 3757 quid
1714 3698 1838 3756 petie
1873 3698 1978 3742 istis
2011 3694 2228 3743 trabibus
2260 3711 2348 3743 seu
2383 3696 2592 3746 navibus

1466 3760 1538 3819 (h.
1579 3760 1631 3807 in
1672 3774 1838 3807 earum
1875 3758 2122 3821 gratiam).
2187 3760 2448 3808 Imnwrtale
2471 3759 2590 3821 sae,-

1464 3824 1511 3871 h.
1536 3822 1568 3870 l.
1593 3839 1682 3887 pro
1703 3822 2008 3877 conditione;
2045 3832 2100 3871 ut
2121 3825 2218 3885 ius.
2244 3826 2492 3887 Cer-tuque
2515 3828 2589 3872 in-

1464 3895 1619 3941 eerta,-
1652 3897 1708 3935 ut
1741 3888 1802 3935 ab
1837 3886 1979 3935 initio
2008 3886 2171 3935 statim
2203 3896 2392 3935 certum
2414 3897 2466 3935 et
2500 3903 2588 3936 ex-

1462 3951 1705 4015 ploratum
1736 3952 1912 3999 habeat
1939 3950 2137 4007 AEneas,
2165 3950 2218 3998 in
2244 3951 2476 4015 periculis
2509 3951 2588 3999 in-

1462 4015 1704 4064 stantibus
1726 4030 1778 4063 se
1800 4014 2093 4063 incolumem
2115 4014 2233 4064 fore.

1528 4081 1606 4136 98,
1629 4080 1705 4127 99.
1740 4077 1997 4139 Βςίκπσεω,
2029 4078 2157 4141 quod
2187 4077 2383 4141 plenius
2413 4078 2476 4137 vi,
2508 4082 2586 4139 83,

1462 4146 1640 4206 magnis
1650 4145 1810 4205 pelagi
1833 4140 2041 4203 defuncte
2055 4144 2256 4203 periclis.
2319 4145 2439 4190 Olim
2461 4160 2586 4205 φια-

1465 4224 1638 4269 cunque
1666 4211 1862 4255 evaserit
1893 4208 2041 4253 undis.
2112 4206 2159 4253 N
2163 4221 2228 4253 on
2259 4204 2390 4253 enim
2418 4222 2590 4258 omnes

1466 4279 1746 4325 evaserant3
1790 4270 1877 4317 sed
1909 4284 2056 4317 unam
2089 4269 2290 4318 Orontis
2324 4278 2590 4345 tempestas

1462 4344 1698 4383 merserat
1731 4332 1868 4390 mari,
1906 4332 1939 4390 i,
1975 4334 2093 4388 1133
2129 4346 2334 4395 quatuor
2365 4334 2473 4383 alne
2505 4335 2584 4384 in-

1461 4413 1621 4447 censae
1664 4413 1693 4446 a
1735 4396 2020 4445 mulieribus
2063 4397 2115 4445 in
2160 4396 2339 4457 Sicilia,
2385 4415 2432 4457 v,
2473 4400 2586 4449 699.

1462 4462 1598 4525 Ergo
1630 4478 1692 4510 ex
1713 4477 1781 4510 xx
1805 4462 2001 4510 navium
2024 4476 2243 4518 numero,
2267 4477 2364 4510 non
2393 4462 2488 4511 nisi
2520 4480 2588 4515 κ(

1464 4526 1730 4575 incolumes
1753 4526 1970 4576 Tiberim
1994 4526 2306 4575 intraverant.
