3050 4934
482 235 570 308 76

1302 229 1979 296 GEORGICON

657 383 799 448 Aut
829 383 1002 448 redit
1030 405 1069 446 a
1097 381 1286 446 nobis
1316 379 1603 458 Aurora,
1636 380 1936 464 diemque
1967 380 2262 457 reducit3

481 485 614 551 250
656 485 932 568 Nosque
961 485 1076 548 ubi
1105 485 1352 569 primus
1383 483 1568 566 equis
1603 481 1843 546 Oriens
1875 481 2117 545 afflavit
2146 480 2419 558 anhelis,

655 587 794 652 Illic
827 609 974 651 sera
1004 588 1246 651 rubens
1277 586 1577 650 accendit
1605 584 1843 648 lumina
1874 582 2157 668 Vesper.

656 688 833 753 Hinc
865 697 1288 772 tempestates
1315 687 1518 750 dubio
1546 685 1940 770 praediscere
1974 683 2141 748 coelo

655 789 1038 865 Possumus,
1069 787 1222 852 hinc
1249 788 1611 871 messisque
1646 786 1819 850 diem
1848 795 2237 869 tempusque
2271 785 2571 860 serendi;

656 891 752 955 Et
781 889 1045 974 quando
1073 887 1345 952 infidum
1375 888 1569 950 remis
1598 883 1930 970 impellere
1960 908 2241 949 marmor

481 993 614 1057 255
657 992 1053 1067 Conveniat3
1098 989 1364 1074 quando
1393 998 1675 1052 armatas
1706 987 2035 1052 deducere
2064 986 2307 1051 classes
2332 1013 2351 1063 ;

654 1092 800 1158 Aut
827 1093 1278 1176 tempestivam
1309 1089 1482 1154 silvis
1511 1097 1809 1153 evertere
1838 1089 2085 1172 pinum.

739 1193 888 1259 Nec
918 1193 1166 1257 frustra
1195 1193 1526 1275 signorum
1557 1190 1775 1255 obitus
1808 1187 2218 1273 speculamur
2244 1199 2313 1252 et
2346 1201 2553 1264 ortus,

655 1295 1226 1380 Temporibusque
1255 1313 1480 1376 parem
1511 1291 1785 1356 diversis
1816 1300 2097 1372 quatuor
2126 1312 2392 1354 annum.

654 1396 961 1480 Frigidus
991 1392 1338 1477 agricolam
1369 1393 1423 1455 si
1453 1391 1718 1475 quando
1749 1391 2037 1454 continet
2064 1391 2293 1466 imber,

482 1497 614 1562 260
657 1494 897 1571 Multa,
930 1494 1146 1559 forent
1175 1514 1322 1577 quae
1349 1515 1507 1556 mox
1538 1490 1703 1556 coelo
1736 1493 2152 1575 properanda
2182 1513 2438 1568 sereno,

656 1597 999 1662 Maturare
1028 1596 1259 1660 datur:
1307 1595 1545 1659 durum
1572 1591 1878 1676 procudit
1906 1602 2126 1656 arator

655 1697 958 1763 Vomeris
989 1697 1208 1760 obtusi
1239 1696 1538 1772 dentem3
1583 1703 1771 1757 cavat
1800 1694 2034 1756 arbore
2063 1691 2329 1769 lintres;

653 1797 799 1863 Aut
825 1798 1048 1883 pecori
1077 1797 1330 1880 signum
1355 1806 1470 1859 aut
1499 1816 1803 1858 numeros
1836 1795 2163 1877 impressit
2190 1795 2465 1857 acervis.

656 1899 1013 1964 Exacuunt
1041 1898 1146 1961 alii
1177 1896 1374 1960 vallos
1403 1896 1752 1978 furcasque
1782 1895 2082 1959 bicornes
2088 1941 2107 1971 ‚

484 2001 614 2066 265
657 1998 882 2085 Atque
911 1998 1225 2063 Amerina
1253 2008 1490 2082 parant
1515 1996 1710 2060 lentae
1738 1995 2096 2061 retinacula
2124 1996 2260 2060 viti.

477 2214 567 2264 rio.
635 2215 796 2268 Quam
835 2227 952 2260 vero
991 2220 1160 2260 ornate
1193 2214 1462 2272 intempesta
1497 2213 1605 2258 silet

481 2279 596 2342 (pro
636 2279 737 2339 est)
789 2279 1153 2333 nox—tenebra,
1205 2285 1260 2323 ut
1311 2274 1605 2338 profundam

476 2351 688 2400 noctem,
732 2340 857 2389 altas
897 2341 1138 2396 tenebras,
1184 2355 1292 2388 csse
1331 2338 1603 2401 significet!

477 2408 588 2456 Noe
621 2415 788 2454 autem
817 2404 897 2468 (ut
923 2403 1160 2466 tenebrae)
1189 2403 1484 2460 obtenditur,
1515 2403 1603 2451 ob-

477 2469 674 2519 ducitur
705 2468 830 2518 coelo
867 2478 919 2516 et
953 2477 1108 2516 terrae.
1189 2467 1391 2516 Homer.
1429 2467 1607 2530 Odyss-

477 2543 530 2592 λ,
558 2535 654 2614 ¹9²..
667 2533 808 2583 Ἀλλ’
837 2532 913 2582 ἐπὶ
935 2531 1017 2593 νὺξ
1043 2531 1163 2590 ὀλοὴ
1182 2529 1382 2581 τέταται
1409 2533 1611 2581 δειλοῖσι

603 2615 711 2648 οισι.

545 2663 820 2711 249—251.
867 2663 1012 2710 Redit
1043 2664 1232 2710 Aurora
1265 2659 1368 2708 scil.
1405 2659 1468 2707 ad
1493 2675 1605 2715 eos3

477 2726 584 2774 adit
625 2741 723 2774 eos.
803 2729 952 2788 Equis
995 2727 1316 2774 anhelantibus
1359 2722 1605 2780 tribuitur,

476 2794 634 2850 ware
657 2789 710 2836 id
730 2790 860 2851 quod
881 2799 994 2838 ante
1017 2805 1070 2838 se
1092 2789 1302 2844 habentg
1337 2797 1394 2836 ut
1417 2787 1472 2835 in
1493 2803 1604 2836 cur-

478 2867 564 2901 sus
593 2853 862 2901 certamine
883 2868 968 2900 eos
985 2869 1106 2914 quos
1128 2864 1244 2900 ante
1265 2868 1318 2900 se
1341 2852 1605 2900 decurren-

477 2925 554 2966 te·
593 2932 742 2965 cursu
784 2915 1047 2978 attingunt.
1122 2920 1296 2975 afflavit
1339 2920 1443 2978 equi
1489 2917 1609 2964 Solis

478 2996 562 3030 eas
581 2991 738 3030 terras
759 2994 879 3042 quas
900 2979 974 3028 sol
995 2979 1160 3028 oriens
1181 2980 1438 3028 illuminat.
1492 2979 1609 3027 Jam

476 3045 672 3108 poetica
693 3043 972 3092 inversione
995 3041 1146 3090 dixit:
1183 3043 1267 3090 Sol
1290 3043 1454 3092 oriens
1475 3043 1612 3090 afflat

477 3123 569 3158 nos
591 3109 750 3171 equis;
789 3115 848 3155 ut
867 3115 920 3154 et
939 3105 1052 3154 AEn.
1079 3121 1124 3162 v,
1150 3105 1259 3164 739,
1287 3109 1352 3154 Ee
1371 3124 1438 3154 me
1459 3123 1608 3154 sescus

476 3177 604 3233 equis
637 3175 801 3220 Oriens
821 3173 995 3230 qfflwit
1017 3173 1206 3222 anhelis.
1261 3173 1442 3230 Vesper,
1469 3170 1603 3218 Hes-

478 3251 640 3298 perus,
664 3234 767 3283 sole
793 3234 1060 3290 occidente,
1092 3233 1145 3281 in
1171 3243 1486 3297 conspectum
1517 3249 1602 3281 ve-

477 3298 567 3356 nit,
583 3300 753 3356 oritur,
767 3298 934 3346 lumen
951 3312 1095 3346 suum
1147 3297 1308 3345 rofert.
1364 3297 1443 3344 Ita
1462 3312 1601 3345 acce-

475 3363 554 3428 pit
585 3377 774 3437 quoque
805 3362 969 3416 Silius,
1003 3360 1087 3423 qui
1154 3376 1250 3409 unc
1283 3375 1478 3409 versum
1512 3376 1598 3408 ex-

477 3424 1015 3539 pregffississignlg
1046 3489 1090 3536 E
1114 3488 1232 3537 solis
1263 3489 1354 3537 boc
1387 3503 1478 3552 per
1501 3489 1599 3536 Zo-

473 3555 669 3604 discum
711 3554 933 3611 decursu,
981 3569 1012 3602 a
1048 3570 1092 3603 v.
1137 3550 1246 3610 231,
1288 3563 1434 3616 atque
1476 3552 1600 3600 adeo

474 3617 848 3668 succedentibus
869 3617 964 3666 sibi
993 3617 1206 3666 invicem
1223 3617 1342 3666 anni
1359 3616 1597 3682 partibus,

473 3681 738 3732 instantem
765 3692 1110 3747 tempestatum
1141 3682 1460 3730 mutationem
1495 3681 1595 3730 dis-

471 3747 641 3796 cimus.
705 3749 1012 3808 Tempestates
1033 3746 1094 3794 de
1117 3755 1324 3807 quatuor
1345 3746 1459 3794 anni
1483 3761 1604 3816 par:

473 3809 604 3861 tibus
631 3810 729 3860 dici
759 3825 822 3858 ex
843 3825 889 3856 v.
913 3811 1008 3857 258
1039 3819 1188 3873 patet,
1223 3812 1601 3871 Teum-ibasque

465 3891 654 3936 paren,-
686 3877 996 3936 conjunctam
1019 3881 1182 3921 tamen
1203 3873 1378 3921 mutati
1395 3873 1524 3920 aeris
1545 3887 1601 3920 ac

471 3939 580 3988 coeli
629 3939 878 3988 notionem
915 3953 1036 3993 esse,
1085 3951 1148 3984 ex
1187 3935 1416 3997 adjuncto
1447 3945 1598 4000 patet.

475 4004 650 4050 eat-n·
685 4006 888 4060 dubium,
923 4001 1028 4051 scil.
1069 3999 1363 4049 instantibus
1402 4000 1598 4064 pluviis,

469 4065 710 4128 procellis.
779 4066 860 4114 Ad
885 4075 1062 4116 cetera
1082 4080 1310 4128 compara
1333 4064 1512 4113 Tibull.
1534 4065 1599 4124 iv,

477 4129 518 4186 l,
552 4130 652 4192 qui,
693 4129 864 4179 cadem
893 4131 1068 4180 horum
1085 4131 1320 4178 lemborum
1356 4145 1412 4177 ac
1447 4132 1593 4176 balte-

469 4208 610 4249 orum,
645 4207 736 4241 seu
775 4210 1004 4253 somni,
1047 4193 1412 4242 enumeratione
1452 4193 1594 4253 faeta,

470 4270 584 4304 σιω
615 4255 670 4306 in
704 4265 972 4320 temperata
1007 4257 1317 4316 substitisset,
1353 4257 1516 4322 pergit
1548 4274 1593 4306 v.

475 4319 581 4376 1⁶9,
613 4321 742 4368 Hinc
765 4323 979 4382 placidus
999 4326 1129 4372 nobie
1154 4339 1244 4384 por
1271 4331 1473 4386 tempora
1489 4339 1592 4372 ver-

469 4385 590 4432 titur
631 4399 792 4432 annus.
871 4387 999 4436 Hine
1035 4394 1082 4436 ot
1121 4389 1240 4436 eolla
1266 4388 1388 4450 jugo
1427 4389 1595 4436 didicit

1670 2212 1935 2258 submittere
1966 2217 2129 2258 taurus
2160 2220 2250 2258 etc.
2321 2210 2401 2258 Ex
2428 2209 2599 2259 eadem
2627 2212 2800 2260 obser-

1670 2273 1866 2322 vatione
1896 2274 2126 2336 antiquus
2152 2274 2213 2322 de
2241 2274 2387 2322 AEolo
2416 2275 2610 2338 mythus
2636 2286 2799 2324 nanis.

1670 2341 1879 2386 Amata
1924 2341 2105 2396 classes,
2159 2337 2467 2398 ὡπλισμέναι,
2508 2338 2668 2402 simpl.
2714 2340 2797 2388 in-

1670 2411 1868 2450 structae
1902 2417 2065 2451 naves.
2138 2405 2467 2464 Tempestivam
2502 2406 2631 2450 silvis
2668 2420 2802 2452 ever-

1676 2473 1769 2514 tere
1796 2470 1972 2527 pinum,
1996 2467 2043 2514 h.
2066 2466 2201 2530 ligna
2226 2483 2283 2516 ac
2306 2466 2559 2516 materiem
2583 2476 2801 2532 tempes-

1674 2530 1773 2578 tive
1794 2529 1995 2578 caedere.

1741 2594 1833 2644 257
1866 2611 1967 2657 sqq.
2012 2595 2181 2643 Habet
2212 2595 2361 2644 etiam
2394 2595 2513 2644 alins
2548 2595 2807 2655 utilitates,

1674 2657 1716 2705 si
1748 2659 1977 2706 observes
2006 2658 2221 2707 siderum
2258 2669 2393 2708 ortus
2428 2669 2483 2708 et
2520 2675 2719 2708 occasus
2754 2671 2810 2710 et

1673 2721 1805 2770 vices
1826 2723 1943 2770 anni
1967 2733 2254 2787 temporum.

1740 2788 2011 2834 259—263.
2047 2787 2102 2835 Si
2123 2787 2345 2853 pluvium
2365 2797 2559 2851 tempus
2584 2793 2803 2848 eontinet,

1672 2849 1721 2898 h.
1742 2866 1784 2898 e.
1809 2851 1941 2899 domi
1966 2861 2101 2900 tenet
2210 2852 2407 2907 'collum
2436 2853 2591 2900 multa
2612 2853 2805 2902 interea

1671 2925 1938 3042 effi
1942 2867 2591 3044 ω’ῗῂᾚᾱ,
2620 2933 2804 3030 :3⁰2

1675 3043 1845 3090 Potuit
1862 3053 2010 3107 poeta
2030 3045 2179 3092 verba
2196 3043 2485 3109 simpliciter
2504 3059 2689 3108 ponere
2710 3061 2805 3109 pro

1674 3107 1875 3169 vulgari,
1894 3108 2048 3156 multa
2070 3122 2201 3156 nunc
2222 3109 2381 3156 facere
2402 3108 2531 3165 licet,
2552 3125 2662 3170 quae
2682 3123 2805 3159 mox

1672 3179 1837 3218 essent
1856 3171 2089 3220 facienda.
2143 3174 2344 3220 Veneris
2365 3175 2556 3230 dentem,
2576 3183 2663 3221 aut
2680 3189 2801 3237 pro-

1670 3235 1777 3346 ³²35
1801 3235 2657 3348 wsmssssmx‘mffl
2674 3237 2801 3350 2⁴23:

1668 3369 1775 3409 tres.
1846 3361 1899 3409 Si
1933 3363 2150 3426 scaphas,
2176 3373 2226 3412 et
2290 3363 2515 3412 uviatiles
2546 3363 2801 3414 naviculas

1665 3423 1926 3488 intelligas,
1950 3425 2109 3489 possis
2132 3443 2300 3490 agrum
2328 3429 2654 3476 Mantuanum
2688 3444 2799 3478 om-

1668 3488 1881 3550 ninoque
1914 3488 2059 3538 istam
2084 3491 2242 3540 ltaliae
2263 3507 2397 3540 oram
2422 3491 2557 3539 Pado
2590 3491 2801 3556 aliisque

1664 3551 1947 3601 fluminibus
1972 3555 2219 3617 perfusam
2249 3555 2475 3630 cogitare.
2544 3557 2795 3605 Conveni-

1665 3615 1827 3665 entius
1860 3626 2024 3665 tamen
2058 3617 2172 3666 vitae
2207 3629 2403 3668 rusucae
2438 3633 2544 3667 csse
2584 3621 2799 3680 videtur,

1664 3691 1721 3729 ut
1740 3697 1858 3730 vasa
1877 3680 2043 3745 lignea
2062 3697 2275 3732 concava
2292 3693 2343 3731 et
2364 3683 2528 3732 alveos
2550 3683 2797 3748 interpre-

1668 3745 2070 3867 Ξῗᾝῖἓὶἶέΐῖ
2087 3747 2279 3872 ἔῖιῗιξίῗ
2303 3747 2801 3874 ζῗὲἵὲῖὲΐαῗῗῖζ

1666 3873 1927 3932 vindemia,
1974 3877 2138 3922 lintres
2176 3874 2305 3923 dixit
2344 3874 2523 3924 Tibuu.
2558 3875 2591 3932 i,
2630 3878 2675 3933 5,
2719 3877 2799 3926 28.

1667 3939 1891 3986 Numeros
1916 3941 2147 4000 impressit
2162 3943 2351 3988 acervis.
2419 3940 2525 3986 Aut
2542 3955 2655 3988 cum
2678 3941 2796 3988 Ser-

1666 4001 1747 4050 vio
1783 4011 1980 4050 tessera
2002 4012 2054 4050 et
2083 4003 2271 4050 tabellae
2290 4003 2635 4066 intelligendas,
2658 4019 2798 4054 acet-

1666 4065 1741 4114 vis
1779 4065 2035 4130 impositae,
2069 4067 2246 4128 quibus
2286 4067 2519 4116 frumenti
2562 4081 2800 4120 numerus

1662 4129 1973 4194 designatum
2006 4141 2093 4179 aut
2108 4135 2261 4180 acervi
2284 4141 2401 4180 sunt
2420 4131 2668 4179 frumenta
2688 4147 2797 4180 sae·

1660 4193 1733 4242 cis
1754 4209 1843 4242 seu
1870 4193 1999 4244 vasis
2022 4194 2233 4253 condita,
2261 4195 2439 4258 quibus
2464 4193 2595 4244 vasis
2616 4193 2796 4244 inscri-

1663 4259 1745 4306 bat
1764 4258 2128 4322 paterfamilias,
2147 4268 2266 4321 quot
2287 4259 2475 4308 modios
2492 4259 2799 4310 contineant.

1661 4324 1914 4384 Impressit,
1941 4321 2214 4386 ἐνέγραψεν,
2240 4322 2494 4387 imprimit.

1726 4387 1999 4437 264—267.
2042 4389 2195 4437 Valles
2222 4403 2331 4438 esse
2352 4386 2491 4452 palos
2520 4387 2573 4434 in
2596 4397 2801 4450 promtu
