3050 4934
1168 234 1507 299 LIBER
1553 235 1735 299 XII.

2471 233 2598 297 637

466 374 581 439 Bis
604 378 739 460 jam
772 377 969 443 Italos
1000 380 1262 458 hostes;
1308 381 1451 445 haec
1479 381 1684 446 altera
1711 381 1966 446 foedera
1995 383 2226 466 rumpi.

466 475 784 541 Exoritur
812 481 1103 564 trepidos
1132 481 1301 544 inter
1329 483 1656 546 discordia
1685 483 1893 547 cives:

466 573 715 640 Urbem
746 578 851 642 alii
880 601 1172 645 reserare
1192 581 1455 664 jubent,
1484 593 1554 646 et
1580 583 1868 664 pandere
1895 593 2120 665 portas

292 672 420 736 585
464 673 887 754 Dardanidis,
918 681 1259 763 ipsumque
1290 681 1560 746 trahunt
1587 683 1654 746 in
1683 683 1920 746 moenia
1948 704 2204 767 regem3

463 773 667 840 Arma
694 777 913 842 ferunt
940 778 1067 855 alii,
1100 791 1167 843 et
1196 791 1480 862 pergunt
1508 781 1862 846 defendere
1893 802 2150 845 muros:

464 875 758 941 Inclusas
787 890 860 942 ut
891 903 1091 962 quum
1118 879 1449 944 latebroso
1477 883 1544 943 in
1574 883 1826 963 pumice
1857 893 2084 965 pastor

464 975 831 1060 Vestigavit
860 1000 1041 1062 apes,
1072 979 1379 1060 fumoque
1410 979 1697 1061 implevit
1725 1003 1982 1054 amai-03

463 1072 601 1137 Illae
626 1076 801 1139 intus
833 1079 1107 1162 trepidae
1134 1100 1352 1141 rerum
1380 1100 1501 1160 per
1531 1097 1720 1142 cerea
1751 1087 1967 1142 castra

291 1172 419 1234 590
463 1172 881 1252 Discurrunt,
912 1177 1289 1260 magnisque
1321 1187 1564 1240 acuunt
1596 1176 1982 1241 stridoribus
2011 1177 2180 1252 iras3

466 1272 763 1338 Volvitur
793 1287 935 1340 ater
962 1278 1127 1341 odor
1156 1278 1381 1352 tectis;
1427 1286 1566 1340 tum
1593 1298 1918 1340 murmure
1948 1298 2123 1340 caeco

464 1373 649 1438 Intus
682 1397 841 1438 saxa
870 1387 1137 1453 sonant3
1182 1397 1419 1439 vacuas
1450 1377 1500 1439 it
1531 1375 1744 1440 fumus
1776 1379 1860 1442 ad
1891 1397 2106 1441 auras.

548 1474 811 1538 Accidit
839 1475 982 1538 haec
1012 1475 1200 1540 fessis
1230 1475 1423 1538 etiam
1450 1475 1712 1539 fortuna
1745 1476 2018 1552 Latinis,

464 1571 634 1643 Quoe
663 1583 865 1637 totam
893 1574 1074 1638 luctu
1103 1576 1430 1638 concussit
1460 1574 1754 1638 funditus
1785 1578 2034 1640 urbem.

292 1671 421 1734 595
466 1669 725 1755 Regina
754 1683 828 1736 ut
856 1675 1043 1736 tectis
1074 1674 1436 1737 venientem
1464 1675 1781 1758 prospicit
1807 1673 2084 1750 hostem,

463 1771 709 1836 Incessi
736 1794 978 1848 muros,
1009 1775 1193 1856 ignes
1224 1773 1307 1836 ad
1340 1784 1514 1836 tecta
1543 1772 1793 1851 volare3

462 1869 807 1954 Nusquam
836 1873 1006 1936 acies
1037 1883 1261 1935 contra
1292 1871 1598 1947 RutulaS,
1626 1871 1802 1936 nulla
1829 1874 2084 1957 agmina
2112 1873 2358 1938 Turni:

462 1969 696 2034 Infelix
717 1993 955 2056 pugnae
977 1973 1285 2055 juvenem
1312 1974 1378 2035 in
1407 1974 1756 2036 certamine
1785 1973 1995 2037 credit

465 2070 915 2147 Exstinctum3
959 2083 1049 2148 et,
1084 2073 1299 2136 subito
1328 2083 1608 2136 mentem
1636 2073 1896 2137 turbata
1923 2071 2173 2148 dolore,

290 2169 420 2231 600
464 2169 551 2232 Se
582 2191 843 2233 causam
868 2169 1122 2246 clamat,
1155 2173 1547 2253 crimenque,
1581 2183 1904 2254 caputque
1936 2171 2281 2247 malorum3

462 2268 807 2352 Multaque
836 2292 956 2352 per
984 2281 1288 2334 moestum
1318 2270 1585 2332 demens
1615 2270 1813 2334 effata
1841 2270 2148 2345 furorem,

464 2367 840 2452 Purpureos
871 2370 1179 2432 moritura
1208 2390 1403 2432 manu
1432 2368 1738 2432 discindit
1766 2370 2059 2443 anxietas,

464 2466 557 2529 Et
584 2469 827 2532 nodum
854 2467 1141 2530 informis
1169 2465 1329 2530 lethi
1357 2468 1543 2531 trabe
1573 2467 1772 2530 nectit
1801 2467 1885 2530 ab
1915 2466 2066 2530 alta.

357 2693 467 2740 582.
500 2691 671 2740 Variat
692 2693 985 2741 orationem:
1012 2693 1222 2756 haeejam
1244 2695 1407 2750 ulcerea

292 2770 381 2866 ΕΞ)
414 2754 491 2803 bis
522 2765 719 2818 ruptum
754 2756 925 2814 foedus,
957 2757 1033 2805 bis
1067 2757 1218 2806 Italos
1244 2757 1411 2806 hostes

355 2883 465 2928 585.
512 2881 735 2929 Trahunt
766 2895 933 2944 regem
968 2881 1031 2930 ad
1064 2897 1243 2940 muros,
1278 2882 1409 2930 haud

292 2944 437 2993 dubie
454 2944 689 2992 dedendae
710 2945 843 2993 urbis
859 2954 908 2993 et
928 2945 1191 2994 renovandi
1212 2944 1410 2994 foederis

292 3023 450 3055 causa.
508 3007 647 3055 Nihil
670 3007 899 3072 apertius.

357 3071 451 3121 587
474 3087 576 3132 sqq.
613 3071 966 3146 Accipiendum
988 3071 1050 3118 de
1076 3071 1406 3132 fumigatione,

291 3149 401 3196 qua,
424 3143 481 3182 ut
506 3135 642 3182 favos
665 3143 848 3182 exunat
868 3133 1127 3190 mellariuS,
1152 3149 1215 3182 ex
1250 3135 1405 3181 ellun-

292 3207 373 3245 tur
406 3197 679 3245 alvearibus
713 3211 859 3260 apum
895 3197 1143 3244 examina:
1192 3213 1218 3242 c
1238 3230 1250 3242 .
1285 3197 1405 3244 Geo.

290 3261 520 3386 mit,
550 3259 1410 3380 {gfffflfiff‘inp'iitssffissffissaffss‘

290 3385 487 3448 detegit.
555 3340 767 3448 Trepii‘dae
797 3357 963 3443 renim,
996 3386 1203 3433 sollenni
1236 3357 1411 3433 ornatui

290 3464 383 3560 prs
417 3452 609 3510 trepido
640 3449 951 3512 simpliciter:
997 3448 1199 3511 trepidae
1233 3447 1296 3495 de
1328 3463 1407 3496 re-

398 3530 410 3566 ς
444 3521 645 3576 propter
677 3528 769 3570 rea,
803 3521 1003 3576 propter
1034 3527 1197 3560 casum
1232 3525 1285 3558 re
1322 3525 1407 3558 en·

292 3575 476 3630 tinum3
512 3575 564 3623 in
586 3576 789 3638 trepidis
810 3577 955 3625 rebus
976 3574 1265 3632 constitute,
1354 3592 1407 3632 η-

291 3639 540 3700 χανοῦσα.

357 3704 466 3760 591,
483 3704 592 3751 592.
617 3702 831 3750 Tantum
848 3703 911 3750 ad
932 3701 1261 3750 exornandam
1276 3715 1408 3748 com—

290 3765 591 3828 parationem
625 3765 788 3813 valere
820 3764 1011 3814 debent.
1071 3763 1297 3811 Studium
1330 3777 1407 3810 or-

292 3837 433 3877 natus
471 3828 693 3876 videmus
722 3829 801 3876 vel
834 3828 889 3875 in
913 3828 1007 3884 his,
1027 3825 1189 3888 flamm
1209 3842 1407 3882 amam,

289 3899 392 3938 ater
413 3895 535 3939 odor.
586 3891 783 3940 Omissa
802 3891 856 3938 in
877 3891 975 3938 fine
994 3890 1255 3954 applicatio
1275 3905 1406 3938 com-

290 3953 581 4016 parationis:
630 3954 807 4002 similis
839 3954 1035 4002 fortuna
1068 3965 1119 4001 et
1150 3952 1409 4017 trepidatio

290 4031 421 4064 nunc
444 4026 549 4065 erat
569 4017 621 4065 in
644 4019 765 4066 urbe
788 4017 1089 4066 Latinorum.

356 4081 466 4127 593.
520 4081 666 4129 Nova
705 4080 953 4130 calamitas
996 4080 1171 4128 afflixit
1209 4079 1411 4127 Latinos

289 4157 407 4190 casu
442 4143 647 4193 Amatae.
704 4147 865 4193 Fauor
898 4143 1039 4201 dixit,
1066 4159 1133 4192 sc.
1169 4143 1324 4200 malis,
1362 4151 1411 4190 et

285 4209 389 4268 jam
411 4206 589 4255 aniuiia
612 4207 801 4256 fractos.

356 4270 467 4317 600.
506 4273 687 4331 Capsu,-
714 4280 976 4327 auctorem,
1004 4277 1061 4318 ut
1090 4284 1197 4332 sup.
1222 4268 1289 4326 xi,
1312 4269 1405 4315 361

292 4332 353 4380 de
389 4332 573 4392 Turno,
608 4351 633 4381 ο
664 4336 803 4382 Latio
833 4341 974 4395 eaput
1004 4337 1161 4381 horum
1194 4340 1241 4379 et
1271 4347 1411 4380 caum

1472 2695 1703 2741 mamm.
1763 2695 1960 2750 Crimen,
1982 2708 2134 2751 reum,
2159 2693 2241 2755 qui
2273 2695 2466 2758 culpam
2488 2711 2590 2743 me·

1472 2756 1588 2806 ruit·

1541 2819 1650 2866 603.
1705 2819 1920 2868 Mortem
1960 2820 2151 2867 Amata
2187 2822 2290 2881 Jam
2335 2830 2594 2884 expectare

1474 2897 1565 2930 nos
1595 2882 1778 2930 fecerat
1798 2897 1905 2946 sup.
1929 2897 1974 2930 v.
1999 2883 2078 2940 62,
2102 2884 2178 2930 63.
2233 2884 2342 2930 Nec
2369 2899 2460 2947 pro
2481 2884 2594 2932 'odio

1473 2945 1558 2993 illa
1589 2961 1678 2993 suo
1709 2945 1762 2992 in
1785 2946 1995 2994 AEueam
2017 2955 2264 3009 superstes
2286 2947 2454 2994 Turno
2487 2962 2593 2996 ease

1473 3008 1693 3056 debebat.
1763 3008 1862 3055 Sed
1895 3008 2074 3057 infame
2107 3010 2199 3056 hoc
2233 3009 2406 3058 mortis
2438 3025 2594 3072 genus

1569 3079 1668 3118 tam
1682 3071 1909 3120 maluisse
1927 3073 2104 3120 mirum
2117 3071 2274 3121 videri
2291 3073 2449 3120 debet.
2485 3074 2590 3120 Sci-

1492 3133 1589 3181 icet
1610 3147 1700 3181 nec
1721 3134 1813 3180 hoc
1834 3134 1894 3182 ad
1917 3135 1994 3182 sui
2017 3135 2181 3182 saeculi
2202 3151 2400 3184 sensum
2417 3145 2592 3184 attem-

1510 3195 1678 3253 eravit,
1721 3211 1810 3243 nec
1849 3196 1913 3243 ad
1947 3207 2161 3245 nostram
2201 3198 2480 3260 opinionem
2519 3208 2595 3247 est

1473 3211 1864 3320 Xijudicandum3
1901 3269 1977 3306 est
2007 3260 2138 3307 enim
2159 3261 2252 3307 hoc
2273 3275 2429 3322 genus
2461 3275 2590 3308 mor-

1474 3321 1538 3370 tis
1566 3321 1816 3369 heroicum
1839 3337 1895 3368 ac
2213 3323 2260 3368 h.
2287 3337 2328 3369 e.
2363 3323 2590 3370 carmini-

1475 3387 1566 3433 bus
1610 3393 1660 3432 et
1889 3384 1951 3432 iis
1989 3387 2272 3432 Graecoruru
2315 3385 2591 3445 frequenta-

1474 3459 1593 3496 tum.
1651 3449 1698 3495 N
1703 3447 1778 3496 ob'
1803 3463 1830 3494 e
1851 3448 1972 3495 adeo
1993 3447 2112 3495 lethi
2133 3463 2288 3509 genua
2311 3462 2376 3494 ex
2395 3446 2596 3509 antiquo

1476 3525 1626 3568 more,
1661 3510 1888 3584 inprimis
1921 3511 1974 3557 in
2007 3510 2216 3558 feminis.
2283 3510 2364 3557 Sic
2399 3511 2596 3558 Jocasta

1475 3575 1650 3635 laqueo
1670 3573 1896 3637 spiritum
1916 3573 2202 3630 interclusit,
2227 3573 2458 3636 Epicaste
2483 3573 2592 3620 Ho-

1476 3651 1613 3685 mero
1634 3636 1778 3692 dicta,
1802 3635 1974 3697 Odyss.
1997 3646 2048 3693 λ,
2071 3635 2164 3686 277
2188 3651 2288 3698 sqq.
2337 3635 2418 3683 Sic
2443 3649 2598 3684 mater

1476 3699 1683 3762 Ulysais,
1707 3697 1946 3755 Anticlea,
1971 3715 2046 3763 ap.
2071 3699 2215 3747 eund.
2259 3698 2341 3746 Sic
2364 3699 2493 3748 Clite
2515 3715 2592 3762 ap.

1476 3762 1704 3824 Apollou.
1742 3761 1774 3818 i,
1817 3763 1953 3808 1063.
2024 3763 2104 3809 Sic
2145 3763 2350 3810 Phaedra
2385 3773 2435 3810 et
2469 3761 2592 3810 aliae.

1476 3826 1624 3872 Hanc
1645 3825 1766 3872 adeo
1789 3833 1994 3872 mortem
2025 3825 2242 3888 proetulit
2367 3833 2416 3872 ta
2436 3825 2590 3872 histo-

1473 3887 1655 3936 riarum
1690 3887 1818 3944 fidei,
1852 3903 1948 3949 qua
1987 3889 2118 3950 apud
2151 3889 2376 3937 Servium
2414 3888 2595 3936 Fabius

1476 3951 1641 4000 Pictor
1695 3951 1923 3998 Amatam
1974 3950 2138 3999 inedia
2181 3967 2234 3999 se
2288 3951 2594 3999 interemisse

1475 4013 1750 4064 tmdiderat.
1799 4014 1867 4062 At
1884 4012 1998 4061 Piso
2015 4014 2145 4078 apud
2167 4015 2351 4062 Victor.
2376 4015 2436 4061 Ο.
2452 4015 2513 4061 G.
2531 4015 2592 4062 R.

1479 4081 1540 4126 13
1557 4077 1864 4142 simpliciter:
1889 4076 2128 4139 interfecto
2143 4079 2314 4125 Latino
2333 4076 2408 4136 (in
2431 4091 2597 4139 pugna

1474 4158 1586 4191 cum
1605 4141 1827 4202 Rutulis)
1851 4149 2034 4191 mortem
2048 4144 2264 4189 Amatam
2284 4143 2464 4187 sibimet
2486 4157 2590 4187 con-

1474 4209 1670 4254 scivisse.
1740 4208 1922 4254 Nodum
1960 4209 2072 4254 ωλι·
2110 4203 2305 4267 egregie
2343 4202 2470 4251 dixit
2503 4218 2594 4266 pro

1474 4268 1603 4316 nodo
1615 4267 1864 4322 lethiferm
1885 4277 1934 4316 et
1949 4272 2116 4319 lethum
2131 4265 2322 4329 informe
2337 4281 2428 4330 pro
2446 4266 2592 4329 turpi,

1476 4331 1618 4388 foedo,
1644 4330 1837 4378 eximie.

1929 3321 2179 3384 tragicum,
