3050 4934
1170 278 1514 345 LIBER
1559 279 1650 343 X.

432 423 624 489 Stant
649 425 803 490 lecti
830 428 1072 491 circum
1094 426 1406 511 juvenes:

2442 277 2575 340 573

1453 428 1598 512 ipse
1629 448 1828 511 aeger,
1859 424 2196 502 anhelans,

432 523 615 589 Colla
643 525 843 604 fovet,
872 526 1059 591 fusus
1089 550 1447 613 propexam
1474 530 1542 593 in
1571 537 1838 612 pectore
1868 529 2175 605 barbam3

434 624 651 690 Multa
683 649 881 712 super
914 628 1135 693 Lauso
1166 632 1429 713 rogitat,
1460 628 1864 712 multumque
1893 629 2182 706 remittit,

261 724 390 789 840
436 726 571 799 Qui
602 740 929 805 revocent,
958 732 1303 814 moestique
1334 730 1550 794 ferant
1577 730 1882 794 mandata
1909 729 2224 812 parentis.

433 826 528 892 At
558 827 853 893 Lausum
880 832 1039 895 socii
1066 832 1426 895 exanimem
1456 852 1658 914 super
1686 849 1864 893 arma
1891 829 2190 893 ferebant

434 927 699 993 Flentes
705 978 723 1007 ,
755 932 1106 1014 ingentem,
1136 940 1331 1013 atque
1362 932 1610 1014 ingenti
1637 928 1902 995 vulnere
1930 931 2192 993 victum.

436 1026 728 1113 Agnovit
756 1030 951 1115 longe
980 1032 1289 1114 gemitum
1318 1034 1619 1114 pr'aesaga
1645 1028 1795 1093 mali
1823 1052 2026 1094 mens.

436 1130 757 1195 Canitiem
784 1131 987 1197 multo
1019 1130 1340 1196 deformat
1367 1130 1658 1215 pulvere,
1691 1141 1760 1195 et
1789 1132 2011 1194 ambas

264 1229 394 1294 845
438 1229 553 1295 Ad
584 1230 821 1295 coelum
848 1232 1060 1296 tendit
1090 1230 1359 1316 palmaS,
1391 1241 1459 1294 et
1489 1252 1766 1315 corpore
1795 1230 2094 1294 inhaeret.

435 1331 739 1396 Tantane
769 1355 871 1396 me
905 1334 1115 1396 tenuit
1143 1332 1423 1409 vivendi,
1454 1342 1632 1408 nate,
1662 1330 1986 1416 voluptaS,

436 1430 536 1496 Ut
565 1454 688 1516 pro
716 1454 819 1495 me
847 1432 1067 1496 hostili
1096 1443 1359 1515 paterer
1392 1432 1745 1521 succedere
1778 1432 2054 1508 dextrae‚

438 1532 655 1605 Quem
680 1534 919 1617 genui?
979 1532 1211 1596 Tuane
1237 1530 1387 1596 haec
1415 1534 1672 1615 genitor
1700 1554 1819 1615 per
1848 1531 2115 1596 vulnera
2141 1554 2388 1609 servor,

436 1632 662 1698 Morte
694 1645 808 1696 tua
836 1634 1093 1697 vivens?
1154 1633 1335 1709 Heu,
1366 1656 1538 1697 nunc
1567 1633 1804 1696 misero
1835 1632 1989 1695 mihi
2021 1633 2281 1697 demum

264 1734 395 1798 850
438 1733 761 1798 Exsilium
791 1733 1049 1799 infelix!
1096 1757 1269 1799 nunc
1296 1733 1425 1798 alte
1456 1733 1690 1798 vulnus
1722 1733 2060 1797 adactum!

438 1836 623 1899 Idem
648 1858 795 1919 ego,
827 1846 1003 1913 nate,
1036 1846 1219 1899 tuum
1246 1834 1560 1900 maculavi
1590 1834 1854 1899 crimine
1881 1856 2140 1912 nomen,

441 1936 681 2001 Pulsus
714 1937 799 2000 ob
826 1936 1131 2001 invidiam
1162 1935 1323 2001 solio
1355 1938 1760 2020 sceptrisque
1791 1936 2102 2020 paternis.

438 2036 819 2101 Debueram
844 2039 1075 2121 patriae
1102 2060 1335 2123 poenas
1368 2039 1664 2121 odiisque
1695 2058 2020 2102 meorum:

441 2137 688 2202 Omnes
720 2161 839 2223 per
865 2149 1107 2203 mortes
1136 2141 1411 2203 animam
1442 2150 1695 2203 sontem
1723 2140 1864 2223 ipse
1895 2140 2258 2204 dedissem!

266 2239 395 2304 855
436 2239 637 2303 Nunc
668 2240 845 2331 vivo!
892 2262 1105 2324 neque
1136 2240 1353 2305 adhuc
1381 2239 1674 2303 homines
1705 2239 2042 2323 lucemque
2071 2239 2404 2323 relinquo!

442 2340 576 2405 Sed
603 2339 909 2425 linquam.
989 2340 1192 2404 Simul
1221 2340 1347 2404 hoc
1378 2341 1602 2405 dicens
1633 2339 1868 2405 attollit
1895 2342 1964 2403 in
1989 2363 2238 2424 oegrum

442 2442 529 2505 Se
559 2442 805 2519 femur3
852 2452 941 2519 et,
970 2464 1340 2526 quanquam
1368 2436 1465 2505 iris
1496 2440 1629 2505 alto
1659 2440 1924 2505 vulnere
1955 2441 2196 2517 tardat,

442 2541 648 2607 Haud
678 2543 997 2627 dejectus,
1026 2565 1267 2627 equum
1296 2543 1447 2607 duci
1468 2543 1683 2627 jubet.
1759 2542 1910 2607 Hoc
1940 2542 2142 2606 decus
2169 2540 2282 2617 illi,

439 2643 594 2709 Hoc
623 2644 911 2709 solamen
938 2656 1119 2722 erat3
1164 2643 1351 2709 bellis
1381 2643 1509 2709 hoc
1541 2644 1744 2708 victor
1773 2643 1996 2707 abibat

270 2746 401 2811 860
445 2745 788 2810 Omnibus.
865 2743 1243 2830 Alloquitur
1270 2755 1675 2823 moerentem,
1704 2755 1774 2809 et
1803 2743 2039 2809 talibus
2069 2744 2249 2808 infit:

442 2845 733 2921 Rhoebe‚
766 2846 880 2909 diu
910 2846 1041 2927 (res
1076 2848 1132 2910 si
1160 2868 1291 2930 qua
1322 2847 1435 2911 diu
1464 2844 1842 2911 mortalibus
1871 2844 2004 2909 ulla
2033 2845 2162 2925 est)

271 3045 409 3093 aqua.
464 3032 646 3087 Procul,
670 3028 813 3076 modo
840 3030 995 3090 juxta,
1020 3038 1077 3076 ut
1098 3028 1202 3077 Bel.
1228 3028 1291 3087 vi,
1316 3030 1389 3077 16.

272 3094 457 3142 Saltem
474 3096 635 3155 procul
651 3094 698 3140 h.
718 3092 750 3140 l.
768 3102 841 3140 est
862 3093 1027 3157 paullo
1048 3093 1241 3156 long-ius
1263 3094 1390 3141 inde.

272 3158 445 3207 Servio
467 3157 659 3206 videtur
680 3172 883 3205 novasse
906 3158 953 3206 h.
978 3157 1011 3205 l.
1102 3166 1181 3205 eta
1203 3160 1395 3206 acclinis

271 3231 323 3271 et
351 3238 599 3284 prope-tam
636 3224 821 3269 barbam
838 3240 853 3267 .-
898 3220 1009 3283 equi
1045 3236 1122 3269 em
1161 3230 1395 3269 novatum

270 3285 483 3335 dicerem
522 3286 683 3350 primo
715 3285 822 3333 loco
860 3288 1109 3347 quiescunt,
1128 3288 1308 3347 Jaceng
1332 3286 1394 3333 de

270 3351 421 3399 armis
442 3366 529 3399 seu
551 3350 722 3413 clipeo.

336 3416 447 3463 888.
485 3416 613 3462 Colla
621 3413 753 3475 fovet
766 3432 783 3460 .·
816 3411 1026 3461 sustinet
1041 3422 1189 3476 caput
1210 3412 1396 3461 arboris

272 3488 459 3527 ffuneo.
515 3480 668 3526 Fam
708 3481 909 3535 barbam,
953 3478 1139 3525 habens
1181 3478 1394 3537 barbam,

272 3558 475 3605 eamque
498 3556 779 3607 propexam,
802 3541 961 3589 fusam
994 3541 1048 3589 in
1082 3550 1269 3605 pectus,
1294 3558 1393 3589 non

269 3607 481 3655 otiosum
504 3615 591 3665 est,
615 3605 701 3654 sed
732 3606 793 3653 ad
828 3603 1073 3669 ἐνάργειαν
1104 3606 1395 3655 narrationis

269 3671 619 3733 requirebatur,
642 3670 760 3719 dum
788 3669 849 3717 ad
882 3680 1109 3717 truncum
1130 3669 1396 3718 acclinatus

269 3734 431 3799 capite
466 3732 677 3782 demisso
712 3734 923 3782 recubat.
985 3735 1041 3781 In
1072 3741 1269 3795 pectore,
1304 3750 1395 3797 pro

270 3800 323 3847 in
344 3808 531 3863 pectus,
555 3798 768 3859 antique.

336 3865 431 3911 843
468 3878 571 3925 sqq.
610 3861 850 3924 Mag-num
890 3870 1083 3925 poetam
1118 3862 1171 3909 in
1206 3862 1285 3910 his
1306 3878 1390 3937 ag-

272 3943 433 3985 nosce,
454 3926 583 3989 quod
617 3936 723 3973 arte
758 3940 847 3973 sua
880 3924 1039 3973 effecit
1064 3934 1121 3974 ut
1140 3925 1391 3983 Mezentii,

270 4002 371 4039 tam
407 3990 553 4039 invisi
589 3989 817 4047 hominis,
856 3988 1166 4038 miseratione
1206 3989 1394 4040 animos

269 4064 463 4105 nosnos
630 4064 721 4103 ret.

335 4120 608 4169 847—849.
634 4121 813 4169 Hostili
824 4121 1062 4167 succedere
1076 4122 1266 4178 dextra,
1286 4135 1393 4185 sup.

270 4200 316 4233 v.
342 4183 452 4242 797,
478 4184 588 4234 798.
634 4184 809 4232 AEneoe
830 4198 1029 4230 manum
1051 4184 1113 4230 ad
1135 4183 1285 4231 ictum
1308 4200 1393 4247 pa-

270 4248 333 4296 tri
356 4248 666 4297 inferendum
688 4248 929 4297 sublatam
958 4246 1174 4295 subierat
1208 4248 1397 4297 Lausus

268 4322 319 4361 et
334 4312 513 4361 vulims
552 4322 767 4361 moratus
796 4311 967 4369 fuerat,
992 4311 1109 4359 dum
1143 4320 1285 4375 pater
1314 4328 1390 4361 as-

266 4386 571 4441 portaretur:
622 4392 753 4425 nunc
798 4378 1034 4424 succedere
1084 4378 1273 4433 dextra,
1321 4386 1397 4425 est

268 4442 491 4490 dextram
533 4442 580 4489 h.
628 4456 669 4489 e.
712 4440 889 4491 vulnus
926 4440 1155 4504 excipere
1195 4440 1395 4491 alterius

265 4505 385 4555 loco.
451 4508 549 4555 Tua
570 4524 652 4567 per
676 4510 875 4565 vedum,
902 4521 990 4570 pro
1016 4506 1231 4554 vulnere.

1524 3030 1812 3077 850—855.
1861 3030 2091 3077 Exsilium
2127 3028 2359 3093 preclare
2395 3044 2578 3080 memo-

1458 3102 1561 3149 ταῖς
1617 3095 1709 3141 hoc
1763 3093 1894 3141 enim
1943 3094 2158 3157 primum
2207 3102 2311 3141 erat
2354 3093 2484 3157 quod
2527 3096 2580 3144 in

1462 3157 1697 3206 Mezentii
1723 3157 1918 3207 fortuna
1939 3172 2194 3207 occurrere
2229 3167 2389 3223 poete
2419 3160 2584 3209 animo

1459 3221 1642 3279 debuit,
1662 3237 1774 3269 eum
1796 3236 1947 3283 regno
1967 3222 2162 3286 pulsum
2186 3222 2398 3271 exulare.
2446 3226 2586 3273 Nunc

1459 3287 1556 3333 alte
1587 3288 1780 3338 valann-
1811 3285 2028 3347 loquitur
2048 3286 2110 3333 de
2142 3302 2231 3349 pro
2267 3287 2341 3335 rio
2361 3287 2581 3337 vulnere.

1464 3350 1678 3407 Crimine,
1717 3348 2058 3397 criminatione
2095 3357 2147 3397 et
2249 3350 2320 3406 ὀς
2370 3359 2419 3398 te
2453 3352 2578 3399 infa-

1460 3428 1590 3461 mem
1634 3422 1686 3461 et
1727 3412 1948 3461 odiosum
1995 3412 2088 3461 feci
2136 3413 2258 3461 meis
2301 3413 2580 3464 sceleribus.

1460 3480 1734 3535 Debueram,
1781 3476 1822 3525 si
1873 3475 2110 3527 debebam
2153 3492 2350 3540 poenam
2393 3477 2582 3527 civibus

1458 3539 1609 3599 mein
1643 3542 1688 3589 si
1722 3542 1944 3590 merebar
1975 3550 2210 3597 mortem3
2253 3540 2440 3591 utinam
2471 3541 2582 3606 ipse

1457 3605 1624 3663 vitam,
1655 3606 1732 3653 vel
1769 3605 1994 3654 omnibus
2026 3604 2280 3669 suppliciis
2311 3605 2581 3669 expulsam,

1458 3668 1778 3718 reddidissem
1801 3668 2062 3733 superstite
2091 3672 2165 3716 te!
2213 3670 2283 3717 At
2305 3684 2433 3717 nunc
2455 3669 2581 3729 vivo,

1460 3745 1509 3783 te
1533 3738 1777 3856 {¹3th
1811 3800 1892 3847 Vis
1913 3800 2008 3847 aleo
2028 3800 2210 3846 vulnere
2229 3801 2420 3846 tardat:
2445 3800 2493 3846 h.
2509 3800 2584 3849 vis

1458 3864 1666 3921 ademta,
1700 3862 1873 3912 virium
1909 3862 2141 3921 defectus,
2163 3878 2254 3926 per
2287 3862 2442 3911 almm
2471 3864 2580 3911 vul·

1457 3943 1568 3985 nus,
1605 3926 1776 3975 tardat.
1832 3930 1980 3975 Haud
2009 3928 2226 3989 dejectus,
2260 3926 2424 3975 animo
2453 3927 2586 3976 haud

1458 3992 1663 4041 de'ecto.

1515 4008 1652 4104 J860.
1701 4055 1968 4119 Displicuit
1997 4055 2100 4104 haec
2133 4054 2194 4103 ad
2227 4070 2406 4117 equum
2441 4072 2586 4105 suum

1465 4120 1702 4169 Mezentii
1731 4120 1886 4169 oratio
1922 4119 2280 4169 venustioribus
2320 4128 2486 4169 nostra
2515 4136 2582 4169 ω·

1462 4194 1576 4233 tate.
1636 4184 1733 4233 Sed
1765 4184 1818 4233 in
1847 4193 2035 4233 naturae
2062 4184 2289 4233 humane
2309 4183 2472 4233 indole
2493 4186 2586 4235 hoc

1460 4248 1624 4325 ipsum
1660 4248 1855 4298 videtur
1885 4248 1980 4297 alte
2015 4247 2218 4297 insitum
2240 4262 2362 4306 esse,
2385 4258 2441 4297 ut
2471 4266 2584 4300 cum

1457 4313 1521 4361 iis
1551 4312 1673 4377 ipsis
1695 4313 2025 4361 animantibus
2059 4312 2236 4376 quibua
2257 4312 2344 4362 diu
2363 4315 2580 4364 assuevi·

1460 4392 1584 4434 mus,
1611 4386 1838 4439 tanquam
1873 4392 1984 4425 cum
2015 4376 2334 4426 familiaribus
2361 4388 2412 4427 et
2439 4380 2580 4429 soda-

1460 4441 1589 4491 libus
1612 4457 1811 4503 agamus
1834 4450 1882 4489 et
1904 4442 2280 4491 confabulemur.

1529 4506 1636 4554 861.
1674 4510 1766 4555 Res
1795 4511 1836 4554 εἰ
1869 4524 1958 4569 qua
1981 4510 2062 4557 diu
2086 4510 2350 4557 mortalibus
2373 4510 2470 4557 ulla
2503 4516 2586 4567 est,
