3050 4934
479 276 610 339 366

1371 272 1903 340 AENEIDOS

651 423 1140 510 Euryalumque
1173 424 1492 510 Helymus
1523 424 1853 509 sequitur3
1900 442 2032 507 quo
2059 422 2299 487 deinde
2330 423 2457 486 sub
2484 421 2635 505 ipso

653 528 831 592 Ecce
861 525 1054 605 volat,
1087 525 1456 612 calcemque
1487 528 1641 591 terit
1658 525 1799 611 jam
1826 524 2003 589 calce
2033 523 2301 601 Diores,

479 629 610 691 325
655 628 1046 693 Incumbens
1074 628 1384 707 humer03
1431 629 1645 713 spatia
1671 638 1741 691 et
1772 628 1827 691 si
1852 625 2044 711 plura
2073 626 2425 711 supersint,

653 729 983 795 Transeat
1011 728 1273 813 elapsus
1302 730 1505 814 prior,
1536 730 1987 813 ambiguumve
2018 726 2361 811 relinquat.

653 830 934 914 Jamque
962 829 1101 895 fere
1134 831 1347 915 spatio
1373 841 1693 907 extremo,
1724 830 2034 914 fessique,
2068 830 2193 893 sub
2222 830 2431 912 ipsam

653 931 882 995 Finem
909 932 1384 1009 adventabant3
1429 930 1556 996 levi
1586 953 1733 995 cum
1764 932 2077 1015 sanguine
2106 928 2314 993 Nisus

656 1032 937 1097 Labitur
963 1031 1224 1111 infelix3
1270 1034 1456 1097 caesis
1487 1028 1563 1097 ut
1590 1032 1759 1097 forte
1780 1032 2079 1116 juvencis

481 1134 612 1199 330
655 1133 870 1198 Fusus
896 1134 1166 1199 humum
1195 1134 1563 1218 viridesque
1596 1156 1795 1219 super
1824 1132 2263 1198 madefecerat
2289 1132 2555 1196 herbaS.

655 1236 788 1301 Hic
808 1238 1068 1321 juvenis
1089 1236 1226 1321 jam
1253 1237 1461 1301 victor
1489 1258 1689 1300 ovans
1720 1236 1993 1319 vestigia
2022 1256 2257 1320 presso

653 1338 858 1403 Haud
891 1339 1099 1403 tenuit
1125 1339 1408 1403 titubata
1435 1337 1612 1417 solo;

1659 1339 1778 1402 sed
1806 1359 2052 1423 pronus
2082 1340 2149 1401 in
2176 1339 2324 1421 ipso

653 1439 956 1503 Concidit
983 1440 1444 1524 immundoque
1472 1440 1629 1503 fimo
1658 1461 1975 1524 sacroque
2004 1460 2258 1503 cruore.

651 1540 812 1605 Non
841 1550 1058 1605 tamen
1087 1539 1380 1624 Euryali,
1411 1562 1546 1604 non
1572 1539 1678 1605 ille
1710 1539 1948 1605 oblitus
1978 1562 2305 1604 amorum:

479 1644 608 1707 335
651 1641 826 1706 Nam
858 1663 1001 1705 sese
1035 1641 1340 1725 opposuit
1370 1640 1547 1705 Salio
1576 1663 1696 1726 per
1724 1640 1973 1706 lubrica
2004 1662 2315 1726 surgens;

650 1742 767 1807 Ille
798 1753 1016 1807 autem
1046 1744 1257 1827 spissa
1275 1743 1484 1827 jacuit
1511 1742 1845 1807 revolutus
1876 1765 2095 1807 arena.

649 1844 909 1909 Emicat
937 1842 1264 1927 Euryalus
1269 1890 1289 1921 ,
1321 1853 1390 1907 et
1417 1865 1686 1907 munere
1715 1844 1921 1908 victor
1948 1844 2135 1907 amici

650 1944 870 2010 Prima
898 1954 1102 2021 tenet,
1134 1943 1499 2028 plausuque
1527 1943 1703 2008 volat
1730 1944 2117 2028 fremituque
2148 1944 2459 2009 secundo.

647 2047 812 2112 Post
843 2044 1162 2129 Helymus
1195 2046 1392 2121 subit,
1423 2056 1493 2109 et
1521 2067 1695 2109 nunc
1724 2046 1919 2110 tertia
1940 2044 2155 2129 palma
2184 2045 2451 2111 Diores.

473 2150 603 2213 340
646 2148 778 2212 Hic
807 2156 1018 2211 totum
1045 2168 1260 2211 caveae
1287 2168 1666 2211 consessum
1691 2148 1994 2230 ingentis,
2026 2156 2094 2211 et
2124 2168 2239 2211 ora

647 2248 868 2313 Prima
896 2258 1178 2331 patrum,
1209 2247 1457 2331 magnis
1488 2247 1703 2312 Salius
1734 2248 2119 2313 clamoribus
2149 2245 2397 2332 implet,

648 2350 1102 2433 Ereptumque
1133 2347 1286 2413 dolo
1316 2350 1504 2414 reddi
1534 2350 1657 2413 sibi
1684 2350 1899 2433 poscit
1926 2348 2260 2413 honorem.

643 2450 935 2517 Tutatur
963 2449 1146 2515 favor
1175 2450 1558 2535 Euryalum,
1589 2450 1998 2534 lacrimaeque
2030 2450 2311 2526 decorae,

644 2554 915 2619 Gratior
937 2562 1006 2617 et
1035 2551 1310 2637 pulchro
1340 2553 1603 2617 veniens
1634 2552 1701 2617 in
1730 2572 2007 2636 corpore
2036 2553 2265 2616 virtus.

533 2781 806 2845 324-326,
844 2782 1094 2846 Expressa
1125 2795 1189 2828 ex
1224 2780 1364 2829 Iliad.
1397 2784 1446 2843 ψ,
1481 2780 1593 2839 764,

470 2848 580 2899 765.
639 2846 818 2895 Diores
848 2845 919 2895 ita
951 2860 1098 2894 cursu
1129 2854 1290 2908 aequat
1323 2846 1595 2909 Helymum

467 2922 523 2960 ut
545 2926 643 2959 uno
665 2920 856 2960 tantum
877 2909 960 2958 ille
981 2925 1131 2974 passu
1155 2918 1428 2973 praevertat.
1488 2910 1590 2958 Ita-

468 2992 563 3039 que
598 2976 775 3024 Diores
807 2975 878 3024 sic
913 2975 1076 3031 instat,
1115 2984 1172 3021 ut
1201 2974 1456 3023 immineat
1487 2977 1593 3037 eJus

467 3040 684 3088 humeris
715 3048 766 3087 et
798 3037 1006 3101 vestigia
1039 3048 1242 3102 premat,
1283 3038 1435 3086 altero
1465 3039 1592 3104 pede

467 3104 710 3153 anteriore
729 3118 971 3165 occupans
990 3105 1095 3165 ejus
1107 3101 1282 3166 pedem
1299 3100 1590 3152 citeriorem.

469 3170 549 3216 Ita
571 3168 633 3214 ad
654 3168 857 3215 verbum
889 3170 1056 3214 calcem
1080 3168 1203 3215 calce
1231 3166 1424 3231 premit.
1481 3168 1593 3217 Etsi

465 3247 557 3280 nec
589 3231 681 3278 hoc
715 3246 928 3279 necesse.
997 3231 1090 3279 Est
1122 3229 1252 3279 enim
1285 3231 1469 3279 dictum
1503 3248 1589 3280 ex—

467 3293 696 3359 quisitius
727 3310 830 3359 pro,
867 3295 1043 3360 pedem
1078 3296 1216 3359 pede.
1289 3296 1369 3353 Et,
1406 3296 1449 3345 si
1479 3296 1591 3361 plus

465 3359 613 3425 spatii
635 3368 925 3424 superesset,
947 3376 1037 3408 nec
1054 3360 1282 3408 curriculi
1305 3370 1448 3409 metae
1461 3364 1587 3423 jam-

458 3429 562 3489 iam
575 3424 1036 3489 appropinquarent,
1051 3434 1138 3472 aut
1151 3424 1291 3473 illum
1303 3440 1448 3473 cursu
1461 3441 1587 3490 prae-

465 3489 706 3549 vertisset,
737 3498 824 3537 aut
854 3490 1026 3538 saltem
1057 3498 1308 3551 aequasset.
1368 3490 1481 3538 Hoc
1515 3500 1592 3539 est

463 3559 725 3619 ambiguum
755 3558 990 3617 relinquat
1021 3570 1148 3612 eum,
1176 3554 1223 3602 h.
1259 3570 1300 3601 e.
1337 3554 1587 3617 ambigen-

465 3630 564 3669 tem
599 3619 662 3667 de
696 3635 867 3669 cursus
903 3620 1080 3685 palma,
1114 3619 1194 3668 vel
1229 3618 1290 3667 de
1314 3634 1410 3681 quo
1433 3619 1587 3668 ambi-

462 3694 638 3748 gerent
657 3684 755 3732 alii.

527 3750 799 3800 327—332.
835 3752 996 3811 Spatia
1015 3758 1225 3805 extremo,
1247 3756 1467 3797 extrema
1487 3756 1587 3797 sta-

461 3813 530 3862 dii
568 3824 721 3878 parte.
791 3816 952 3861 Finem
995 3812 1284 3875 exquisitius
1327 3828 1418 3877 pro
1457 3822 1587 3861 meta

461 3878 600 3927 dixit.
651 3880 766 3926 Levi
786 3881 1008 3941 sanguine
1029 3892 1120 3941 pro
1141 3878 1245 3925 solo
1265 3877 1364 3925 levi
1387 3887 1587 3941 propter

458 3942 761 4007 sanguinem.
821 3942 1030 4004 Sanguis
1059 3942 1342 4006 superfusus
1369 3941 1582 3989 madefe-

459 4016 593 4057 cerat
610 4009 812 4056 humum
826 4008 1097 4055 herbosam.
1144 4008 1350 4068 Vestigia
1366 4009 1583 4064 titubata,

459 4072 702 4130 audacius,
729 4080 783 4120 ut
804 4088 834 4119 a
855 4080 1014 4136 poeta,
1034 4086 1124 4135 pro
1145 4070 1351 4135 pedibus
1369 4070 1585 4118 tituban-

461 4136 604 4185 tibus.

538 4204 647 4249 334.
697 4206 888 4250 Amores
931 4200 1058 4249 male
1101 4200 1246 4254 modo
1287 4199 1348 4247 ad
1394 4208 1588 4263 turpem

459 4265 604 4312 modo
625 4264 687 4313 ad
709 4282 940 4329 magnum
975 4280 1190 4313 amorem
1218 4265 1430 4313 trahunt.
1489 4264 1537 4311 N
1542 4264 1584 4311 i-

457 4329 529 4377 hil
547 4328 683 4403 aliud
710 4340 799 4403 est,
822 4345 979 4403 quam·
988 4329 1180 4393 poetica
1202 4330 1326 4377 ratio
1357 4344 1449 4395 pro
1471 4328 1578 4377 vul-

457 4408 577 4457 gari,
601 4410 727 4441 amor
747 4408 772 4441 s
939 4408 983 4440 n
1005 4408 1222 4443 numero.

524 4458 634 4515 338,
659 4458 769 4505 339.
801 4458 968 4517 Prima
989 4465 1126 4516 unet,
1148 4456 1213 4505 τὰ
1228 4460 1404 4519 πρῢτα,
1425 4457 1577 4507 victo-

1658 2778 1781 2829 riam
1804 2778 1993 2829 obtinet
2012 2780 2171 2845 primo
2192 2779 2313 2838 loco,
2338 2778 2518 2828 amoris
2548 2780 2795 2829 beneficio

1658 2854 1711 2893 et
1730 2844 1907 2893 studio.
1946 2847 2105 2893 Tertia
2120 2848 2293 2907 palma,
2318 2844 2463 2893 tertio
2482 2844 2593 2893 loco
2614 2845 2789 2902 victor,

1657 2909 1846 2957 ratione
1884 2909 2087 2974 poetica.
2155 2912 2333 2966 Palma,
2379 2919 2435 2957 ut
2476 2913 2687 2967 victoria,
2734 2920 2791 2957 et

1658 2990 1788 3048 saepe
1801 2972 1897 3022 alia
1912 2976 2166 3033 abstracta,
2180 2990 2271 3038 pro
2288 2974 2483 3023 victore.
2518 2975 2605 3023 An
2620 2974 2785 3037 dig-ni-

1657 3048 1744 3087 tati
1778 3038 1906 3103 epici
1934 3038 2164 3087 canninis
2194 3038 2413 3087 versibus
2440 3039 2656 3086 maxime
2688 3040 2787 3086 333

1658 3112 1709 3151 et
1730 3103 1839 3161 557,
1866 3104 1961 3151 558
1984 3103 2101 3151 satis
2124 3103 2399 3151 consultum
2422 3102 2500 3160 sit,
2524 3102 2787 3165 quesitum

1658 3177 1735 3216 est
1764 3184 1875 3217 cum
1910 3167 2045 3227 alias,
2069 3177 2173 3215 tum
2204 3183 2361 3232 nuper
2390 3167 2585 3225 iterum,
2609 3184 2640 3215 a
2660 3167 2789 3215 viris

1656 3232 1825 3281 doctis.
1868 3232 2051 3280 Saltem
2065 3233 2156 3280 hoc
2176 3230 2455 3289 tenendum,
2471 3247 2571 3280 non
2586 3247 2649 3279 ex
2666 3246 2783 3279 nos-

1654 3304 1730 3344 tro
1752 3296 1915 3345 decori
1938 3312 2086 3345 sensu
2108 3294 2467 3357 dijudicandam
2501 3310 2609 3344 rem
2640 3311 2779 3352 ωερε

1656 3361 1797 3423 quale
1832 3368 1997 3409 autem
2030 3361 2273 3436 Augustei
2306 3360 2469 3409 saeculi
2499 3360 2563 3408 de
2604 3360 2690 3409 tali
2724 3376 2783 3409 re

1648 3424 1889 3488 judicium
1918 3425 2080 3482 fuerit,
2110 3440 2403 3487 ignoramus.
2458 3426 2644 3473 Nostra
2670 3424 2779 3487 qui-

1656 3489 1767 3538 dem
1801 3501 1919 3537 aetas
1954 3488 2155 3538 facetias
2188 3490 2313 3539 tales
2342 3499 2492 3548 recte,
2529 3500 2669 3553 puto,
2696 3504 2777 3537 re-

1656 3570 1679 3602 s
1717 3554 1805 3601 uit.

1682 3570 1992 3667 Ρ340-342,
2030 3618 2199 3667 Simile
2216 3618 2435 3683 jurgium
2462 3618 2593 3682 apud
2626 3618 2779 3667 nom.

1657 3682 1797 3731 Iliad.
1822 3687 1871 3745 ψ,
1896 3685 1991 3731 543
2015 3698 2115 3746 sqq.
2162 3686 2368 3741 Omana,
2392 3698 2513 3731 voce
2533 3698 2563 3730 a
2588 3682 2781 3731 theatro

1654 3747 1814 3806 ducta,
1835 3749 1959 3796 bene
1976 3747 2103 3796 dixit
2119 3748 2279 3797 locum
2296 3749 2566 3810 θεατροειδῆ
2583 3746 2637 3795 in
2654 3746 2781 3796 valle

1650 3812 1783 3861 inter
1812 3812 1973 3871 colles,
2003 3821 2059 3860 ut
2094 3814 2189 3861 288
2224 3828 2294 3874 sq.
2327 3811 2619 3861 videramus.
2682 3815 2777 3860 Ora

1646 3880 1799 3939 prima
1812 3885 2001 3939 patrum
2018 3885 2068 3925 et
2080 3875 2239 3941 primo
2254 3877 2374 3934 loco,
2394 3886 2509 3924 ante
2522 3876 2658 3933 alios,
2674 3876 2775 3941 pri·

1651 3957 1760 3990 ores
1783 3941 1992 3999 ordines,
2017 3942 2193 4004 quibus
2214 3941 2432 3990 seniores
2454 3950 2507 3989 et
2526 3940 2773 3989 honorati·

1650 4020 1759 4054 ores
1782 4006 2029 4055 sedebant.

1719 4072 1827 4128 343,
1849 4072 1958 4118 344.
1988 4073 2295 4132 Lacr-imque
2308 4074 2481 4118 decoro
2496 4070 2640 4134 pueri
2658 4085 2773 4133 sup-

1651 4134 1893 4199 plicantis,
1918 4150 1981 4183 ne
2012 4134 2105 4183 sibi
2128 4134 2343 4183 victoriae
2368 4135 2523 4182 honos
2554 4134 2769 4198 eripere-

1653 4210 1746 4247 tur.
1811 4200 2004 4247 Veniens
2024 4199 2183 4311 simp}
2208 4214 2313 4264 pro,
2337 4214 2445 4262 quae
2468 4207 2555 4247 est.
2612 4201 2774 4247 Venire·

1651 4264 1811 4329 poetis
1832 4280 1922 4328 pro
1950 4280 2069 4313 esse.
2176 4274 2335 4312 eteres
2362 4262 2668 4327 grammatici
2694 4280 2767 4311 ve-

1646 4332 1775 4377 niem
1806 4330 1852 4377 h.
1884 4330 1917 4378 l.
1951 4328 2259 4393 proveniens,
2294 4340 2513 4385 nascens,
2546 4342 2769 4377 crescens

1645 4394 2117 4457 interpretabantur3
2153 4392 2247 4441 uti
2282 4394 2405 4441 Geo.
2430 4394 2495 4441 54
2514 4394 2614 4441 Hic
2644 4408 2765 4455 sege·

1646 4466 1729 4516 tes,
1752 4461 1852 4506 illic
1872 4456 2253 4519 miantfitlicius
2274 4474 2385 4506 κω.
