3050 4934
467 242 598 306 564

1356 237 1887 304 AENEIDOS

644 390 740 454 Ut
771 392 1024 467 rebare,
1055 388 1285 454 Venus
1317 390 1466 471 (nec'
1495 399 1561 453 te
1594 389 1915 454 sententia
1945 387 2131 469 fallit)

641 490 966 576 Trojanas
999 501 1322 556 sustentat
1353 513 1548 574 opes:
1596 512 1726 554 non
1759 490 1972 554 vivida
2000 488 2173 554 bello

470 593 602 656 610
645 591 906 656 Dextra
935 593 1110 668 viriS,
1138 593 1516 676 animusque
1549 590 1758 668 ferox,
1789 591 2171 675 patiensque
2202 589 2449 674 pericli.

643 693 766 756 Cui
797 693 977 756 Juno
1007 694 1362 757 submissa:
1411 692 1619 768 Quid,
1649 715 1690 755 o
1720 689 2153 776 pulcherrime
2182 691 2445 775 conjux,

643 793 961 870 Sollicitas
991 815 1254 878 aegram,
1287 805 1356 858 et
1386 805 1498 857 tua
1527 794 1739 856 tristia
1768 793 1942 857 dicta
1972 794 2344 856 timentem?

640 894 712 958 Si
741 895 919 971 mihi,
950 917 1099 979 quae
1129 895 1458 980 quondam
1485 894 1724 971 fixerat,
1757 915 2081 978 quamque
2108 915 2255 956 esse
2284 891 2587 966 decebat,

643 995 765 1060 Vis
797 996 862 1059 in
893 1017 1110 1060 amore
1141 995 1346 1072 foret3
1392 1017 1524 1059 non
1556 995 1683 1059 hoc
1710 994 1866 1058 mihi
1892 1016 2169 1078 namque
2200 1015 2497 1078 negareS,

472 1096 602 1159 615
648 1094 1105 1181 OmnipotenS,
1137 1097 1293 1180 quin
1324 1106 1393 1160 et
1421 1115 1663 1180 pugnae
1691 1096 2057 1160 subducere
2089 1095 2408 1172 Turnum,

645 1197 739 1262 Et
769 1196 1011 1261 Dauno
1039 1219 1300 1282 possem
1329 1195 1710 1260 incolumem
1742 1219 2001 1261 servare
2030 1197 2304 1281 parenti.

645 1297 846 1361 Nunc
875 1309 1126 1381 pereat,
1159 1297 1569 1382 Teucrisque
1599 1299 1710 1381 pio
1740 1298 1855 1362 det
1884 1299 2197 1383 sanguine
2224 1319 2475 1382 poenas,

647 1397 765 1462 Ille
796 1409 1012 1464 tamen
1040 1409 1265 1463 nostra
1293 1399 1563 1464 deducit
1592 1401 1839 1483 origine
1868 1423 2123 1478 nomen,

647 1499 1114 1584 Pilumnusque
1143 1499 1234 1564 illi
1263 1511 1536 1584 quartus
1569 1511 1791 1585 pater3
1836 1512 1905 1565 et
1934 1514 2045 1566 tua
2073 1501 2255 1585 larga

471 1602 602 1666 620
646 1601 838 1686 Saepe
868 1623 1062 1666 manu
1089 1600 1436 1685 multisque
1468 1603 1761 1666 oneravit
1787 1602 2003 1667 limina
2033 1603 2243 1667 donis,

646 1702 770 1767 Cui
800 1725 918 1768 rex
948 1702 1201 1767 aetherii
1229 1705 1516 1768 breviter
1544 1704 1635 1767 sic
1666 1702 1841 1767 fatur
1873 1702 2174 1788 Olympi:

650 1803 724 1867 Si
753 1824 933 1867 mora
962 1805 1304 1887 praesentis
1333 1803 1492 1866 lethi
1523 1813 1911 1889 tempusque
1942 1805 2191 1870 caduco

648 1904 897 1969 Oratur
918 1906 1168 1990 juveni,
1198 1925 1430 1988 meque
1459 1904 1587 1968 hoc
1614 1906 1706 1970 ita
1735 1927 1977 1989 ponere
2010 1905 2251 1982 sentis;

645 2005 836 2071 Tolle
867 2007 1024 2090 fuga
1051 2006 1374 2082 Turnum,
1403 2017 1601 2088 atque
1630 2006 2021 2069 instantibus
2050 2007 2233 2090 eripe
2259 2005 2433 2070 fatis.

473 2107 602 2170 625
647 2106 988 2171 Hactenus
1017 2106 1366 2171 indulsisse
1395 2097 1602 2170 vacat.

1674 2105 1789 2168 Sin
1818 2105 2006 2169 altior
2034 2105 2177 2170 istis

649 2207 793 2271 Sub
820 2209 1124 2292 precibus
1153 2209 1343 2272 venia
1371 2206 1502 2271 ulla
1528 2206 1712 2283 latet,
1744 2216 2080 2292 totumque
2108 2211 2353 2273 moveri

648 2307 980 2372 Mutarive
1008 2318 1201 2392 putas
1233 2305 1509 2385 bellum;
1559 2329 1711 2392 spes
1742 2309 1956 2392 pascis
1985 2309 2233 2373 inanes·

649 2408 743 2473 Et
770 2409 947 2474 Juno
977 2407 1412 2476 allacrimans:
1462 2408 1647 2481 Quid
1678 2409 1754 2485 si,
1786 2409 1963 2494 quod
1990 2431 2149 2475 voce
2178 2412 2489 2494 gravat-ia,

650 2511 880 2576 Mente
910 2511 1140 2588 dares;
1188 2522 1384 2596 atque
1414 2510 1559 2574 haec
1587 2509 1832 2595 Turnq
1849 2512 2151 2604 rata‘y-i-ta
2177 2514 2496 2593 maneret!

479 2734 586 2780 Non
597 2734 753 2780 vivida
769 2736 943 2780 ww.-
961 2731 1113 2781 immo
1125 2745 1242 2780 vero
1259 2731 1432 2780 AEneoe
1445 2729 1601 2779 virtus

477 2811 692 2859 pugnam
732 2795 1025 2845 restituerat.
1079 2799 1263 2848 Dextra
1300 2799 1428 2852 viris,
1466 2794 1597 2843 viro-

477 2875 603 2918 rum,
626 2869 682 2908 ut
703 2860 828 2908 solet
847 2869 1006 2924 poeta.

544 2925 655 2979 611,
696 2923 806 2971 612.
842 2927 1155 2977 Pulcher-rime
1197 2924 1246 2971 h.
1284 2924 1317 2970 l.
1363 2923 1595 2981 notabile,

477 2987 608 3034 inter
642 2983 915 3036 blanditias.
977 2991 1155 3037 Tristia
1189 2991 1321 3070 dicta.
1353 2988 1400 3035 h.
1436 2987 1467 3034 l.
1505 3003 1590 3035 ex-

477 3050 768 3114 probrantis,
791 3053 977 3099 acerba.

544 3115 654 3171 613,
679 3114 788 3161 614.
833 3117 949 3162 Vis
931 3131 980 3162 m
1002 3131 1151 3162 amore
1167 3117 1294 3173 mihi,
1315 3129 1418 3178 pro,
1441 3113 1485 3162 si
1508 3123 1593 3162 tuo

479 3177 533 3225 in
551 3192 630 3225 me
653 3177 806 3226 amori
829 3187 958 3226 esset
977 3177 1066 3227 vis.
1118 3177 1258 3227 Alias
1283 3181 1493 3240 potentia
1513 3177 1589 3226 di-

479 3241 606 3290 citur
619 3241 681 3289 de
695 3241 984 3291 amantibus.
1021 3242 1252 3306 Vulgari·
1265 3243 1419 3291 oratio
1434 3251 1588 3291 esset:

481 3309 534 3353 Si
556 3312 736 3354 tantum
755 3309 926 3355 valeret
959 3324 1084 3356 amor
1115 3325 1239 3356 meus
1259 3311 1385 3369 apud
1407 3317 1465 3364 te,
1487 3315 1591 3355 tan-

481 3379 576 3418 tam
597 3374 785 3419 haberet
817 3375 906 3419 vim
944 3380 990 3419 et
1029 3375 1361 3429 auctoritatem,
1386 3381 1442 3419 ut
1475 3371 1595 3419 olim

479 3435 610 3484 inter
644 3435 822 3483 amoris
859 3435 1014 3483 nostri
1047 3435 1325 3512 primordia.
1383 3438 1594 3497 Namque

481 3515 580 3548 non
602 3509 756 3557 vacat,
770 3500 858 3548 sed
881 3509 1152 3548 asseverat.
1189 3498 1388 3557 scilicet,
1409 3499 1593 3562 utique,

483 3562 791 3685 ῪάὲὗωὲΙὰὸρ.
811 3564 966 3677 'lirum
990 3636 1153 3691 pereat
1183 3627 1597 3678 stomachabunda

481 3690 792 3766 pronuntiat.
829 3708 932 3756 pro,
949 3710 1080 3742 nunc
1096 3710 1213 3743 vero
1227 3694 1272 3742 ei
1291 3692 1595 3768 pereundum

480 3764 554 3803 est
574 3754 629 3802 in
651 3755 972 3817 Troianorum
1005 3757 1238 3820 gratiam·
1273 3757 1365 3806 etsi
1387 3756 1470 3804 ille
1493 3764 1585 3804 etc.

479 3822 683 3868 Deducit
697 3836 854 3868 nomen
875 3821 922 3868 h.
947 3821 1164 3885 stirpem,
1189 3837 1358 3885 genus.

546 3885 656 3941 619,
699 3884 808 3932 620.
857 3887 924 3932 Et
969 3893 1050 3932 tua
1094 3889 1228 3948 larga
1273 3889 1402 3948 Saepe
1441 3901 1593 3932 manu.

483 3949 733 4022 Frequens
754 3947 816 3996 ad
839 3950 1108 3998 exorandos
1129 3950 1261 4006 deos,
1279 3958 1330 3998 et
1351 3949 1412 3997 ad
1435 3949 1593 3996 homi·

481 4010 1597 4152 ἓᾞῶῗωᾞξιεῖοξῗωέῗὲἒζὲἓηῗ

479 4140 622 4188 rudia
654 4140 854 4203 ingenia
887 4141 1300 4190 accommodatum
1505 4157 1591 4189 en-

481 4211 600 4260 tum,
637 4207 776 4266 cujus
811 4205 972 4268 prima
1010 4205 1235 4269 exempla
1273 4206 1328 4254 in
1373 4205 1595 4252 Homero

485 4237 622 4314 Iliad.
651 4271 691 4324 θ,
715 4269 809 4316 238
832 4284 902 4331 sq.
926 4277 977 4316 et
1000 4271 1094 4318 203
1117 4286 1188 4333 sq.
1261 4291 1266 4296 ·

547 4330 643 4376 622
665 4346 766 4406 sqq.
801 4332 936 4380 Juno
967 4333 1059 4381 hoc
1093 4335 1358 4397 spectabat,
1381 4344 1438 4382 ut
1466 4334 1593 4382 Tur-

483 4408 600 4441 num
619 4408 817 4442 ommno
840 4395 984 4445 morti
1003 4397 1227 4462 eriperet.
1275 4399 1408 4448 Huic
1423 4413 1593 4446 occur-

1664 2729 1733 2778 rit
1750 2730 1949 2794 Jupiter
1969 2730 2055 2790 sic,
2080 2740 2137 2779 ut
2167 2731 2220 2778 in
2246 2743 2465 2805 presens
2486 2729 2632 2779 modo
2654 2737 2785 2781 tem-

1664 2810 1758 2869 pus
1780 2794 1879 2842 fata
1908 2766 2067 2844 Turni
2092 2795 2275 2844 diffem
2306 2794 2548 2859 patiatur.
2584 2795 2645 2843 cf.
2669 2811 2784 2860 sup.

1664 2857 1746 2915 vii,
1783 2861 1878 2907 313
1914 2875 2015 2922 sqq.
2074 2860 2167 2908 Est
2194 2874 2311 2908 vero
2348 2867 2477 2908 totus
2508 2859 2645 2908 locus
2668 2860 2783 2908 Ho-

1663 2923 1887 2998 mericus,
1916 2923 2055 2972 Iliad.
2092 2941 2142 2982 τι,
2174 2925 2271 2972 489
2300 2939 2404 2986 sqq.
2462 2925 2658 2982 σαάιιω,
2692 2940 2781 2974 ex-

1692 2985 1849 3046 uisite‚
1874 3003 1990 3036 mox
2020 3003 2204 3047 casuro,
2229 2987 2308 3036 vel
2340 2987 2421 3036 cui
2452 3002 2569 3036 mox
2600 2987 2782 3038 caden-

1692 3065 1789 3108 um,
1812 3022 2118 3101 moriendum
2134 3061 2229 3100 est.

1724 3116 1996 3164 628—626.
2032 3119 2197 3177 Meque
2222 3120 2306 3166 Ιτα-
2328 3121 2398 3165 ita
2413 3133 2583 3186 ponere
2602 3122 2777 3167 sentis.-

1628 3179 1797 3241 sique
1810 3180 1879 3228 ita
1896 3181 1988 3228 hoc
2009 3180 2190 3228 factum
2192 3171 2559 3256 interpretaris,
2574 3181 2629 3229 in
2644 3181 2785 3232 hunc

1659 3259 1857 3292 sensum
1882 3244 2077 3308 accipis,
2102 3254 2159 3293 ut
2189 3245 2243 3294 in
2278 3261 2391 3295 eum
2424 3245 2625 3294 modum
2648 3261 2677 3295 a
2698 3261 2781 3296 me

1658 3307 1981 3358 constituatur
2002 3323 2133 3357 nunc
2152 3310 2272 3358 hoc.
2309 3310 2410 3358 scil.
2429 3317 2487 3357 ut
2499 3308 2657 3358 Turni
2680 3310 2781 3360 fan

1658 3371 1957 3430 differantur,
2011 3389 2109 3420 non
2162 3383 2218 3423 ut
2268 3382 2531 3422 mutentur.
2598 3377 2777 3424 Ponere

1658 3436 1800 3484 docte
1841 3433 2019 3485 τιθέναι
2070 3453 2160 3501 pro
2212 3436 2476 3514 διατιθέναι,
2530 3439 2777 3498 ordinare,

1660 3500 1968 3548 constituere.
2030 3503 2171 3550 Vocat
2208 3501 2496 3564 exquisitius
2532 3519 2679 3576 quam
2714 3508 2778 3552 1⁸·-

1660 3573 1757 3612 cet:
1790 3563 1915 3612 nihil
1936 3565 2078 3614 talu-a.
2138 3569 2296 3625 Venia,
2332 3565 2610 3615 concessio:
2646 3568 2779 3630 quod

1660 3627 1937 3686 concedam,
1962 3629 2257 3692 indulgeam.

1726 3693 1836 3752 628,
1861 3693 1971 3742 629.
2010 3693 2137 3742 Belli
2170 3693 2355 3743 exitum
2378 3693 2608 3743 fatalem·
2594 3709 2779 3744 immu-

1654 3765 1808 3805 tatum
1830 3773 1929 3805 non
1949 3757 2012 3805 iri
2034 3758 2233 3822 Jupiter
2248 3758 2677 3832 pronuntiaverat.
2714 3761 2781 3808 de

1661 3821 1830 3869 Turno
1846 3821 1917 3869 nil
1930 3823 2233 3870 meminerat.
2274 3823 2305 3870 J
2309 3837 2406 3870 uno
2420 3821 2585 3884 itaque
2596 3824 2629 3871 J
2632 3837 2780 3873 ovem

1659 3895 1835 3933 caetera
1855 3885 1917 3932 de
1939 3886 2097 3934 Turni
2114 3887 2217 3936 vita
2246 3897 2299 3934 et
2312 3885 2647 3935 incolumitate
2670 3887 2777 3936 elo-

1660 3949 1743 4012 qui
1768 3963 1865 3996 non
1896 3950 2075 3998 audere
2115 3951 2361 4010 arbitrata,
2387 3950 2573 3999 utinam
2606 3951 2711 4008 id‚'
2696 3967 2779 4000 ιιι-

1660 4013 1779 4076 quit,
1802 4013 1931 4076 quod
1952 4013 2149 4063 disertis
2162 4014 2325 4063 verbis
2347 4014 2631 4079 promittere
2653 4014 2779 4064 mihi

1658 4077 1891 4140 gravaris,
1928 4078 2092 4126 animo
2124 4079 2297 4128 saltem
2332 4089 2383 4127 et
2402 4079 2651 4127 voluntate
2683 4095 2777 4128 an-

1661 4156 1851 4198 nueres,
1874 4141 2073 4200 scilicet,
2098 4151 2154 4191 ut
2175 4143 2345 4191 Turno
2364 4143 2464 4192 vita
2486 4152 2615 4191 esset
2636 4142 2779 4192 inco-

1659 4204 1819 4254 lumis.
1883 4209 2008 4258 Quid
2048 4211 2105 4264 εἰ,
2146 4207 2277 4255 valet
2318 4207 2465 4265 idem,
2502 4207 2647 4270 quod,
2688 4224 2783 4258 cur

1662 4272 1793 4317 non?
1830 4270 1947 4332 quid
1978 4271 2067 4318 nil
2102 4271 2153 4318 τί
2183 4269 2293 4326 οὖνς
2330 4268 2373 4320 εἶ
2406 4271 2498 4329 καὶ,
2522 4271 2639 4334 quid
2660 4273 2785 4321 mali

1660 4333 1777 4381 inde
1820 4333 2037 4384 futurum
2081 4345 2225 4410 esset,
2266 4335 2340 4392 si·
2385 4335 2609 4410 reditque
2653 4337 2785 4386 adeo

1662 4399 1905 4448 sententia
1936 4400 1997 4448 ad
2029 4398 2323 4464 optativam.
2360 4417 2391 4448 ο
2422 4399 2495 4449 sil
2550 4403 2786 4450 ernn's
