3050 4934
1180 266 1519 334 LIBER
1569 271 1743 336 vll.

2497 274 2628 336 457

479 409 631 475 Sole
663 412 985 490 lacessita,
1016 427 1084 479 et
1112 416 1321 481 lucem
1354 423 1477 484 sub
1508 422 1728 485 nubila
1748 424 2038 507 jactant:

477 509 748 577 Fluctus
778 515 875 576 uti
902 515 1111 598 primo
1140 518 1341 602 coepit
1368 543 1571 604 quum
1599 521 1930 588 albescere
1962 536 2177 598 vent0‚

476 611 821 677 Paullatim
850 637 993 679 sese
1024 616 1187 681 tollit
1216 641 1414 697 mare,
1447 633 1515 685 et
1546 621 1736 686 altius
1769 623 1980 687 undas

301 710 431 774 530
475 713 713 797 Erigit,
744 716 896 779 inde
926 718 1053 781 imo
1084 723 1419 803 consurgit
1448 723 1534 784 ad
1565 722 1814 788 aethera
1845 723 2071 788 fundo.

476 813 605 878 Hic
626 818 886 900 juvenis
917 821 1189 901 primam
1217 832 1368 884 ante
1400 823 1602 900 aciem
1636 825 1952 888 stridente
1983 827 2241 908 sagitta,

472 915 795 980 Natorum
824 918 1073 1002 Tyrrhi
1102 919 1316 984 fuerat
1345 922 1458 1005 qui
1484 945 1849 1001 maxumuS,
1885 922 2078 988 Almo

473 1015 835 1096 Sternitur;
880 1019 1073 1083 haesit
1102 1022 1271 1084 enim
1302 1024 1427 1086 sub
1457 1035 1726 1106 gutture
1758 1024 2012 1102 vulnus,
2044 1037 2112 1089 et
2141 1028 2288 1090 udae

472 1115 671 1181 Vocis
700 1120 825 1183 iter
854 1131 1244 1205 tenuemque
1274 1122 1534 1187 inclusit
1566 1126 1878 1208 sanguine
1910 1127 2123 1190 vitam.

300 1216 427 1279 535
472 1217 768 1303 Corpora
796 1221 999 1286 multa
1028 1221 1235 1285 virfim
1264 1224 1457 1300 circa,
1490 1226 1834 1309 seniorque
1869 1225 2196 1302 Galaesus,

470 1317 649 1384 Dum
678 1323 825 1404 paci
854 1324 1136 1387 medium
1168 1345 1237 1387 se
1270 1323 1497 1400 offert3
1537 1325 1939 1408 justissimus
1972 1350 2140 1392 unus

469 1419 601 1492 Qui
632 1421 777 1500 fuit,
812 1423 1255 1508 Ausoniisque
1288 1424 1436 1488 olim
1464 1426 1821 1490 ditissimus
1854 1429 2060 1491 arvis:

470 1520 777 1606 Quinque
810 1545 1044 1607 greges
1076 1523 1165 1589 illi
1194 1524 1550 1603 balantum,
1581 1529 1778 1611 quina
1807 1529 2110 1593 redibant

469 1622 821 1700 Armenta„
840 1635 907 1688 et
938 1637 1175 1689 terram
1208 1637 1467 1690 centum
1498 1629 1795 1692 vertebat
1823 1632 2076 1694 aratriS.

292 1721 423 1784 540
554 1721 777 1808 Atque
807 1747 885 1789 ea
914 1749 1037 1810 per
1065 1749 1327 1811 campos
1360 1751 1550 1812 aequo
1581 1730 1736 1793 dum
1769 1729 1989 1794 Marte
2019 1743 2356 1814 geruntur,

466 1823 778 1888 Promissi
810 1827 935 1890 dea
962 1826 1135 1916 facta
1165 1838 1424 1912 potens,
1458 1830 1572 1893 ubi
1603 1831 1916 1913 sanguine
1946 1829 2188 1895 bellum

466 1924 740 2004 Imbuit,
759 1913 1077 2012 ‘et‘primae
1108 1931 1423 1994 commisit
1454 1929 1683 1995 funera
1713 1953 1974 2016 pugnae‚

464 2024 731 2091 Deserit
762 2027 1176 2112 Hesperiam,
1209 2041 1276 2094 et
1306 2031 1453 2096 eoeli
1481 2053 1772 2096 convexa
1795 2055 1916 2116 per
1945 2055 2136 2098 auras

460 2127 785 2192 «Iunonem
814 2131 1045 2194 victrix
1074 2130 1311 2196 affatur
1342 2155 1499 2196 voce
1528 2135 1848 2217 superba:

288 2227 419 2289 545
468 2227 597 2305 En,
630 2228 922 2313 perfecta
952 2232 1071 2294 tibi
1099 2230 1273 2296 bello
1302 2233 1630 2298 discordia
1661 2235 1864 2311 tristi3

460 2327 614 2405 Dic,
643 2331 709 2392 in
737 2331 1079 2394 amicitiam
1108 2343 1362 2409 coeant,
1395 2343 1465 2396 et
1493 2333 1746 2398 foedera
1766 2335 2068 2418 jungant.

461 2428 1011 2515 Quandoquidem
1042 2431 1339 2496 Ausonio
1368 2435 1656 2517 respersi
1685 2436 2002 2516 sanguine
2033 2433 2369 2511 Teucros;

459 2529 609 2596 Hoc
638 2533 831 2595 etiam
859 2532 961 2595 his
994 2531 1253 2610 addam,
1287 2545 1399 2597 tua
1431 2537 1485 2597 si
1516 2533 1672 2598 mihi
1701 2544 1882 2598 certa
1912 2533 2234 2612 voluntas,

459 2631 789 2698 Finitimas
818 2635 885 2698 in
917 2634 1086 2699 bella
1113 2634 1317 2699 feram
1344 2636 1712 2700 rumoribus
1743 2638 1964 2713 urbes,

280 2735 412 2796 550
457 2731 961 2820 Accendamque
992 2738 1238 2800 animos
1269 2737 1476 2801 insani
1506 2737 1746 2801 Martis
1779 2759 2022 2814 amore,

454 2835 763 2920 Undique
794 2849 869 2901 ut
898 2836 1138 2901 auxilio
1168 2838 1464 2916 veniant;
1512 2859 1816 2922 spargam
1847 2861 2025 2902 arma
2055 2859 2174 2921 per
2203 2860 2418 2921 agros·

450 2937 625 3001 Tum
655 2949 881 3002 contra
910 2939 1121 3002 Juno:
1171 2938 1529 3004 Terrorum
1560 2949 1628 3004 et
1659 2939 1908 3004 fraudis
1941 2939 2202 3003 abunde
2233 2952 2356 3004 est.

450 3039 643 3103 Stant
671 3039 823 3104 belli
854 3063 1103 3119 causae3
1150 3053 1480 3124 pugnatur
1509 3042 1862 3105 comminus
1893 3040 2119 3106 armis:

342 3206 453 3256 527.
508 3209 609 3254 Sole
650 3209 862 3256 lacessita
907 3217 1109 3256 venuste
1155 3223 1245 3270 pro
1285 3223 1395 3271 per-

274 3285 421 3318 cussa
443 3271 605 3318 radiis.

340 3337 613 3383 528—530.
648 3336 839 3400 Saepius
856 3345 1025 3384 ornata
1042 3351 1073 3383 a
1088 3335 1247 3399 poetis
1264 3350 1395 3383 com-

272 3399 477 3462 paratio,
494 3398 705 3463 primum
720 3400 915 3462 quidem
928 3401 991 3448 ab
1008 3401 1240 3456 Homero,
1258 3399 1395 3446 lliad.

272 3465 315 3519 8,
356 3465 453 3510 422
494 3479 595 3526 sqq.
662 3465 881 3512 Eandem
922 3465 1213 3512 elaboratius
1252 3473 1391 3511 extu-

274 3528 401 3576 lerat
440 3527 599 3586 Maro,
644 3529 765 3576 Geo.
812 3529 880 3586 iii,
929 3529 1021 3578 237
1068 3545 1169 3590 sqq.
1240 3531 1397 3576 Primo

272 3599 404 3639 vento
420 3610 436 3638 .·
477 3607 589 3640 cum
622 3593 834 3656 primum
858 3607 977 3641 aura
1002 3609 1135 3641 mare
1172 3593 1393 3657 impellit,

268 3655 543 3718 fluctusque
564 3657 661 3704 ciet
682 3673 925 3720 spumeos.

338 3722 449 3776 533,
468 3721 577 3768 534.
616 3723 788 3768 Vulnus
803 3737 895 3784 pro
913 3720 1101 3782 sagitta,
1122 3731 1179 3768 ut
1200 3721 1251 3778 ii,
1272 3723 1391 3776 5293

268 3793 323 3832 et
354 3787 555 3842 inclusit,
578 3801 669 3859 pro
702 3785 989 3842 interclusit,
1022 3789 1111 3832 iter
1132 3789 1252 3832 vocis
1274 3789 1391 3842 udat,

268 3848 493 3897 traducto
515 3849 733 3912 epitheto
754 3866 783 3897 a
802 3859 1013 3912 gutture,
1038 3865 1127 3913 per
1148 3849 1277 3911 quod
1298 3864 1395 3897 vox

264 3913 535 3968 emittitur-‘3

334 3979 431 4024 535
498 3931 661 4026 migro
694 3914 767 3962 rie
792 3919 883 3961 iter
904 3917 1054 3961 udum.

702 3978 913 4026 omerica
944 3987 1049 4026 arte
1075 3978 1253 4026 Galaesi
1288 3993 1388 4027 me-

268 4041 473 4089 moriam
522 4042 665 4091 nobis
713 4043 1033 4100 commendat,
1090 4053 1140 4092 et
1188 4042 1388 4092 misera-

266 4105 452 4154 tionem
508 4106 649 4154 facit:
706 4107 766 4154 cf.
818 4107 956 4155 Iliad.
1005 4127 1042 4164 ε,
1089 4109 1385 4156 612—-614,

264 4169 411 4224 Quod
446 4173 719 4218 ditissimum
762 4172 970 4219 eundem
1006 4181 1055 4218 et
1080 4172 1391 4234 justissimum

262 4234 479 4292 exhibet,
508 4235 571 4282 ad
638 4236 773 4284 rimae
803 4237 847 4283 vi
856 4247 915 4283 toe
944 4251 1105 4284 mores
1136 4251 1385 4298 compara-

264 4309 372 4346 tum
418 4309 505 4346 est.
588 4300 718 4348 llud
762 4315 879 4348 vero
922 4300 983 4348 ad
1028 4299 1389 4348 miserationem

264 4363 513 4426 praeclare,
545 4367 667 4412 Dum
694 4370 803 4426 paci
824 4369 1019 4412 medium
1050 4382 1144 4412 aesc
1166 4367 1311 4424 offert,
1336 4375 1389 4412 ut

258 4431 362 4488 jam
388 4428 605 4476 Macrob.
632 4429 695 4486 iv,
722 4433 753 4476 4
772 4429 973 4478 monuit.

1533 3211 1804 3256 540—543.
1841 3211 1992 3271 AEquo
2017 3211 2188 3264 Marte,
2219 3208 2326 3272 pari
2363 3209 2588 3273 utrinque

1466 3273 1581 3320 belli
1611 3273 1816 3330 fortuna,
1850 3289 2016 3337 pugna
2051 3273 2103 3320 in
2141 3283 2364 3321 neutram
2398 3284 2589 3337 partem

1464 3336 1711 3384 inclinata.
1770 3339 2002 3398 Sanguine
2031 3340 2194 3384 bellum
2225 3340 2402 3384 imbuit.
2471 3339 2586 3386 Ser-

1463 3401 1587 3457 vius,
1634 3400 1858 3448 initiavit.
1933 3400 2142 3457 Scilicet,
2185 3401 2382 3464 proprie
2425 3403 2589 3450 Lats'm'

1461 3467 1779 3512 imbuebantur
1813 3469 2032 3526 sanguine
2065 3465 2144 3526 (ut
2173 3481 2216 3511 v.
2251 3467 2360 3520 554,
2397 3469 2586 3526 sanguis

1460 3545 1598 3576 novus
1644 3532 1808 3576 imbuit
1851 3529 2027 3586 arma),
2069 3527 2437 3584 inducebantur,
2487 3538 2584 3576 tra-

1460 3593 1714 3648 hebantur,
1755 3592 1912 3654 prima
1947 3591 2078 3638 caede
2114 3589 2252 3646 facta,
2289 3591 2351 3636 ad
2387 3591 2582 3640 bellum.

1462 3656 1668 3704 Doctius
1703 3656 1864 3718 ipsum
1901 3659 2064 3702 bellum
2097 3657 2330 3712 imbuitur,
2366 3654 2580 3704 institui-

1459 3731 1554 3778 tur,
1595 3720 1845 3782 sanguine.
1911 3722 2004 3766 Per·
2041 3736 2196 3776 auras,
2230 3721 2336 3766 coelt'
2374 3735 2582 3779 conve-ra,

1452 3787 1620 3847 Juxige,
1646 3786 1795 3832 verbo
1817 3793 1976 3832 motus
1995 3784 2188 3842 omisso,
2211 3799 2255 3830 v.
2280 3799 2320 3831 c.
2347 3793 2526 3832 evecta.

1524 3851 1796 3897 546—549.
1833 3852 1940 3906 Dic,
1974 3847 2172 3905 ironice,
2209 3856 2438 3910 tanquam
2469 3845 2578 3896 διδό-

1458 3932 1616 3962 vavor.
1663 3917 1765 3962 Hoc
1781 3917 1963 3972 addam,
1984 3917 2032 3960 in
2051 3915 2170 3960 bella
2179 3910 2350 3974 seram,
2369 3911 2578 3974 rapiam;

1458 3979 1648 4026 doctius
1670 3993 1828 4040 quam,
1853 3977 1914 4024 ad
1937 3976 2118 4024 bellum
2141 3975 2414 4024 accendam.

1522 4045 1634 4098 552,
1659 4043 1768 4090 553.
1809 4041 2110 4104 Dignitatem
2139 4039 2346 4088 orationi
2369 4041 2398 4086 J
2405 4039 2580 4088 unonis

1454 4108 1616 4155 inesse
1648 4106 1788 4154 facile
1811 4121 2056 4169 agnoscas.
2113 4107 2250 4151 Stant
2273 4107 2381 4151 baut·
2412 4121 2577 4154 causae.

1458 4173 1790 4218 Burmannus:
1827 4179 1984 4225 certae,
2007 4169 2116 4216 fixae
2137 4177 2266 4216 sunt.
2315 4171 2449 4216 Stare
2472 4185 2576 4217 om-

1454 4235 1574 4282 nino
1595 4250 1686 4297 pro
1707 4250 1828 4292 esse,
1851 4243 1908 4281 ut
1939 4235 2026 4281 Gr.
2052 4230 2304 4289 ἑστηκέναι
2325 4245 2577 4296 usurpant,

1456 4315 1517 4346 ne
1548 4299 1764 4346 exilitate
1789 4297 1918 4344 vocis
1941 4295 2178 4360 poeticam
2203 4296 2302 4345 vim
2335 4297 2574 4359 frangant.

1456 4363 1534 4410 Eo
1567 4361 1889 4419 referendum,
1923 4371 2048 4409 stant
2085 4364 2268 4422 proelia,
2304 4371 2351 4408 ct
2383 4361 2574 4410 similia.

1458 4427 1544 4474 Uti
1579 4436 1740 4474 nutem
1763 4427 1852 4474 hac
1882 4441 1998 4474 voce
2031 4435 2236 4490 possunt
2270 4435 2438 4490 poem,
2464 4427 2578 4489 quia

1371 4495 1457 4538 3⁸
