3050 4934
467 236 601 300 376
1374 227 1903 295 AENEIDOS

642 382 963 447 Adversis
997 381 1248 464 spatiis,
1283 377 1682 461 alternisque
1712 376 1983 441 orbibus
2012 376 2209 440 orbes

471 485 600 547 585
644 482 1041 565 Impediunt,
1073 500 1444 563 pugnaeque
1474 480 1649 542 cient
1678 476 2019 541 simulacra
2049 477 2173 540 sub
2202 476 2431 539 armis:

646 585 740 647 Et
768 603 942 645 nunc
972 593 1160 664 terga
1185 579 1343 663 fuga
1372 580 1659 655 nudant3
1706 599 1878 669 nunc
1912 574 2161 660 spicula
2190 586 2451 641 vertunt

652 680 936 759 Infensi3
982 680 1153 745 facta
1182 682 1428 764 pariter
1456 701 1630 743 nunc
1659 699 1822 762 pace
1854 676 2174 741 feruntur.

647 784 743 847 Ut
773 783 1102 867 quondam
1132 780 1332 845 Creta
1360 779 1569 844 fertur
1600 776 2049 861 Labyrinthus
2078 776 2145 839 in
2173 774 2304 839 alta

655 884 1026 950 Parietibus
1058 892 1310 946 textum
1341 881 1532 945 caecis
1562 880 1709 955 iter,
1742 878 2217 960 ancipitemque

475 986 604 1049 590
646 984 831 1049 Mille
859 984 978 1047 viis
1007 982 1318 1046 habuisse
1348 979 1592 1055 dolum,
1622 1002 1754 1063 qua
1784 980 1971 1061 signa
2000 975 2318 1059 sequendi

645 1084 932 1149 Falleret
959 1084 1392 1165 indeprensus
1423 1091 1493 1145 et
1521 1074 1943 1144 irremeabilis
1974 1098 2187 1141 error:

647 1185 855 1250 Haud
883 1182 1010 1248 alio
1039 1181 1374 1247 Teucrum
1402 1181 1539 1245 nati
1570 1180 1843 1264 vestigia
1870 1200 2070 1243 cursu

647 1286 1045 1369 Impediunt,
1075 1294 1438 1365 texuntque
1467 1280 1658 1366 fugas
1688 1291 1757 1345 et
1785 1278 2017 1363 proelia
2044 1278 2226 1363 lado,

651 1384 1056 1468 Delphinum
1088 1382 1348 1459 simileS,
1381 1383 1492 1466 qui
1520 1404 1641 1465 per
1670 1382 1871 1445 maria
1899 1379 2167 1444 humida
2196 1379 2413 1443 nando

475 1490 606 1553 595
651 1485 1079 1570 Carpathium
1109 1483 1559 1566 Libycumque
1592 1491 1837 1558 secant,
1872 1481 2287 1564 *luduntque
2314 1502 2435 1565 per
2456 1480 2695 1545 undas·
2720 1483 2761 1522 ⁴*

649 1588 851 1652 Hunc
879 1606 1148 1661 morem,
1180 1585 1301 1648 hos
1331 1605 1589 1659 cursus,
1622 1592 1819 1667 atque
1850 1582 1993 1646 hoec
2020 1582 2373 1647 certamina
2402 1582 2652 1665 primus

653 1687 1007 1763 Ascanius,
1034 1686 1331 1770 Longam
1361 1685 1561 1749 muris
1592 1706 1793 1767 quum
1820 1684 2113 1767 cingeret
2142 1680 2404 1759 Albam,

649 1789 930 1865 Retulit,
963 1798 1030 1853 et
1061 1788 1310 1871 priscos
1343 1787 1568 1851 docuit
1596 1783 1928 1850 celebrare
1962 1783 2259 1859 Latinos,

651 1890 808 1963 Quo
836 1911 1004 1973 puer
1032 1889 1174 1972 ipse
1204 1888 1421 1964 modo,
1455 1908 1677 1951 secum
1708 1907 1839 1969 quo
1870 1885 2075 1949 Troia
2100 1885 2347 1968 pubes:

475 1992 610 2056 600
651 1989 898 2056 Albani
929 1991 1214 2054 docuere
1247 2011 1437 2066 suos3
1484 1988 1637 2051 hinc
1668 2008 1969 2051 maxuma
1998 2006 2197 2068 porro

651 2091 934 2175 Accepit
963 2089 1202 2167 Roma,
1236 2101 1305 2154 et
1332 2090 1615 2173 patrium
1647 2088 1927 2153 servavit
1956 2086 2305 2162 honorem3

473 2268 481 2275 Ι
557 2177 573 2276 ξ
651 2192 990 2275 Trojaque
1021 2212 1217 2266 nunc,
1249 2190 1438 2274 pueri
1467 2188 1831 2273 Trojanum
1862 2188 2101 2252 dicitur
2130 2208 2385 2269 agmen.

647 2291 796 2357 Hac
825 2290 1154 2356 celebrata
1181 2302 1372 2355 tenus
1404 2300 1632 2353 sancto
1656 2289 2010 2354 certamina
2038 2288 2232 2372 patri.

477 2465 642 2514 vivida
663 2464 725 2513 ad
747 2479 944 2512 sensum
975 2462 1406 2527 repraesentatione
1442 2462 1512 2511 rei
1545 2462 1607 2511 ad

479 2529 728 2592 eloquium
773 2527 999 2576 difficilis.
1079 2530 1226 2575 Pares
1266 2527 1388 2585 loco,
1435 2526 1607 2575 ordine

479 2594 679 2649 eodem;
717 2596 836 2641 temi
868 2601 1046 2650 tamen,
1067 2592 1115 2639 11.
1141 2606 1182 2639 e.
1218 2591 1370 2639 ternis
1399 2589 1608 2639 diversis

476 2658 668 2715 turmis,
705 2672 826 2719 quas
863 2659 1018 2704 choros
1057 2654 1283 2720 appellat,
1321 2654 1605 2709 discedunt3

481 2730 567 2769 aut
593 2720 718 2769 terni
750 2719 930 2782 quique
965 2718 1285 2776 incesserunt,
1308 2717 1378 2765 ita
1399 2726 1456 2765 ut
1482 2717 1603 2766 duo-

479 2784 639 2834 decim
672 2793 838 2832 essent
869 2792 1090 2841 catervae,
1127 2782 1277 2831 trium
1307 2796 1609 2844 unaquaeque

515 2863 771 2897 uerorum:
807 2864 925 2896 mox
957 2847 1137 2895 iterum
1171 2854 1363 2902 coeunt,
1395 2849 1555 2903 vocati,
1579 2862 1609 2893 a

513 2913 700 2962 ucibus.
755 2911 934 2974 Infesta
955 2914 1049 2960 tela
1071 2914 1230 2967 tulere,
1252 2918 1308 2957 ut
1339 2909 1456 2957 alias
1475 2908 1609 2971 serre

479 2980 616 3039 signa
652 2974 835 3038 insecta,
869 2975 1050 3023 inferre
1079 2973 1158 3022 vel
1195 2982 1374 3029 tenere,
1409 2974 1605 3031 habere,

481 3055 668 3103 gerere.
725 3042 947 3087 Adversis
977 3042 1156 3112 spatiis,
1180 3038 1228 3085 h.
1252 3052 1292 3084 e.
1314 3037 1490 3098 quibus
1512 3037 1609 3101 ipsi

483 3102 676 3152 adversi
697 3103 745 3150 h.
771 3116 814 3149 e.
839 3102 970 3151 obvii
1001 3102 1213 3151 invicem
1239 3101 1333 3148 sibi
1366 3100 1480 3149 facti
1513 3100 1606 3149 ite-

483 3182 594 3215 rum
615 3165 882 3213 deflectunt
911 3180 978 3224 se,
1004 3174 1056 3213 et
1085 3165 1136 3213 in
1163 3180 1314 3213 novos
1338 3181 1484 3229 gyros
1507 3166 1606 3213 dis-

483 3238 704 3279 currunt.
756 3232 968 3278 Alternis
991 3232 1174 3278 orbibus
1197 3232 1324 3277 orbes
1346 3232 1609 3290 Impediunt

485 3293 732 3369 praeclare,
755 3308 866 3341 cum
894 3293 1042 3342 variis
1074 3293 1281 3342 flexibus
1311 3294 1525 3342 subeunt
1556 3310 1609 3343 se

483 3358 697 3407 invicem
716 3356 998 3406 saltantium
1010 3358 1220 3415 ordines,
1235 3373 1386 3420 seque
1403 3358 1613 3407 miscent

486 3433 538 3471 et
573 3421 840 3486 implicant.
903 3424 1000 3471 Sub
1035 3427 1189 3480 mis,
1224 3431 1282 3470 ut
1314 3437 1444 3487 saepe
1481 3422 1612 3486 apud

484 3496 680 3552 poetam
701 3502 806 3551 pro,
823 3490 1012 3535 armati.

553 3552 824 3600 588-591.
851 3552 898 3599 N
903 3566 967 3599 011
977 3560 1170 3616 poterat
1184 3550 1422 3614 Virgilius
1435 3566 1608 3615 super-

486 3632 570 3665 are
593 3616 670 3663 vel
701 3616 893 3678 assequi
926 3616 1086 3665 locum
1113 3616 1336 3673 Homeri,
1359 3631 1506 3677 quem
1527 3616 1605 3663 in·

487 3689 563 3728 ter
574 3680 927 3743 pulcherrimos
939 3680 1153 3744 primum
1170 3680 1481 3729 excitandum
1499 3696 1604 3729 cre-

483 3744 563 3801 do,
598 3743 739 3791 Iliad.
773 3760 820 3801 σ,
855 3746 951 3792 690
985 3760 1087 3806 sqq.
1127 3744 1188 3791 de
1221 3744 1412 3792 Daedali
1441 3744 1605 3792 choro.

488 3808 616 3856 Rem
631 3808 796 3869 itaque
813 3807 1061 3871 sapienter
1084 3806 1300 3855 traduxit
1315 3810 1378 3855 ad
1397 3808 1611 3857 similem

485 3888 606 3929 rem,
629 3870 998 3934 Labyrinthum,
1019 3886 1164 3933 quem
1187 3886 1246 3919 ea
1265 3888 1378 3920 cum
1405 3880 1509 3919 arte
1537 3872 1606 3920 ef-

485 3936 644 3993 finxit,
673 3944 728 3983 ut
756 3936 886 3984 inter
915 3938 1022 3997 ejus
1052 3935 1208 3983 flexus
1236 3934 1469 3997 legendos
1503 3937 1611 3999 ipse

486 4001 624 4063 quasi
649 4015 813 4049 errore
834 3998 952 4048 ferri
975 3998 1198 4047 videaris.
1259 4002 1400 4046 Creta
1423 4004 1472 4047 in
1493 4002 1608 4059 aua,

485 4074 688 4129 propter
709 4064 850 4113 Idam
866 4075 915 4113 et
933 4062 1056 4111 alios
1077 4072 1268 4111 montes
1285 4082 1297 4119 ς
1333 4078 1610 4125 quanquam

487 4139 538 4176 et
551 4128 710 4179 omnis
727 4128 888 4177 insula
899 4131 1000 4176 alta
1014 4136 1101 4185 est,
1118 4127 1300 4203 quippe
1314 4127 1436 4175 mari
1450 4127 1607 4176 altior.

487 4194 758 4241 Parietibus
790 4197 922 4241 eaecis
953 4192 1001 4239 h.
1026 4192 1058 4239 l.
1094 4192 1178 4253 qui
1211 4208 1370 4240 visum
1403 4208 1458 4240 ac
1492 4208 1607 4256 pro-

485 4264 708 4319 spectum
735 4256 1069 4320 intercipiunt,
1101 4264 1156 4303 ut
1191 4266 1346 4305 totum
1380 4256 1488 4315 iter,
1513 4272 1609 4319 qua

487 4328 666 4382 pateat,
699 4320 940 4369 estimare
971 4334 1194 4382 nequeas.
1249 4320 1390 4369 Ovid.
1419 4321 1473 4369 in
1497 4321 1608 4371 loco

470 4396 602 4431 ucum
629 4383 720 4431 hoc
750 4384 1075 4447 comparando
1107 4384 1195 4433 viii
1221 4386 1342 4435 Met.
1379 4388 1471 4435 158
1500 4402 1603 4449 sqq.

1672 2479 1792 2511 σασα
1807 2470 1928 2511 tecta
1940 2461 2079 2509 dixit.
2120 2465 2301 2521 Dolum,
2321 2463 2368 2509 11.
2387 2477 2429 2510 e.
2448 2462 2547 2511 iter
2558 2462 2801 2523 dolosum,

1670 2526 1857 2574 fallens.
1932 2530 2079 2589 Signa
2122 2528 2353 2588 sequendi,
2393 2526 2707 2601 procedendi,
2744 2537 2803 2576 ut

1671 2590 1831 2654 poetis
1853 2588 2061 2645 ἔπεσθαι,
2086 2589 2241 2653 sequi,
2270 2605 2361 2654 pro
2390 2606 2477 2647 ire,
2500 2592 2548 2639 h.
2580 2606 2624 2639 e.
2656 2600 2801 2641 notas

1672 2654 1764 2703 viae
1781 2662 1831 2703 et
1852 2654 2044 2703 itineris
2065 2668 2161 2717 qua
2182 2663 2287 2703 erat
2314 2654 2643 2704 incedendum
2664 2656 2797 2704 redi-

1738 2784 2009 2832 592—595.
2064 2784 2273 2847 Vertigia
2310 2786 2579 2845 impediunt,
2626 2798 2803 2832 cursus

1672 2845 1829 2893 flexus
1846 2846 2111 2911 implicant.
2169 2850 2263 2895 Per
2279 2851 2427 2895 maria
2442 2850 2633 2896 kimiida
2652 2847 2805 2910 (ὑγρὰ

1674 2908 1879 2959 κέλευθα.
1906 2907 2155 2969 θαλάσσης
2185 2927 2261 2974 ap.
2300 2912 2502 2960 Homer.
2532 2913 2631 2960 huc
2656 2922 2803 2961 vocat

1672 2973 1835 3035 Serv.)
1846 2978 1994 3022 nando
1999 2977 2299 3036 Carpathium
2307 2977 2619 3039 Libycumque
2626 2984 2801 3035 nme,

1673 3041 1922 3100 luduntque
1933 3055 2021 3099 per
2033 3042 2179 3086 undas
2192 3058 2208 3085 .·
2232 3039 2427 3087 videtur
2447 3040 2632 3102 aliquid
2654 3040 2799 3089 otiosi

1674 3118 1779 3151 esse
1798 3102 1851 3149 in
1868 3102 1958 3151 hac
1978 3104 2235 3151 verborum
2256 3104 2426 3167 copia3
2461 3104 2555 3152 etsi
2576 3106 2707 3153 bene
2726 3104 2799 3153 vi-

1672 3167 1765 3214 deo
1782 3166 1989 3215 marium
2006 3166 2401 3216 denominatione
2417 3168 2489 3216 rei
2506 3168 2801 3231 dignitatem

1671 3230 1957 3279 increscere.
2032 3232 2307 3293 Luamque
2345 3248 2433 3293 per
2464 3236 2629 3290 undas,
2668 3233 2803 3281 haud

1674 3294 1819 3343 dubie
1856 3294 2031 3343 melius
2064 3305 2196 3344 esset
2228 3295 2499 3351 sublatum3
2544 3312 2659 3345 nam
2700 3312 2802 3345 11011

1676 3374 1782 3407 esse
1808 3360 2082 3423 profectum
2108 3375 2139 3407 a
2160 3359 2369 3422 Virgilio
2395 3359 2603 3419 videtur,
2630 3376 2745 3409 cum
2770 3377 2802 3410 a

1675 3423 2089 3487 praestantissimis
2110 3422 2248 3472 codd.
2272 3424 2411 3473 absit.

1740 3488 2011 3536 596-603.
2046 3491 2189 3537 Hune
2202 3486 2630 3546 morem—Retulit,
2652 3488 2797 3537 inno-

1675 3551 1821 3609 vavit,
1848 3552 2093 3615 repetivit.
2150 3554 2337 3601 Prisc-or
2370 3555 2565 3601 Latinos
2598 3554 2647 3602 11.
2675 3554 2708 3601 l.
2746 3564 2803 3603 ut

1670 3618 1863 3677 antiqua
1884 3618 2043 3673 Italia,
2062 3626 2114 3664 et
2133 3616 2205 3665 sic
2227 3618 2417 3665 Latium
2438 3620 2679 3679 miquo·
2712 3618 2799 3666 inf.

1672 3679 1755 3736 vii,
1782 3682 1857 3727 38.
1904 3682 2075 3728 Docuit
2096 3683 2325 3729 celebrare
2346 3698 2399 3729 eo
2419 3684 2561 3738 modo,
2585 3698 2673 3745 quo
2694 3682 2801 3757 ipse

1672 3744 2014 3793 celebraverat.
2072 3747 2313 3803 Honorem,
2330 3745 2501 3793 ludum
2523 3748 2585 3795 ab
2611 3746 2801 3809 origine

1674 3808 1831 3857 suain
1850 3808 2083 3857 Anchisae
2103 3809 2339 3857 honorem
2360 3810 2657 3859 institutum.
2706 3812 2801 3859 Pro

1676 3873 1877 3935 vulgari,
1910 3872 2041 3935 quod
2070 3888 2133 3921 ex
2168 3873 2405 3921 Suetonio
2438 3874 2500 3922 de
2536 3890 2801 3937 puerorum

1674 3936 1863 3986 lusibus
1895 3937 2095 3986 Servius
2127 3937 2307 3995 laudat,
2340 3940 2493 3987 Lusus
2526 3942 2643 4001 ipre,
2674 3956 2801 4002 ques·

1674 4004 1809 4063 vulgo
1830 4004 2136 4075 Pyrrhickam
2156 4004 2407 4063 appellant,
2435 4002 2578 4065 Troia
2596 4012 2799 4061 mim,

1672 4074 1819 4129 poeta
1836 4065 2020 4115 dixisse
2039 4066 2233 4115 videtur
2250 4066 2567 4129 exquisitius:
2604 4078 2657 4117 et
2672 4084 2800 4118 nunc

1674 4130 1831 4178 honor
1854 4128 1953 4189 ille,
1978 4146 2063 4179 seu
2089 4130 2346 4188 ludicrum,
2377 4132 2531 4194 Troia,
2550 4137 2691 4194 pueri
2714 4148 2797 4181 au-

1676 4203 1776 4241 tem
1815 4212 1976 4257 agmen
2016 4195 2263 4257 Trojanum
2300 4196 2623 4260 appellantur.
2700 4196 2797 4245 Alii

1674 4257 1771 4307 sic:
1816 4263 1953 4320 pueri
1990 4260 2236 4321 Trojanum
2269 4278 2443 4322 agmen,
2478 4260 2799 4323 Trojanorum

1672 4323 1763 4370 hoc
1798 4338 2063 4386 puerorum
2099 4340 2289 4387 agmen,
2334 4326 2476 4387 Troja
2510 4326 2795 4390 appellatur.

1672 4388 1742 4436 At
1762 4386 1900 4451 prius
1920 4386 2095 4436 lenius.
