3050 4934
465 181 550 244 48

1297 171 1943 243 BUCOLICON

625 327 808 394 Talis
841 349 1020 392 amor
1049 337 1291 404 teneat,
1323 349 1445 392 nec
1475 328 1559 391 sit
1588 326 1743 390 mihi
1769 347 1931 390 cura
1960 322 2227 387 mederi.

495 431 584 494 90
629 429 873 493 Ducite
905 429 989 492 ab
1020 429 1185 492 urbe
1215 429 1500 505 domum,
1529 449 1674 492 mea
1702 427 2009 502 carmina,
2038 424 2257 488 ducite
2290 419 2624 503 Daphnin.

627 530 774 594 Has
806 528 956 594 olim
986 530 1254 594 exuvias
1285 529 1443 593 mihi
1472 528 1768 612 perfidus
1800 524 1907 590 ille
1934 525 2219 609 reliquit,

629 630 918 714 Pignora
947 653 1100 695 cara
1130 632 1266 707 sui3
1312 652 1463 715 quae
1491 651 1664 693 nunc
1695 649 1821 711 ego
1851 626 2066 690 limine
2096 627 2161 688 in
2192 624 2360 708 ipsc),

628 732 867 808 Terra,
900 732 1019 795 tibi
1045 732 1320 795 mando:
1369 732 1618 795 debent
1645 728 1789 792 haec
1818 729 2095 812 pignora
2124 724 2461 809 Daphnin.

630 832 874 897 Ducite
905 833 989 896 ab
1021 833 1186 896 urbe
1215 832 1500 908 domum,
1535 853 1680 896 mea
1706 831 2011 904 carmina,
2044 828 2263 892 ducite
2297 823 2634 908 Daphnin.

497 935 587 998 95
631 934 776 998 Has
808 932 1072 1010 herbaS,
1106 943 1302 1017 atque
1333 932 1478 996 haec
1509 930 1725 996 Ponto
1756 929 1913 994 mihi
1938 928 2111 994 lecta
2139 948 2411 1002 venena,

631 1035 784 1120 Ipse
817 1034 1002 1098 dedit
1032 1032 1303 1098 Moeris:
1354 1043 1714 1098 nascuntur
1742 1031 2018 1117 plurima
2046 1029 2281 1093 Ponto.

633 1135 762 1200 His
794 1157 921 1219 ego
951 1157 1127 1218 saepe
1158 1134 1383 1219 lupum
1413 1135 1581 1209 fieri,
1613 1145 1680 1197 et
1712 1156 1781 1196 se
1811 1133 2096 1196 condere
2128 1130 2301 1190 silvis

634 1235 906 1312 Moerin,
933 1257 1110 1319 saepe
1141 1235 1385 1298 animas
1417 1235 1560 1296 imis
1588 1234 1807 1296 excire
1839 1226 2229 1313 sepulchriS,

635 1335 860 1420 Atque
893 1347 1067 1399 satas
1098 1333 1224 1398 alio
1254 1334 1385 1396 vidi
1418 1326 1764 1396 traducere
1794 1351 2063 1394 messes.

465 1439 591 1502 100
636 1436 881 1501 Ducite
913 1438 998 1499 ab
1029 1437 1192 1498 urbe
1222 1435 1505 1510 domum,
1538 1453 1683 1495 mea
1712 1432 2017 1508 carmina,
2051 1429 2271 1494 ducite
2304 1428 2641 1512 Daphnin.

632 1538 764 1603 Fer
794 1539 1068 1612 cineres,
1101 1532 1439 1618 Amarylli,
1472 1532 1672 1610 foras,
1706 1533 1973 1615 rivoque
2002 1531 2231 1597 fluenti

632 1639 983 1720 Transque
1017 1646 1217 1719 caput
1235 1634 1423 1718 jace;
1467 1655 1589 1698 nec
1620 1633 2029 1718 respexeris:
2077 1631 2179 1695 his
2209 1653 2335 1715 ego
2366 1629 2683 1716 Daphnin

631 1737 1044 1822 Aggrediar3
1093 1735 1252 1799 nihil
1279 1734 1385 1799 ille
1417 1736 1605 1811 deoS,
1634 1734 1727 1798 nil
1755 1735 2039 1820 carmina
2066 1742 2271 1798 curat.

636 1839 882 1903 Ducite
912 1839 996 1902 ab
1029 1839 1192 1902 urbe
1223 1837 1507 1913 domum,
1539 1858 1683 1900 mea
1713 1836 2017 1910 cannina,
2052 1834 2271 1898 ducite
2302 1831 2640 1917 Daphnin.

471 1943 595 2006 105
639 1938 971 2024 Adspice:
1019 1938 1336 2022 corripuit
1366 1935 1659 2001 tremulis
1690 1934 1920 2000 altaria
1947 1935 2217 1998 fiammis

638 2041 891 2125 Sponte
926 2061 1066 2115 sua,
1099 2039 1256 2102 dum
1285 2038 1457 2103 ferre
1487 2059 1727 2114 moror,
1758 2038 1919 2101 cinis
1948 2037 2116 2120 ipse.
2195 2035 2457 2100 Bonum
2486 2036 2606 2098 sit!

636 2141 886 2206 Nescio
915 2139 1074 2224 quid
1105 2149 1281 2203 certe
1311 2123 1450 2215 ’θεῖς
1497 2149 1567 2203 et
1598 2137 1823 2222 Hylax
1852 2139 1917 2201 in
1946 2136 2161 2200 limine
2193 2137 2408 2201 latrat.

640 2243 1032 2308 Credimus?
1079 2265 1186 2319 an,
1219 2243 1332 2327 qui
1363 2253 1602 2320 amant,
1634 2241 1762 2326 ipsi
1792 2242 1914 2305 sibi
1946 2241 2191 2305 somnia
2218 2240 2523 2325 fingunt?

643 2344 928 2422 Parcite,
961 2344 1045 2408 ab
1076 2345 1240 2409 urbe
1271 2345 1470 2421 venit,
1492 2345 1631 2428 jam
1659 2343 1933 2428 parcite,
1964 2343 2271 2420 carmina,
2305 2341 2633 2428 Daphnis·

465 2547 706 2598 inei-icum
742 2549 1006 2609 πειθόμεθα
1042 2547 1191 2606 νυκτὶ,
1231 2556 1288 2596 ut
1325 2547 1500 2613 Odyss-
1542 2567 1591 2608 μ,

534 2679 610 2726 91.
648 2677 909 2726 Simillima
923 2678 1027 2726 haec
1049 2675 1200 2726 sacris
1220 2676 1423 2740 magicis
1444 2693 1473 2725 a
1499 2676 1591 2725 Di-

467 2741 595 2790 done
616 2741 856 2790 institutis
880 2742 994 2790 AEn.
1019 2741 1084 2798 iv,
1110 2743 1206 2790 495
1229 2757 1330 2804 sqq.

533 2807 612 2863 92,
649 2807 727 2855 98.
763 2807 945 2854 Debent
987 2809 1082 2853 hec
1115 2808 1316 2867 pignora
1357 2807 1592 2866 Daphnin.

471 2869 718 2934 Expectat
737 2870 830 2917 hoc
857 2885 888 2917 a
905 2869 1113 2918 defossis
1135 2869 1226 2916 sub
1248 2868 1418 2916 limine
1442 2869 1591 2917 vesti-

469 2935 576 2991 bus,
600 2943 656 2982 ut
679 2934 741 2982 ad
767 2948 850 2981 eas
875 2933 1101 2997 Daphnis
1123 2933 1202 2981 vel
1230 2933 1414 2980 invitus
1435 2943 1591 2981 retra-

468 2997 615 3046 hatur
642 3006 693 3045 et
716 2997 878 3046 redire
905 3005 1118 3060 cog-atur.
1177 2996 1404 3044 variavit
1432 2996 1595 3044 Theo-

469 3061 672 3109 criteam
710 3061 952 3108 rationem
995 3061 1025 3108 1.
1071 3061 1104 3107 1.
1153 3062 1232 3118 53,
1277 3062 1352 3117 54,
1397 3061 1474 3116 59,
1517 3061 1597 3108 60.

469 3127 670 3173 Liminis
683 3133 846 3172 autem
870 3123 1106 3172 sollennis
1127 3123 1314 3172 mentio
1329 3123 1381 3171 in
1403 3125 1599 3188 poetica

471 3188 704 3245 oratione,
720 3203 833 3236 cum
851 3197 936 3236 aut
951 3188 1288 3246 admittuntur,
1305 3197 1391 3236 aut
1403 3188 1595 3236 admitn'

471 3267 534 3300 cu
569 3251 692 3308 ium,
718 3261 802 3300 aut
825 3252 1152 3300 excluduntur
1174 3260 1408 3300 amantes.

570 3317 743 3364 6—99.
781 3316 934 3364 Lecta
963 3316 1016 3364 in
1047 3317 1208 3364 Ponto
1233 3331 1425 3364 venena
1459 3332 1591 3365 com-

471 3379 778 3437 mendantur,
825 3379 940 3442 quia
992 3379 1172 3429 Medea
1221 3380 1286 3428 iis
1336 3395 1426 3428 usa
1473 3389 1592 3428 erat.

472 3443 672 3507 Magica
715 3459 824 3505 quae
865 3453 1135 3506 sequuntur
1173 3445 1409 3492 miracula
1446 3443 1595 3493 nimis

470 3517 587 3557 nota
609 3517 738 3566 sunt,
763 3523 910 3570 quam
929 3517 987 3556 ut
1007 3507 1183 3570 aliquis
1203 3508 1256 3556 in
1279 3508 1342 3556 iis
1363 3509 1559 3557 haereat.

541 3575 646 3631 101,
677 3573 783 3620 102.
821 3573 1018 3622 Novum
1045 3581 1096 3620 et
1119 3572 1438 3621 fortissimum
1467 3589 1592 3638 prae-

473 3645 547 3684 ter
589 3645 766 3685 caetera
806 3635 1152 3686 incantationis
1200 3653 1358 3699 genus
1397 3639 1599 3701 aggredi

472 3699 678 3760 videtur,
715 3709 771 3749 ut
801 3700 992 3750 cineres
1025 3717 1088 3750 ex
1113 3717 1198 3750 ara
1223 3701 1276 3750 in
1301 3717 1478 3764 aquam
1506 3703 1597 3751 flu-

1660 2558 1823 2597 entem
1852 2557 1903 2597 et
1922 2563 2052 2613 pone
2074 2557 2223 2614 caput
2244 2547 2421 2611 jaciam
2456 2547 2585 2610 quod
2605 2547 2790 2610 partim

1659 2629 1773 2662 cum
1802 2612 2111 2677 expiationis,
2144 2611 2359 2661 fluminis
2389 2627 2514 2675 aqua
2536 2611 2648 2660 viva
2678 2611 2791 2659 fleri

1660 2677 1829 2734 solite,
1853 2677 1967 2734 ritu,
1986 2677 2166 2741 partim
2185 2692 2299 2725 cum
2318 2693 2378 2724 eo
2400 2691 2534 2724 more
2552 2678 2789 2738 conjunc-

1660 2750 1765 2789 tum
1787 2757 1894 2790 esse
1916 2751 2051 2804 puto,
2073 2757 2167 2802 quo
2188 2740 2284 2789 diis
2304 2740 2475 2789 inferis
2493 2739 2677 2803 aliquid
2700 2738 2788 2788 de-

1658 2815 1890 2854 vovetur:
1926 2805 1986 2853 cf.
2012 2806 2217 2853 Theocr.
2240 2805 2375 2862 xxiv,
2400 2807 2479 2862 92,
2503 2806 2581 2853 94.

1729 2871 1835 2917 103.
1871 2871 2011 2917 Nihil
2039 2872 2118 2916 ille
2150 2872 2269 2926 deos,
2298 2869 2415 2917 deos
2436 2869 2521 2932 qui
2552 2869 2685 2916 inter
2708 2867 2789 2917 in·

1659 2933 1955 2982 cantandum
1990 2933 2147 2980 vocati
2184 2933 2391 2981 fuerant.
2467 2933 2647 2988 Quand
2710 2933 2788 2981 ui·—

1664 2997 1777 3045 dem
1799 2996 1933 3044 omni
1956 2996 2145 3059 magico
2168 2996 2267 3044 rim
2294 2997 2417 3045 nihil
2448 2997 2605 3046 adhuc
2698 2997 2791 3054 eci,

1660 3061 1891 3173 {xpel-{ar
1922 3061 2257 3174 ῐιονίὴεεξὲιέιιη.
2328 3062 2396 3109 Et
2430 3077 2558 3120 ecce,
2591 3077 2637 3108 v.
2680 3063 2791 3120 105,

1696 3141 1753 3173 oc
1776 3141 1803 3172 e
1840 3135 2000 3173 ectum
2058 3141 2086 3172 a

1731 3191 1837 3247 105,
1879 3189 1983 3236 106.
2036 3190 2150 3237 Non
2194 3204 2395 3238 necesse
2438 3190 2543 3238 hoec
2589 3205 2653 3238 ex
2694 3189 2794 3238 alia

1661 3269 1808 3366 333
1830 3253 2797 3367 {xffifflffiffiffissssffassffik

1662 3397 1755 3430 nus
1776 3389 1980 3446 poterat.
2040 3385 2169 3430 Ciuis
2188 3386 2413 3443 corripuit
2432 3385 2640 3430 tremulis
2650 3385 2792 3442 fiam-

1660 3449 1759 3504 mis,
1784 3447 1831 3494 h.
1858 3445 2065 3494 flammae
2086 3460 2150 3494 ex
2172 3446 2337 3494 cinere
2356 3457 2489 3494 moto
2510 3447 2796 3511 corripuere

1660 3526 1821 3566 aranu
1856 3511 1905 3558 h.
1940 3526 1981 3559 e.
2017 3519 2307 3559 exarserunt
2331 3511 2383 3558 in
2412 3525 2522 3559 ara:
2558 3527 2639 3559 res
2665 3511 2793 3558 omi·

1662 3591 1795 3632 noca,
1819 3584 1877 3623 ut
1896 3585 2080 3623 notum.
2132 3578 2262 3623 Ciuis
2284 3578 2395 3636 ipse,
2422 3575 2576 3633 αὐτὸς,
2600 3585 2794 3650 sponte.

1735 3638 1841 3689 107.
1901 3642 2069 3688 Nescio
2116 3643 2231 3702 quid
2268 3649 2357 3697 est,
2403 3649 2537 3687 certe
2580 3639 2794 3702 ahquid:

1668 3703 1833 3752 evenit
1856 3704 1983 3766 quod
2006 3704 2243 3753 veneficio
2264 3703 2456 3753 efficere
2478 3703 2623 3752 volui.
