3050 4934
494 263 627 324 642

1386 260 1918 325 AENEIDOS

668 411 893 484 Quum
924 409 1059 473 duo
1086 411 1415 474 conversis
1446 412 1702 476 inimica
1729 413 1796 474 in
1825 409 2058 494 proelia
2085 413 2256 474 tauri

672 511 1023 574 Frontibus
1054 512 1415 587 incurrunt,
1444 513 1666 596 pavidi
1694 533 1954 575 cessere
1981 511 2272 594 magistri
2295 536 2314 586 ;

674 611 821 676 Stat
848 635 1051 696 pecus
1082 635 1271 676 omne
1300 625 1479 677 metu
1504 623 1779 689 mutum,
1807 625 2234 696 mussantque
2251 613 2576 696 juvence,

668 714 841 786 Quis
868 715 1118 778 nemori
1144 716 1495 799 imperitet,
1526 737 1722 799 quem
1749 725 1890 778 tota
1917 724 2208 778 armenta
2237 721 2638 796 sequentum

498 816 631 879 720
674 813 773 878 Illi
804 815 973 878 inter
1004 837 1149 878 sese
1178 816 1379 880 multa
1408 817 1471 878 vi
1498 814 1768 878 vulnera
1795 815 2092 890 miscent,

672 915 1066 999 Cornuaque
1096 917 1319 980 obnixi
1348 917 1652 1001 infigunt,
1681 927 1750 980 et
1779 916 2092 999 sanguine
2117 913 2302 998 largo

676 1015 861 1080 Colla
890 1039 1236 1101 armosque
1264 1015 1517 1095 lavant3
1561 1017 1805 1100 gemitu
1833 1039 2062 1079 nemus
2091 1037 2280 1078 omne
2307 1013 2586 1096 remugit
2605 1036 2626 1074 2

680 1117 885 1182 Haud
916 1117 1103 1182 aliter
1130 1117 1309 1182 Tros
1338 1117 1588 1181 AEneas
1617 1129 1687 1181 et
1715 1117 2018 1180 Daunius
2045 1116 2244 1180 heros

676 1218 1093 1283 Concurrunt
1119 1217 1379 1303 clipeis:
1426 1219 1658 1302 ingens
1687 1217 1910 1300 fragor
1937 1216 2186 1280 aethera
2213 1213 2516 1299 complet.

502 1323 631 1384 725
672 1319 937 1404 Jupiter
964 1320 1105 1402 ipse
1136 1321 1301 1383 duas
1332 1331 1592 1402 aequato
1619 1319 1913 1382 examine
1939 1317 2160 1381 lances

678 1420 999 1497 Sustinet,
1030 1431 1099 1484 et
1128 1419 1263 1484 sata
1292 1421 1566 1504 imponit
1595 1420 1852 1483 diversa
1879 1418 2194 1494 duorum;

679 1522 898 1595 Quem
926 1521 1191 1586 damnet
1216 1521 1425 1598 labor,
1456 1532 1525 1584 et
1553 1543 1686 1604 quo
1713 1532 1942 1604 vergat
1969 1521 2260 1603 pondere
2287 1516 2554 1582 lethum.

682 1624 941 1687 Emicat
968 1622 1099 1698 hic,
1130 1623 1393 1706 impune
1422 1633 1685 1704 putans,
1715 1632 1785 1684 et
1811 1643 2088 1704 corpore
2119 1631 2259 1684 toto

678 1723 835 1788 Alte
864 1722 1193 1788 sublatum
1220 1723 1556 1807 consurgit
1581 1722 1854 1786 Turnus
1883 1724 1950 1786 in
1979 1743 2226 1796 ensem,

508 1827 638 1890 730
682 1825 775 1889 Et
804 1825 975 1888 ferit.
1054 1823 1443 1888 Exclamant
1468 1823 1686 1887 Troes
1715 1823 2084 1906 trepidique
2115 1822 2358 1896 Latini,

682 1925 1111 2009 Arrectaeque
1142 1927 1479 1989 amborum
1508 1925 1704 1988 acies.
1780 1923 1878 1986 At
1905 1923 2198 2006 perfidus
2227 1923 2402 1987 ensis

680 2025 1051 2110 Frangitur,
1081 2028 1147 2090 in
1176 2028 1521 2110 medioque
1553 2025 1892 2089 ardentem
1919 2024 2164 2088 deserit
2190 2025 2360 2086 ictu:

680 2129 775 2192 Ni
806 2127 963 2210 fuga
992 2128 1285 2191 subsidio
1314 2127 1570 2190 subeat.
1645 2124 1842 2208 Fugit
1871 2126 2048 2188 ocior
2079 2123 2288 2198 Euro,

684 2227 779 2290 Ut
808 2225 1111 2310 capulum
1138 2229 1431 2310 ignotum
1458 2229 1886 2309 dextramque
1915 2225 2220 2309 adspexit
2245 2225 2572 2288 inermem.

510 2331 549 2392 7
552 2331 639 2394 35
681 2328 883 2396 Fama
908 2339 1033 2403 est,
1064 2327 1488 2412 praecipitem,
1519 2351 1720 2411 quum
1748 2328 1956 2411 prima
1982 2328 2049 2390 in
2078 2325 2310 2411 proelia
2323 2327 2590 2410 junctos

687 2429 1189 2494 conscendebat
1214 2451 1444 2512 equos,
1477 2430 1691 2512 patrio
1720 2450 2024 2493 mucrone
2053 2426 2303 2504 relicto,

683 2531 865 2596 Dum
894 2529 1201 2618 trepidat,
1234 2530 1477 2598 ferrum
1506 2531 1752 2615 aurigae
1779 2530 2076 2613 rapuisse
2107 2529 2406 2604 Metisci3

510 2699 604 2748 6116
642 2698 799 2748 cuivis
832 2697 989 2756 obvia,
1026 2699 1113 2749 sed
1153 2709 1252 2748 tam
1288 2699 1543 2764 splendide
1583 2709 1634 2746 et

663 2763 771 2812 'fiee
796 2763 878 2810 vix
900 2777 929 2810 6
949 2762 1177 2826 quopiam
1200 2773 1416 2810 tractata.
1475 2764 1634 2811 Ornat

510 2837 761 2876 notionem
780 2827 915 2874 silve
934 2826 1105 2890 positis
1128 2827 1407 2876 nominibus
1424 2827 1628 2876 celebri-

512 2907 651 2939 orum
674 2891 920 2948 silvarum‚
943 2891 1057 2938 81161
1088 2891 1139 2938 in
1172 2890 1475 2939 Bruttiorum
1498 2907 1630 2953 agro,

513 2963 565 3003 et
587 2952 806 3002 Taburni
828 2954 879 3000 in
900 2953 1115 3002 Samnio.

578 3017 849 3068 717—719.
885 3017 1065 3064 Valent
1094 3019 1195 3064 haee
1218 3018 1279 3065 ad
1301 3033 1480 3082 pugnae
1500 3027 1632 3066 atro-

512 3081 709 3128 citatem
743 3079 1095 3127 declarandam.
1152 3083 1465 3144 Mmantque,
1500 3081 1634 3129 anxii

512 3152 798 3220 expectant:
825 3143 883 3190 cf.
908 3159 1016 3206 sup.
1038 3145 1147 3194 657.
1190 3146 1391 3203 Nemori,
1409 3161 1499 3209 pro
1520 3161 1634 3210 pas·

510 3207 1279 3266 61116,661111;111660.11,120;61“.
1299 3211 1419 3258 Geo.
1436 3210 1505 3268 iii,
1522 3212 1632 3258 220.

578 3270 849 3322 725-727,
880 3271 1030 3336 Apud
1050 3272 1323 3322 Homerum
1339 3275 1513 3322 Jovem
1537 3274 1636 3322 fata

518 3335 748 3385 Hectoris
786 3345 837 3384 ct
876 3335 1097 3394 Achillis,
1138 3336 1276 3386 Iliad.
1314 3357 1365 3398 χ,
1401 3341 1497 3387 209
1529 3355 1632 3402 sqq.

516 3399 815 3450 Achivorum
850 3409 901 3448 et
934 3400 1270 3462 Trojanorum,
1309 3402 1446 3450 iliad.
1485 3408 1526 3459 θ,
1555 3403 1634 3460 69,

512 3465 639 3516 libra
658 3463 949 3530 expendere,
968 3474 1137 3514 notum
1160 3473 1235 3512 est
1248 3485 1261 3512 ε
1286 3466 1373 3514 sed
1394 3466 1461 3515 ibi
1486 3467 1633 3514 alter-

512 3531 671 3582 utrius
714 3529 919 3579 exitium
957 3531 1059 3591 jam
1104 3528 1287 3578 instare
1334 3530 1632 3585 declaratur-3

511 3593 641 3658 quod
672 3603 869 3644 secutus
890 3603 967 3644 est
996 3593 1237 3642 Miltonus
1260 3593 1311 3642 in
1366 3594 1634 3644 1661611116-

512 3657 639 3708 simo
666 3657 777 3708 loc·
802 3656 891 3706 lib.
916 3657 980 3715 iv,
1005 3657 1101 3708 996
1123 3673 1225 3720 sqq.
1343 3673 1428 3706 aro
1460 3657 1523 3705 ad
1557 3658 1632 3706 di-

510 3720 1637 3850 azau..zz⁸azffi²..⁵,-⁰„ffl;23;tfflff

552 3848 840 3898 ectationem
900 3849 1063 3898 exitus
1112 3865 1257 3912 quam
1300 3867 1361 3898 ea
1414 3851 1634 3898 faciebat.

512 3866 630 3964 gion
672 3913 817 3961 modo
848 3912 1071 3962 homines
1102 3914 1327 3978 suspensi
1360 3923 1634 3979 expectant,

512 3978 601 4027 sed
634 3977 727 4041 ipsi
762 3976 859 4032 dii;
894 3977 999 4040 ipse
1028 3977 1097 4026 Ju
1132 3977 1227 4026 iter
1256 3978 1382 4027 libra
1410 3993 1635 4044 pugnan-

517 4042 639 4090 tium
668 4041 767 4090 fata
790 4040 1007 4097 trutinat,
1032 4057 1056 4088 s
1140 4057 1277 4104 aequa
1296 4042 1453 4091 adhuc
1482 4043 1636 4100 lance,

516 4121 607 4156 nec
626 4105 679 4154 in
696 4106 977 4156 alterutram
995 4113 1185 4168 partem
1201 4121 1456 4170 propensa.
1498 4109 1638 4158 Quem

515 4173 697 4218 damnet
734 4173 875 4226 labor.
899 4185 985 4242 quo
1018 4177 1179 4233 vergat
1204 4173 1403 4231 pondere
1436 4173 1604 4218 lethum
1621 4189 1636 4218 .-

514 4249 773 4299 praegnans
802 4245 970 4282 orano.
1029 4233 1296 4284 Videamus
1330 4234 1542 4298 primum
1577 4235 1638 4283 de

516 4297 799 4362 posteriore,
840 4297 969 4360 quod
1014 4311 1121 4346 esse
1164 4298 1371 4348 debebat
1423 4299 1636 4362 proprie,

518 4370 628 4410 utra
680 4362 797 4409 lanx
850 4361 1066 4424 pondere
1108 4373 1291 4426 vergat,
1338 4379 1491 4425 eoque
1531 4363 1640 4426 ipso

518 4435 721 4475 mortem
768 4423 1035 4474 denuntiet.
1114 4428 1305 4474 Levium
1345 4427 1509 4489 itaque
1549 4443 1638 4491 pro

1696 2699 1804 2763 ipsa
1835 2699 1974 2746 lance
2009 2697 2147 2746 dixit.
2209 2699 2350 2750 Quen
2381 2699 2563 2743 desum
2586 2697 2720 2742 labor
2751 2695 2834 2744 sic

1697 2763 1896 2826 accipio,
1919 2773 1978 2810 ut
2011 2761 2214 2811 eandem
2249 2759 2542 2809 sententiam
2561 2773 2700 2807 mone
2733 2775 2836 2807 suo

1697 2827 1774 2876 bis
1805 2836 2020 2892 exponat
2049 2835 2220 2891 poeta:
2257 2841 2400 2888 quem
2421 2827 2620 2880 denset,
2643 2839 2712 2871 66.
2751 2823 2830 2872 le-

1699 2891 1797 2948 tho,
1831 2901 1994 2939 utrum
2016 2906 2043 2938 e
2077 2891 2264 2938 duobus
2299 2888 2444 2937 morti
2475 2886 2691 2935 destinet
2721 2887 2833 2934 ini-

1699 2970 1794 3017 qua
1815 2971 1904 3003 sua
1925 2956 2131 3012 fortuna,
2155 2953 2404 3003 calamitas
2423 2967 2538 3007 sua:
2563 2965 2668 3008 seu,
2723 2951 2838 2998 uod

1699 3029 1912 3083 praestat,
1935 3023 2064 3067 labor
2079 3018 2366 3082 simpliciter
2383 3010 2561 3080 pugna,
2585 3025 2642 3062 ut
2661 2967 2834 3074 rans,

1699 3081 1894 3144 μόχθος.
1967 3084 2060 3132 Est
2093 3099 2208 3145 erg-o
2247 3082 2443 3144 vulgare
2457 3099 2471 3128 z
2513 3089 2639 3136 uter,
2681 3079 2836 3127 161166

1699 3147 1934 3196 alterutra
1954 3146 2198 3211 depressa,
2222 3145 2368 3194 morti
2389 3143 2675 3194 destinetur.

1766 3211 1876 3269 728,
1913 3212 2022 3262 729.
2059 3213 2247 3273 Impune
2273 3218 2446 3272 putam
2476 3208 2530 3256 id
2559 3207 2654 3256 sibi
2687 3207 2834 3255 fiatn-

1699 3289 1835 3330 rum;
1873 3285 1977 3324 tuto
1999 3291 2052 3323 se
2074 3275 2322 3323 illaturum
2351 3274 2514 3321 ictum.
2575 3275 2836 3334 &asurgit

1699 3340 1897 3414 sup-xi,
1923 3341 2034 3396 284,
2057 3347 2254 3401 quastus
2283 3342 2335 3386 is
2366 3341 2560 3399 clipeus·
2583 3345 2828 3398 assurget,

1699 3413 2035 3518 pugg—⁷32..
2073 3466 2328 3516 Sententia
2349 3465 2648 3530 imperfecta.
2693 3465 2834 3539 ‘Post

1699 3532 1830 3579 1111116
1848 3547 2042 3580 versum
2061 3532 2226 3579 animo
2241 3529 2590 3595 supplendum:
2615 3537 2669 3576 et
2689 3543 2834 3576 mer-

1701 3595 1794 3642 mis
1815 3595 1886 3643 616
1917 3595 2118 3644 relictus
2152 3596 2350 3643 Turnus
2379 3593 2609 3658 periisset
2637 3593 2834 3654 utique,

1701 3660 1750 3706 ni
1769 3659 1885 3722 suga
1902 3659 1996 3708 sibi
2018 3659 2354 3708 consuluisset.
2397 3656 2602 3721 Nifuga
2619 3661 2836 3706 subsidio

1699 3727 1874 3781 subeat,
1895 3733 2058 3787 potest
2077 3723 2260 3787 duplici
2281 3723 2426 3770 modo
2447 3721 2698 3798 expediri:
2723 3731 2834 3778 aut,

1701 3796 1758 3835 ut
1781 3789 1961 3850 ,iungas
1981 3791 2184 3836 subsidio
2203 3791 2371 3844 subire,
2399 3785 2616 3834 subsidio
2635 3785 2836 3842 venire,

1701 3867 1836 3906 esse3
1871 3862 1958 3900 aut
1989 3851 2100 3908 nisi,
2135 3851 2188 3899 id
2219 3851 2352 3914 quod
2380 3849 2578 3908 auxilio,
2605 3853 2836 3908 subsidio,

1700 3915 1808 3973 fuit,
1842 3916 1969 3978 fugae
1999 3915 2230 3992 cogitatio
2257 3914 2488 3964 subiisset
2517 3917 2622 3976 eius
2642 3913 2836 3962 animo.

1704 3980 1944 4043 Capulum
1968 3980 2193 4029 mutilum
2213 3984 2418 4043 mum
2436 3977 2576 4036 dixit,
2595 3977 2832 4040 quoniam

1703 4044 1931 4101 alienum,
1964 4060 2062 4092 non
2093 4059 2252 4102 suum,
2280 4044 2366 4093 sed
2391 4043 2606 4101 Metisci,
2635 4053 2694 4090 ut
2723 4051 2832 4090 sta-

1703 4106 1792 4154 tim
1815 4123 1876 4154 ex
1943 4107 2018 4156 nit
2049 4109 2278 4157 disertius
2309 4117 2466 4171 poeta.
2525 4108 2656 4155 Nam
2682 4105 2830 4154 cinx-

1703 4181 1809 4219 erat
1839 4171 1874 4218 11
1896 4188 1923 4218 6
1945 4171 2156 4234 quidem,
2179 4188 2300 4222 curn
2319 4171 2480 4220 exiret
2509 4171 2570 4220 ad
2593 4185 2830 4235 pugnam,

1704 4250 1870 4284 ensem
1907 4237 2072 4284 Dauni
2101 4236 2282 4300 patris;
2320 4236 2441 4298 (vid.
2475 4251 2582 4300 sup.
2613 4235 2706 4283 hoc
2737 4233 2828 4281 lib.

1705 4301 1782 4357 89,
1806 4302 1870 4349 90
1885 4299 1924 4360 ς)
1957 4301 2044 4348 sed
2076 4316 2205 4359 mox,
2229 4317 2288 4350 eo
2313 4299 2548 4364 deposito,
2573 4299 2634 4348 ad
2667 4297 2832 4346 soedus

1703 4362 1806 4412 ibat
1846 4363 1896 4412 in
1941 4364 2080 4428 bigis,
2123 4367 2249 4412 Bina
2289 4381 2426 4412 mm
2469 4367 2566 4412 1080
2617 4367 2832 4424 crispans

1703 4431 1892 4477 hastilia
1900 4427 2048 4490 ferro,
2071 4443 2178 4492 sup.
2203 4445 2246 4478 v.
2279 4430 2381 4476 165.
