3050 4934
425 262 556 327 242

1325 246 1853 315 AENEIDOS

599 406 936 492 Trojaque
965 423 1138 467 nunc
1171 412 1402 476 stares,
1436 398 1805 480 Priamique
1834 417 1955 459 arx
1982 393 2116 458 alta
2142 412 2461 457 maneres·

689 507 890 583 Ecce,
921 525 1148 567 manus
1171 503 1480 587 juvenem
1507 501 1757 563 interea
1785 507 1938 581 post
1966 506 2154 579 terga
2182 494 2540 559 revinctum

604 609 914 673 Pastores
943 626 1178 689 magno
1207 603 1292 667 ad
1323 624 1543 686 regem
1573 599 1851 665 clamore
1878 597 2227 661 trahebant

602 708 1006 775 Dardanidae
1027 705 1049 783 ;'
1089 706 1202 789 qui
1233 727 1305 768 se
1333 705 1627 787 ignotmn
1654 700 2061 764 venientibus
2090 696 2287 772 ultr0,

473 814 562 877 60
607 811 760 876 Hoc
785 812 1000 894 ipsum
1028 817 1103 872 ut
1130 816 1436 881 strueret,
1468 803 1870 887 Trojamque
1902 800 2186 884 aperiret
2215 794 2511 871 Achivis,

607 911 982 986 Obtulerat,
1011 908 1223 972 fidens
1253 906 1468 981 animi,
1499 916 1697 987 atque
1726 904 1791 965 in
1819 912 2167 983 utrumque
2197 906 2489 982 paratuS,

611 1014 747 1077 Seu
775 1032 1036 1075 versare
1065 1009 1277 1084 dolos,
1308 1028 1427 1070 seu
1455 1016 1653 1069 certae
1684 1002 2064 1067 occumbere
2094 1002 2305 1063 morti.

613 1114 926 1197 Undique
956 1110 1208 1174 visendi
1239 1108 1458 1172 studio
1485 1105 1779 1190 Trojana
1798 1106 2109 1189 juventus

609 1213 1018 1281 Circumfusa
1047 1212 1200 1288 ruit,
1233 1218 1614 1293 certantque
1646 1206 1915 1270 illudere
1945 1215 2161 1289 capto.

479 1321 568 1383 65
612 1317 860 1400 Accipe
891 1335 1063 1379 nunc
1095 1310 1400 1377 Danafim
1429 1309 1719 1385 insidiaS,
1752 1318 1821 1371 et
1848 1307 2111 1371 crimine
2142 1307 2228 1368 ab
2256 1325 2389 1368 uno

611 1420 816 1482 Disce
847 1436 1090 1480 omnes,

611 1520 940 1603 Namque,
972 1527 1048 1581 ut
1077 1524 1434 1598 conspectu
1461 1513 1526 1576 in
1554 1512 1771 1575 medio
1799 1511 2125 1585 turbatus„
2153 1507 2435 1583 inermis,

613 1620 945 1695 Constitit,
977 1630 1173 1702 atque
1205 1614 1408 1681 oculis
1440 1613 1730 1698 Phrygia
1760 1612 2017 1695 agmina
2043 1607 2537 1692 circumspexit:

611 1724 794 1799 Heu,
827 1744 974 1806 quae
1003 1740 1176 1783 nunc
1207 1716 1422 1793 tellus,
1450 1717 1683 1800 inquit,
1713 1737 1861 1799 quoe
1890 1736 1993 1777 me
2022 1734 2291 1797 aequora
2316 1720 2593 1796 possunt

487 1826 574 1891 70
617 1823 985 1908 Accipere?
1031 1832 1146 1885 aut
1174 1820 1333 1905 quid
1354 1820 1492 1904 jam
1519 1818 1758 1881 misero
1786 1814 1941 1879 mihi
1970 1815 2251 1899 denique
2282 1814 2529 1877 restat?

612 1927 740 1992 cui
771 1946 985 2008 neque
1017 1922 1196 2007 apud
1226 1921 1496 1985 Danaos
1525 1942 1803 2003 usquam
1829 1917 2049 1994 locus;
2094 1928 2163 1981 et
2192 1938 2392 2001 super
2420 1915 2547 1999 ipsi

620 2025 1026 2092 Dardanidae
1053 2022 1288 2087 infensi
1317 2044 1549 2106 poenas
1580 2042 1728 2085 cum
1754 2020 2068 2103 sanguine
2097 2028 2402 2103 poscunt.

618 2129 774 2201 Quo
803 2127 1048 2209 gemitu
1078 2124 1377 2188 conversi
1403 2122 1617 2198 animi,
1648 2144 2061 2206 compressus
2090 2131 2161 2184 et
2188 2120 2395 2183 omnis

617 2230 930 2312 Impetus.
1006 2224 1370 2289 Hortamur
1398 2222 1545 2299 fari,
1577 2245 1709 2307 quo
1740 2222 2054 2307 sanguine
2084 2233 2328 2297 cretus»,

489 2332 575 2395 75
621 2329 883 2402 Quidve
909 2326 1102 2403 serat,
1133 2336 1466 2401 memoret,
1497 2347 1647 2408 quoe
1678 2325 1763 2389 sit
1789 2324 2031 2388 fiducia
2061 2334 2277 2407 capte.

619 2430 736 2495 Ille
761 2429 930 2505 haec,
962 2428 1263 2513 deposita
1291 2427 1555 2491 tandem
1582 2425 1946 2502 formidine,
1977 2425 2187 2490 famr:

707 2531 963 2595 Cuncta
989 2530 1290 2613 equidem
1319 2529 1460 2605 tibi,
1492 2549 1636 2603 rex,
1662 2527 1857 2592 fuerit
1885 2527 2365 2610 quodcumque,
2395 2526 2651 2591 fatebor

447 2668 564 2732 givi.
622 2669 832 2723 Foedare,
867 2664 1108 2727 exquisite
1140 2679 1230 2727 pro
1263 2662 1490 2718 lacerare,
1523 2670 1580 2709 ut

448 2731 558 2780 aliia
601 2731 654 2778 in
699 2730 818 2778 locis
861 2730 922 2777 de
963 2729 1180 2783 vulnere,
1226 2736 1311 2774 aut
1353 2726 1577 2774 mutilato

450 2810 668 2858 corpore,
705 2803 763 2842 ut
802 2792 1060 2855 αἰσχύνειν,
1100 2792 1362 2848 λωβᾶσθαι,
1400 2790 1488 2838 aed
1526 2798 1578 2838 et

451 2858 613 2923 simpl.
651 2874 740 2923 pro
775 2858 1058 2906 vulnerare:
1101 2855 1199 2903 vid.
1234 2854 1318 2903 inf.
1355 2853 1425 2911 iii,
1464 2856 1574 2911 241,

449 2922 534 2980 vii,
573 2922 695 2978 575;
740 2922 790 2969 h.
832 2922 864 2969 l.
900 2920 1180 2982 diffingere
1225 2928 1275 2967 et
1313 2917 1576 2967 dissolvere

455 2987 693 3035 machinae
714 3000 1010 3049 compagem.

518 3052 594 3102 57.
655 3049 884 3125 Sequitur
937 3048 998 3095 de
1051 3046 1234 3094 Sinone
1289 3046 1576 3110 episodium.

452 3115 603 3179 Apud
638 3122 863 3175 antiquos
901 3112 1163 3175 scriptores
1207 3110 1373 3158 datum
1418 3120 1495 3158 est
1533 3110 1581 3157 ei

515 3193 609 3226 nus
639 3185 914 3225 maternum
949 3190 1205 3222 commune
1240 3190 1353 3222 cum
1388 3174 1577 3239 Ulysse.

451 3194 577 3304 gns
599 3240 802 3289 historia
824 3238 972 3288 variis
995 3238 1152 3286 modis
1175 3254 1203 3286 a
1223 3238 1396 3303 poetis,
1421 3238 1575 3303 inpri-

452 3306 547 3353 mis
581 3304 791 3367 tragicis,
821 3312 1055 3351 exornata
1084 3302 1190 3351 fuit.
1257 3303 1350 3351 Est
1380 3303 1580 3351 omnino

453 3370 585 3435 apud
603 3368 867 3481 Virffilium
899 3376 1028 3417 totus
1053 3366 1134 3415 hic
1155 3366 1291 3415 locus
1313 3368 1374 3415 de
1395 3367 1580 3415 Sinone

455 3434 637 3483 eximie
678 3450 706 3481 e
724 3435 951 3482 aborams
993 3440 1044 3480 et
1080 3442 1293 3489 ornatus,
1334 3431 1481 3479 etiam
1519 3431 1580 3479 ad

455 3498 848 3563 probabilitatem
870 3496 1024 3560 magis
1047 3511 1192 3559 quam
1214 3496 1344 3561 apud
1365 3507 1579 3544 caeteros.

521 3566 598 3612 58.
643 3564 774 3611 Eum
819 3565 1077 3619 trahebant,
1119 3577 1232 3609 cum
1270 3559 1583 3608 festinatione

456 3627 774 3685 adducebant,
793 3636 851 3676 ut
869 3626 934 3685 vi,
960 3625 1070 3685 753,
1095 3628 1344 3675 Conventus
1368 3628 1512 3674 trahit
1536 3628 1584 3671 in

456 3696 639 3741 medios.

523 3759 601 3815 59,
628 3757 704 3804 60.
740 3755 837 3811 Qui
861 3771 914 3803 ae
935 3754 998 3803 iis
1018 3754 1148 3802 ultro
1169 3754 1423 3803 obtulerat.
1481 3752 1581 3801 Re-

456 3819 590 3883 liqua
623 3818 950 3884 amplificandi
985 3826 1036 3866 et
1067 3818 1272 3867 ornandi
1305 3818 1466 3865 studio
1497 3817 1583 3864 ad-

449 3886 598 3945 jecta.
651 3887 754 3931 Hoc
775 3888 922 3943 iprum
947 3891 999 3929 ut
1027 3890 1241 3939 strueret,
1263 3898 1328 3931 sc.
1354 3889 1411 3929 ut
1433 3881 1583 3929 addu-

459 3959 652 3996 ceretur
675 3946 736 3995 ad
754 3961 947 4009 regem:
982 3954 1160 3994 struere
1179 3960 1279 3995 voc.
1301 3944 1588 3995 insidiarum

463 4020 512 4059 et
535 4012 649 4060 doli.

529 4076 607 4133 61,
633 4076 710 4123 62.
745 4076 918 4123 Ram
942 4077 1099 4131 animi,
1125 4072 1414 4136 exquisitius
1445 4090 1590 4136 quam

462 4143 610 4187 animo
625 4158 642 4193 ,-
675 4148 726 4187 et
741 4140 832 4187 hoc
885 4154 942 4186 ro
958 4136 1192 4202 prosaico,
1211 4137 1375 4186 animo
1392 4138 1587 4195 fidenti;

462 4202 542 4249 vel
555 4202 726 4261 fidens,
741 4218 832 4251 con
869 4202 1004 4251 dens.
1047 4204 1239 4250 Verrare
1253 4204 1387 4259 dolos,
1403 4212 1459 4251 ut
1471 4218 1586 4250 con-

461 4264 586 4324 silia,
601 4282 756 4325 curas,
775 4268 822 4314 h.
844 4282 885 4315 e.
904 4266 1103 4329 agitare,
1121 4267 1168 4315 h.
1189 4266 1218 4314 l.
1238 4282 1349 4314 cum
1363 4266 1592 4329 adiuncta

464 4330 677 4387 notione,
703 4332 906 4389 efficere,
928 4331 989 4379 ad
1013 4330 1198 4379 exitum
1218 4331 1499 4405 perducere.

530 4394 608 4451 63,
629 4395 706 4441 64.
732 4394 967 4442 Ornatius
985 4411 1128 4457 quam
1147 4396 1360 4450 Quintus
1381 4396 1482 4445 cal.
1502 4394 1587 4453 xii,

1645 2661 1756 2717 356,
1787 2660 1997 2709 ἄλλοθεν
2026 2660 2171 2709 ἄλλοι
2206 2658 2405 2709 Μέσσον
2432 2662 2764 2711 iambum«)

1639 2722 1937 2787 περισταδόν.
1998 2723 2285 2787 Circumfusa
2314 2730 2426 2783 ruit,
2459 2736 2643 2784 ornate,
2675 2742 2765 2791 pro

1640 2787 2057 2837 circumfunditur.
2118 2794 2311 2837 Certant
2330 2793 2523 2839 illudere
2546 2800 2691 2853 capto,
2714 2792 2764 2839 h.

1643 2868 1683 2899 e.
1708 2854 1930 2902 certatim
1952 2852 2177 2913 illudunt,
2200 2855 2509 2903 contumeliis
2534 2856 2764 2912 afficiunt,

1643 2914 1885 2977 αἰκίζουσι.

1710 2982 1787 3029 65.
1823 2985 1901 3029 Ab
1922 3000 2009 3029 uno
2030 2987 2215 3031 crimine
2238 2986 2377 3032 Dirce
2406 3002 2569 3043 omnes,
2593 2985 2763 3047 exqui-

1644 3044 1737 3093 site
1768 3061 1857 3108 pro
2024 3047 2082 3104 ri,
2107 3062 2169 3094 ex
2194 3049 2340 3097 unius
2368 3050 2567 3107 scelere,
2590 3060 2641 3099 et
2662 3050 2710 3098 h.
2735 3051 2765 3098 l.

1645 3109 1841 3172 quidem
1864 3110 2058 3167 fraude„
2072 3126 2135 3159 ex
2152 3127 2250 3161 uno
2270 3114 2509 3177 exemplo,
2534 3131 2769 3189 cog-nosce

1645 3174 1826 3236 quales,
1858 3190 2003 3237 quam
2035 3176 2224 3239 perfidi,
2256 3192 2425 3227 omnes
2458 3181 2619 3227 Danai
2652 3179 2766 3229 sint.

1648 3240 1727 3287 Ita
1747 3238 2033 3301 simpliciter
2056 3240 2255 3305 accipio.

1710 3304 1787 3350 69.
1823 3304 2067 3357 Quorsum
2090 3303 2399 3368 confugiam?

1711 3367 1789 3426 71,
1815 3367 1892 3417 72.
1930 3368 1997 3415 Et
2021 3384 2180 3431 quem,
2208 3380 2435 3433 tanquam
2464 3374 2669 3432 hostem,
2692 3374 2767 3422 in-

1646 3447 1793 3505 super
1814 3430 1909 3495 ipsi
1932 3432 2133 3495 Trojani
2166 3435 2397 3483 extremis
2418 3437 2632 3487 afficient
2651 3454 2767 3503 sup-

1646 3496 1821 3569 plicus.
1886 3498 2057 3545 Poenas
2096 3516 2197 3546 cum
2236 3504 2473 3562 sangnine,
2509 3503 2557 3549 h.
2592 3518 2635 3550 e.
2670 3504 2773 3551 vita

1647 3576 1767 3623 ipsa,
1788 3570 1993 3621 poscunt.

1716 3622 1791 3673 73.
1832 3628 2044 3673 Conversi
2066 3627 2113 3674 h.
2137 3628 2168 3674 1.
2194 3630 2381 3677 mutati.

1716 3688 1791 3738 75.
1833 3693 1945 3741 Quae
1974 3695 2038 3738 sit
2050 3694 2229 3752 fiducia
2258 3702 2405 3755 capto,
2429 3710 2519 3759 pro
2544 3699 2589 3743 ei
2602 3716 2620 3750 ,-
2656 3712 2775 3746 num

1648 3752 1837 3811 habeat,
1862 3754 1991 3817 quod
2020 3756 2079 3803 ad
2106 3758 2296 3807 veniam
2325 3758 2394 3805 im
2460 3760 2681 3809 trandam
2701 3761 2772 3810 af-

1648 3816 1777 3865 ferre
1794 3818 1961 3883 possit.
2016 3820 2199 3870 Similis
2218 3822 2372 3871 oratio
2392 3824 2474 3872 ms.
2494 3824 2566 3883 iii,
2586 3826 2683 3874 608
2700 3842 2771 3889 sq.

1718 3880 1795 3933 77.
1834 3884 1957 3931 Haec
1982 3884 2179 3933 Sinonis
2194 3888 2347 3936 oratio
2365 3888 2545 3937 eximio
2564 3891 2774 3939 artificio

1654 3958 1729 3993 est
1748 3947 2029 4023 comppsita,
2054 3951 2183 4012 quod
2210 3952 2351 4000 facile
2377 3953 2429 4001 in
2458 3954 2663 4018 sing-ulia
2684 3956 2771 4005 de-

1654 4009 1857 4059 clarabit
1888 4022 2147 4077 interpres,
2186 4016 2263 4063 vel
2310 4019 2639 4082 unusquisque
2679 4020 2775 4069 sibi

1654 4072 1820 4150 lect-or..
1870 4076 1915 4124 A
1950 4077 2079 4126 veris
2114 4077 2287 4144 incipit
2319 4081 2483 4131 dicere
2508 4093 2561 4131 et
2580 4084 2631 4131 in
2653 4084 2775 4133 falsa

1654 4137 1849 4197 desinit,
1874 4150 1929 4189 ut
1961 4141 2086 4190 bene
2124 4144 2259 4193 Serv.
2320 4147 2451 4195 Nota
2476 4148 2607 4208 enim
2635 4162 2775 4198 erant

1656 4214 1705 4250 et
1721 4205 1959 4279 consessa,
1982 4222 2090 4269 quae
2120 4208 2182 4256 de
2216 4210 2475 4259 Palamede
2501 4222 2553 4260 et
2584 4212 2777 4276 Ulyssia

1654 4268 1780 4317 odiis
1822 4282 2014 4325 nai-rau
2063 4288 2247 4332 verum,
2292 4275 2441 4323 etiam
2494 4277 2776 4325 Calchantis

1656 4348 1767 4445 {51⁵AE
1768 4336 2091 4448 fflssffizizffl
2112 4340 2633 4453 ssn‘ffiijetfitffiff
2634 4341 2774 4455 210¹:
