3050 4934
511 239 597 304 70
1329 235 2004 304 GEORGICON

676 389 770 454 Et
799 388 1016 454 sonitu
1047 389 1322 454 terrebis
1353 409 1533 467 aves,
1564 399 1633 453 et
1662 389 1830 454 ruris
1858 389 2047 474 opaci

673 489 869 556 Falce
898 511 1155 574 premes
1187 492 1475 568 umbras,
1507 491 1806 576 votisque
1836 491 2167 556 vocaveris
2197 490 2503 566 imbrem3

676 592 857 670 Heu,
889 613 1196 676 magnum
1221 591 1490 656 alterius
1519 590 1767 657 frustra
1796 592 2126 677 spectabis
2155 613 2481 668 acervum,

673 693 1142 778 concussaque
1173 693 1408 760 famem
1435 695 1502 758 in
1534 693 1707 758 silvis
1740 694 2039 760 solabere
2068 715 2339 778 quercu.

507 796 632 860 160
762 795 1136 860 Dicendum
1165 807 1235 861 et
1261 818 1410 880 quoe
1443 796 1573 862 sint
1601 797 1784 861 duris
1814 797 2185 882 agrestibus
2216 817 2416 872 arma,

675 897 883 971 Queis
915 898 1054 963 sine
1085 919 1206 962 nec
1233 909 1510 982 potuere
1544 897 1674 962 seri
1701 920 1822 962 nec
1854 919 2123 982 surgere
2152 919 2442 962 messes:

673 999 929 1078 Vomi3‚
960 1011 1030 1064 et
1057 1001 1282 1064 inflexi
1309 1002 1591 1084 primum
1617 1022 1815 1084 grave
1846 1002 2050 1066 robur
2078 1001 2300 1077 aratri,

674 1100 1032 1185 Tardaque
1063 1101 1398 1165 Eleusinae
1425 1099 1663 1164 Matris
1693 1099 2016 1164 volventia
2040 1099 2355 1184 plaustra,

676 1200 1108 1285 Tribulaque,
1142 1199 1544 1284 traheaeque,
1577 1211 1646 1264 et
1672 1201 1895 1283 iniquo
1923 1201 2217 1284 pondere
2246 1203 2475 1281 rastri3

513 1303 634 1366 165
679 1301 928 1386 Virgea
956 1312 1280 1386 praeterea
1307 1300 1490 1364 Celei
1517 1298 1790 1383 vilisque
1822 1299 2142 1385 supellex,

677 1400 1000 1467 Arbuteae
1027 1413 1242 1468 crates
1271 1413 1340 1466 et
1369 1403 1641 1486 mystica
1669 1423 1919 1466 vannus
1947 1400 2203 1467 Iacchi:

683 1504 924 1569 Omnia
950 1525 1100 1587 quae
1127 1501 1332 1568 multo
1361 1514 1512 1568 ante
1542 1525 1785 1568 memor
1814 1505 2077 1588 provisa
2105 1525 2410 1588 repones,

681 1605 754 1669 Si
787 1617 852 1670 te
880 1607 1079 1690 digna
1107 1617 1326 1670 manet
1353 1607 1555 1671 divini
1580 1604 1791 1690 gloria
1819 1607 2011 1670 ruris.

679 1707 1006 1772 Continuo
1037 1708 1104 1772 in
1137 1708 1312 1772 silvis
1339 1729 1575 1792 magna
1604 1707 1667 1771 vi
1695 1706 1869 1772 flexa
1897 1708 2201 1772 domatur

511 1810 636 1874 170
680 1809 758 1874 In
786 1810 1022 1888 burim,
1053 1821 1123 1875 et
1150 1810 1330 1876 curvi
1359 1809 1630 1874 formam
1660 1809 1895 1894 accipit
1925 1807 2136 1874 ulmus
2166 1809 2400 1874 aratri:

684 1912 863 1977 Huic
893 1933 934 1976 a
963 1913 1166 1996 stirpe
1196 1911 1402 1996 pedes
1433 1921 1606 1976 temo
1634 1921 1980 1994 protentus
2010 1913 2077 1975 in
2108 1921 2295 1990 octo;

682 2013 872 2078 Binae
899 2035 1116 2090 aures,
1147 2011 1394 2098 duplici
1423 2023 1735 2097 aptantur
1762 2011 2051 2078 dentalia
2078 2013 2298 2079 dorso.

683 2114 978 2179 Caeditur
1005 2123 1075 2178 et
1101 2111 1241 2178 tilia
1268 2124 1419 2178 ante
1440 2115 1607 2198 jugo
1636 2113 1819 2192 levis,
1852 2112 2112 2200 altaque
2142 2115 2331 2200 fagus

684 2215 1020 2300 Stivaque‚
1049 2238 1200 2300 quae
1229 2237 1462 2280 currus
1489 2239 1533 2280 a
1562 2225 1748 2300 tergo
1778 2227 2084 2301 torqueat
2110 2217 2309 2296 imos3

516 2318 639 2383 175
685 2317 780 2381 Et
811 2338 1132 2401 suspensa
1161 2315 1320 2381 focis
1349 2316 1649 2402 explorat
1676 2319 1918 2382 robora
1946 2317 2185 2383 fumus·

514 2479 708 2527 Terram
731 2480 1010 2525 insectabere
1043 2479 1214 2525 rastris
1227 2493 1244 2523 .·
1285 2476 1347 2524 de
1381 2475 1642 2524 sai-titione
1706 2491 1890 2539 pompa
1912 2475 2167 2525 Eleusinia
2186 2477 2464 2542 praecipuus
2488 2477 2651 2538 fuerit,
2674 2487 2733 2529 ut
2754 2479 2841 2529 in.

511 2542 755 2606 loquitur3
791 2556 899 2604 quae
933 2541 990 2588 fit
1021 2539 1226 2598 sarculo,
1251 2539 1381 2602 quod
1405 2540 1453 2587 h.
1480 2540 1511 2587 l.
1538 2557 1639 2588 ras-
1708 2552 1783 2588 ter
1805 2539 2135 2589 instrumenta
2154 2540 2319 2604 orgica
2340 2551 2518 2592 essent.

515 2615 654 2666 tram,
703 2613 922 2654 semente
975 2604 1118 2663 facta,
1163 2613 1279 2652 ante
1323 2603 1639 2652 occationem.

515 2673 805 2719 Insectabere
826 2685 918 2732 pro
934 2669 1201 2718 insectatus
1223 2667 1387 2726 fueris,
1411 2677 1469 2716 ut
1491 2678 1543 2715 et
1561 2683 1639 2716 re-

1776 2604 2045 2652 164—166.
2086 2607 2325 2654 Tribulum
2348 2607 2405 2654 fit
2426 2624 2449 2656 e
2474 2610 2633 2656 tabu-la
2654 2609 2839 2670 lap-‘da’-

1710 2671 1792 2716 bus
1812 2676 1897 2716 aut
1917 2667 2054 2730 ferro
2079 2678 2309 2732 asperata,
2332 2688 2421 2734 qao
2444 2672 2599 2735 (quae)
2623 2675 2843 2735 inposito

515 2735 676 2796 liquat
701 2733 772 2781 ita
787 2733 950 2782 solent
959 2742 1131 2796 poetae.
1169 2733 1286 2780 Non
1299 2732 1361 2780 de
1383 2732 1644 2782 tenacitate
1708 2736 1877 2796 wigo
1894 2742 1977 2782 aut
1994 2736 2195 2796 pondere
2206 2738 2382 2798 grandi
2400 2737 2846 2800 trahimur-jumentis

515 2799 768 2862 glebarum
785 2797 976 2860 agitur-3
1001 2797 1088 2846 sed
1105 2796 1186 2844 hic
1204 2812 1374 2846 versus
1391 2798 1453 2845 ad
1470 2798 1645 2846 herbas
1696 2797 1894 2860 junctis,
1920 2806 1973 2845 ut
2004 2801 2227 2847 discatiat
2249 2816 2274 2847 e
2294 2803 2424 2862 spica
2450 2817 2617 2864 grana.
2674 2801 2845 2850 Varro

517 2862 718 2911 inutiles
741 2870 791 2909 et
815 2861 989 2910 noxias
1007 2871 1083 2910 est
1101 2861 1398 2910 referendus.

587 2927 859 2976 156-159.
909 2925 1130 2975 Frondes
1162 2927 1390 2974 arborum
1423 2927 1645 2975 umbram

517 2991 802 3041 facientium
841 2989 1162 3054 amputandas
1193 3005 1300 3039 esse
1329 2990 1476 3039 dicit:
1517 2989 1649 3054 falce

513 3059 742 3119 premitur
777 3055 828 3104 id
861 3055 990 3118 quod
1026 3065 1230 3103 secatur.
1291 3053 1404 3103 Nisi
1426 3055 1649 3119 accipere

520 3120 663 3169 malis
693 3136 898 3182 premere
932 3123 1115 3168 umbras
1149 3118 1486 3183 comprimere,
1507 3134 1645 3168 coer-

519 3200 647 3233 cere.
718 3185 905 3232 Verum
947 3193 999 3232 et
1044 3184 1167 3232 Hor.
1205 3183 1224 3231 i
1267 3185 1430 3232 Carm.
1473 3186 1552 3242 31,
1601 3186 1646 3243 9,

515 3257 729 3312 premant
754 3251 926 3296 Calena
933 3246 1280 3310 saIce—-mtem
1335 3250 1436 3296 Rus
1461 3265 1647 3311 opacam

519 3315 567 3362 h.
596 3312 851 3362 arboribus
885 3311 1103 3362 consitus
1137 3327 1267 3375 ager,
1301 3313 1520 3375 adeoque
1558 3329 1648 3376 pro

1712 2863 1773 2910 R.
1813 2863 1875 2910 R„
1909 2862 1943 2922 i,
1982 2865 2060 2922 52,
2103 2866 2144 2911 1.
2203 2863 2336 2912 Usus
2372 2866 2478 2928 ejus
2512 2865 2669 2914 adhuc
2704 2863 2847 2915 inter

1710 2926 1913 2975 Turcos.
1975 2930 2171 2986 Trabea,
2190 2944 2229 2976 s.
2255 2929 2395 2978 traha
2430 2929 2643 2978 vehiculi
2676 2945 2843 2992 genus

1712 2989 1820 3040 sine
1842 2991 1978 3040 rotis.
2030 2994 2197 3040 Rastrt‘
2217 2993 2479 3042 admodum
2510 3009 2687 3057 magno
2708 3008 2841 3058 pon·

1712 3055 1856 3112 dere;
1891 3065 2013 3121 puta
2034 3055 2261 3105 dentibus
2286 3057 2484 3107 ferreis:
2520 3057 2653 3117 item,
2672 3059 2847 3123 pergit

1712 3129 1872 3183 poeta,
1895 3119 2084 3182 reliqua
2116 3123 2319 3184 supellex
2380 3138 2457 3171 uae
2494 3137 2557 3171 ex
2591 3126 2845 3172 viminibus

1712 3192 1760 3233 et
1780 3188 1978 3234 materia
2006 3189 2198 3244 rustica,
2236 3196 2294 3234 ut
2376 3201 2487 3236 arm
2522 3184 2591 3235 ait
2623 3187 2656 3244 i,
2686 3187 2767 3246 22,
2794 3189 2841 3246 l,

1714 3249 1930 3312 adeoque
1964 3251 2049 3298 vili
2083 3249 2165 3305 fit;
2206 3252 2330 3298 Celet·
2364 3266 2395 3298 a
2429 3251 2653 3315 pellatur,
2680 3251 2841 3300 Eleu·
2926 3245 2931 3248 ¹

1712 3313 1843 3372 sinii,
1879 3316 2018 3376 cuius
2053 3313 2185 3362 filius
2220 3315 2395 3379 Tripto
2413 3329 2565 3374 emus,
2588 3331 2619 3364 a
2638 3316 2843 3376 Cerere,

521 3377 788 3427 arboribus.
875 3378 1086 3438 Votisque
1143 3393 1370 3424 vomer-ts
1427 3380 1614 3426 imbrem
1628 3396 1645 3425 .·
1709 3377 1926 3441 hospitio
1947 3387 2167 3442 excepta,
2200 3379 2439 3427 sationem
2470 3377 2496 3426 s
2696 3395 2842 3429 acce-

521 3441 751 3500 suaviter,
789 3441 884 3490 nisi
923 3441 1050 3490 votis
1083 3440 1379 3497 obtinuerim
1413 3457 1506 3504 pro
1536 3440 1643 3490 vul-

521 3507 642 3572 gari,
680 3505 778 3555 nisi
813 3505 1114 3570 tempestivae
1151 3504 1332 3570 pluviae
1367 3504 1645 3568 obtigerint.

525 3573 742 3621 Messem
766 3585 964 3636 parcam
997 3569 1100 3618 fore
1130 3569 1376 3620 ominatur
1397 3580 1545 3634 poeta
1566 3585 1645 3618 or-

523 3647 653 3686 nate.
713 3637 795 3684 Ex
819 3635 1022 3684 Hesiod.
1041 3634 1177 3700 ''¹2⁹⁷-
1203 3635 1314 3692 394,
1341 3635 1452 3683 395.

594 3701 864 3750 leo—163.
901 3701 980 3748 De
997 3699 1337 3748 instrumentis
1359 3699 1523 3764 operis
1538 3714 1647 3747 rus-

526 3766 611 3814 tici
634 3765 763 3830 agit:
799 3764 1014 3829 primum
1037 3779 1204 3814 vomer
1227 3780 1264 3812 s.
1289 3768 1442 3823 vomis,
1466 3773 1518 3811 et
1538 3779 1646 3812 ara-

527 3839 656 3878 trum
675 3831 956 3883 robustum3
983 3831 1122 3876 robur
1143 3831 1312 3886 aratri,
1335 3837 1393 3876 ut
1407 3827 1466 3876 τὸ
1483 3825 1647 3886 uiros:

527 3904 630 3943 tum
647 3898 864 3956 plaustra
885 3893 1039 3941 bobus
1053 3895 1252 3954 juncta;
1278 3892 1410 3940 unde
1427 3894 1653 3940 volventia

525 3974 594 4016 se,
621 3962 772 4018 tarda,
797 3974 888 4022 pro
911 3956 1118 4012 tardum,
1143 3957 1280 4005 tarde
1303 3971 1412 4019 quoe
1443 3955 1648 4005 volvun-

529 4032 624 4080 tur,
669 4032 822 4072 tracta
865 4039 896 4072 a
930 4021 1103 4079 bubus,
1141 4029 1194 4068 et
1227 4029 1440 4084 aguntur
1485 4022 1647 4077 tardes

529 4086 652 4134 forte
684 4087 804 4136 rotis
838 4087 1018 4151 parvis,
1038 4086 1196 4149 iisque
1232 4084 1416 4144 solidis,
1439 4085 1547 4134 sine
1570 4101 1649 4134 ra-

529 4149 651 4199 diis:
689 4161 918 4214 tympana
940 4151 1190 4216 appellant
1201 4169 1215 4208 ς
1239 4149 1507 4212 cujusmodi
1534 4159 1653 4198 rotae

528 4215 796 4263 etiamnum
811 4215 994 4279 passim
1017 4216 1243 4264 visuntur
1258 4215 1404 4262 etiam
1427 4213 1480 4262 in
1500 4215 1649 4262 Lom-

527 4279 710 4328 bardia.
769 4281 1000 4328 Eleusina
1034 4283 1235 4329 Matris.-
1287 4278 1456 4328 Cereri
1501 4294 1655 4336 sacra,

530 4342 712 4408 quippe
735 4359 764 4391 a
786 4359 881 4406 qua
902 4344 1102 4392 omnino
1139 4343 1302 4408 operis
1338 4343 1508 4392 rustici
1531 4342 1655 4392 ratio

529 4409 772 4473 profectu
809 4423 908 4456 non
945 4422 1076 4466 vero,
1101 4410 1230 4470 quod
1265 4423 1434 4458 eorum
1461 4425 1580 4458 usus
1602 4407 1654 4456 in

1746 3450 1865 3490 erat.
1923 3442 2225 3492 Referuntur
2244 3453 2409 3492 autem
2430 3444 2493 3492 ad
2516 3443 2528 3454 “
2670 3443 2841 3508 supel-

1732 3505 1925 3554 ecn'lem
1961 3515 2111 3556 crates
2140 3517 2193 3556 et
2221 3525 2408 3566 mnus,
2432 3509 2571 3570 majus
2594 3523 2711 3557 usus
2732 3519 2849 3558 erat

1713 3569 1765 3646 in
1789 3570 2035 3634 mysteriis
2058 3571 2353 3648 Eleusiniis3
2387 3573 2845 3648 portabatur-enim

1713 3636 2845 3751 driepttrltlpggrzorizililclzbqlllffecuffiizildleducelgffl

1714 3765 1961 3813 Caeterum
1984 3763 2195 3814 Hesiodi
2227 3765 2389 3814 locum
2420 3773 2537 3814 ante
2558 3765 2725 3814 oculos
2746 3766 2843 3816 ha-

1714 3829 1859 3878 bebat
1879 3828 2129 3892 Virgilius,
2144 3828 2280 3892 Ἔργ.
2305 3831 2403 3879 493
2424 3845 2527 3892 sqq.

1786 3893 1890 3944 167.
1928 3893 2011 3941 Ex
2044 3893 2247 3942 nesiod.
2282 3893 2421 3954 ''m-
2468 3893 2577 3946 457.
2646 3897 2840 3954 um,

1714 3956 1963 4021 providus,
1988 3966 2044 4005 ut
2063 3957 2181 4006 ibid.
2202 3973 2248 4004 v.
2270 3959 2383 4017 422,
2406 3955 2716 4019 μεμνημένος,
2739 3975 2845 4009 non

1716 4022 1946 4070 omittens
1975 4031 2027 4069 et
2056 4020 2361 4070 obliviscens.
2418 4025 2615 4072 Proviso
2638 4039 2844 4086 repones,

1715 4095 1887 4135 ornate
1908 4101 2014 4150 pro,
2037 4085 2329 4151 providebis.

1786 4152 1891 4200 168.
1928 4149 1983 4198 si
2017 4151 2135 4200 satis
2166 4165 2392 4214 mag-nam
2428 4166 2493 4199 ex
2529 4164 2677 4226 opere
2714 4160 2767 4200 et
2788 4167 2845 4201 re

1716 4215 1895 4278 agresti
1944 4215 2137 4265 laudem
2181 4215 2413 4278 consequi
2456 4231 2611 4279 cupis.
2677 4219 2847 4266 moini

1718 4284 1858 4338 ruris,
1882 4289 1937 4328 ut
1959 4282 2094 4338 θεῖος,
2118 4281 2227 4337 δῖος,
2249 4279 2524 4344 praelarus.

1790 4345 2058 4394 169—175.
2094 4345 2175 4392 De
2201 4343 2422 4406 partibus
2456 4343 2607 4393 aratri
2636 4343 2849 4408 sing-ulis

1719 4407 1895 4470 agitur.
1954 4407 2203 4473 Principio
2225 4408 2387 4458 ulmus
2415 4407 2470 4457 in
2502 4411 2654 4458 buna
2673 4407 2847 4460 inflec-
