3050 4934
1146 240 1692 319 LIBERIH.

438 390 585 455 Nec
614 390 717 456 via
742 391 971 455 mortis
998 402 1143 457 erat
1170 390 1481 478 simplex:
1528 392 1648 457 sed
1678 393 1792 457 ubi
1815 394 2008 477 ignea
2037 397 2216 459 venis

440 491 763 557 Omnibus
792 504 941 557 acta
969 493 1109 557 sitis
1138 494 1411 559 miseros
1440 494 1814 559 adduxerat
1841 506 2061 572 artus3

437 591 701 659 Rursus
730 594 1110 659 abundabat
1136 594 1381 659 fluidus
1410 594 1646 679 liquor,
1677 596 2018 679 omniaque
2046 596 2114 659 in
2145 619 2216 661 se

264 694 401 759 485
442 694 619 760 Ossa
646 697 1011 761 minutatim
1037 698 1270 761 morbo
1296 696 1586 781 collapsa
1611 696 1937 761 trahebat.

438 796 629 882 Saepe
656 798 725 861 in
754 797 1002 863 honore
1034 796 1230 863 deam
1258 798 1473 863 medio
1504 809 1686 863 stans
1713 796 1930 863 hostia
1957 800 2044 863 ad
2073 821 2272 875 aram,

436 897 662 963 Lanea
688 899 847 964 dum
874 900 1065 965 nivea
1090 900 1531 965 circumdatur
1557 898 1760 963 infula
1789 901 1970 977 vitta,

438 999 619 1065 Inter
646 1012 1027 1067 cunctantes
1056 1002 1293 1067 cecidit
1320 1002 1710 1067 moribunda
1735 1003 2084 1067 ministros.

438 1100 581 1167 Aut
610 1103 665 1166 si
694 1125 887 1186 quam
917 1103 1094 1168 ferro
1122 1114 1517 1169 mactaverat
1546 1113 1698 1167 ante
1727 1103 2059 1179 sacerdos,

262 1202 399 1266 490
440 1203 847 1288 Indeneque
876 1204 1193 1288 impositis
1224 1205 1460 1270 ardent
1488 1204 1718 1269 altaria
1745 1204 1954 1282 fibris,

438 1303 587 1369 Nec
614 1327 935 1389 responsa
961 1316 1185 1390 potest
1212 1305 1550 1371 consultus
1578 1306 1860 1371 reddere
1889 1318 2070 1371 vates
2099 1334 2117 1385 ς

438 1403 543 1469 Ac
571 1406 681 1469 vix
710 1406 1034 1490 suppositi
1062 1407 1403 1490 tinguntur
1432 1408 1746 1492 sanguine
1778 1407 1992 1485 cultri,

439 1505 833 1591 Summaque
853 1508 1085 1591 jejuna
1115 1509 1293 1573 sanie
1323 1507 1687 1573 infuscatur
1715 1530 1936 1574 arena.

438 1607 616 1672 Hinc
642 1607 809 1671 laetis
839 1607 1022 1674 vituli
1048 1608 1245 1693 vulgo
1272 1610 1638 1675 moriuntur
1665 1612 1732 1673 in
1761 1610 2008 1687 herbiS,

194 1717 199 1728 '
261 1710 396 1773 495
440 1710 535 1773 Et
564 1708 789 1775 dulces
820 1710 1063 1775 animas
1095 1710 1290 1795 plena
1318 1712 1405 1775 ad
1432 1712 1760 1796 praesepia
1788 1712 2096 1775 reddunt.

440 1810 617 1875 Hinc
646 1811 917 1875 canibus
946 1810 1205 1876 blandis
1236 1813 1453 1875 rabies
1482 1812 1680 1889 venit,
1706 1823 1776 1876 et
1804 1813 2016 1895 quatit
2043 1834 2254 1896 aegros

440 1911 677 1977 Tussis
709 1911 947 1976 anhela
974 1934 1149 1990 sues,
1176 1935 1255 1977 ac
1282 1912 1582 1977 faucibus
1611 1913 1794 1997 angit
1823 1914 2062 1977 obesis.

444 2014 722 2079 Labitur
746 2012 996 2091 infelix,
1028 2014 1393 2079 studiorum
1420 2025 1620 2098 atque
1649 2015 1980 2078 immemor
2007 2013 2254 2091 herbae,

442 2115 675 2181 Victor
703 2138 939 2199 equus,
971 2115 1316 2201 fontesque
1346 2116 1684 2192 avertitur,
1714 2126 1783 2179 et
1813 2116 1983 2200 pede
2014 2126 2250 2181 terram

264 2298 447 2365 perles.
520 2300 712 2361 Totoque
744 2302 978 2346 mmmm·
1004 2302 1243 2347 §maduit
1262 2307 1393 2357 estu,

262 2380 371 2412 non
408 2372 505 2411 tam
544 2362 741 2421 exarsit,
779 2370 917 2411 ortus
956 2370 1045 2419 est,
1082 2371 1169 2411 aut
1201 2362 1399 2411 duravit

266 2436 377 2476 toto
406 2436 682 2485 aticummo,
720 2426 809 2475 sed
837 2442 923 2475 aer
956 2426 1285 2477 inflammatus
1321 2437 1397 2477 est

264 2502 375 2541 tota
408 2502 555 2541 astus
588 2491 911 2540 auctumnalis
948 2490 1011 2539 vi.
1089 2491 1224 2540 Solet
1262 2491 1393 2540 enim

264 2556 521 2605 mmai
553 2566 701 2605 asnis
732 2554 960 2619 inprimis
982 2555 1147 2619 gravis
1181 2566 1233 2605 et
1262 2555 1391 2605 into-

264 2620 501 2671 lerandus
527 2636 635 2669 esse
665 2630 717 2667 et
746 2620 943 2668 morbos
970 2620 1187 2683 gignere.
1244 2620 1391 2669 Ordi-

266 2700 401 2743 nem,
434 2684 595 2748 inquit
613 2684 829 2741 Servius,
852 2693 1049 2733 secutus
1071 2694 1147 2734 est
1177 2700 1322 2748 quem
1346 2695 1397 2733 et

266 2749 535 2799 Lucretium
574 2748 735 2797 tenuit
776 2748 840 2807 vi,
888 2748 1013 2797 1094
1051 2764 1153 2813 sqq.
1198 2759 1250 2797 et
1285 2749 1392 2799 Sal·

266 2814 475 2863 lustius:
510 2812 671 2878 primo
701 2828 879 2871 aerem,
913 2812 1029 2861 inde
1060 2830 1251 2877 aquam,
1284 2822 1398 2877 post

264 2878 453 2945 pabula
472 2894 581 2927 esse
602 2894 747 2927 cortu
785 2887 848 2926 ta.
906 2879 1045 2935 Tabe,
1074 2894 1277 2935 veneno,
1302 2876 1394 2927 mi-

266 2953 460 2993 asmate
482 2942 635 2991 seris:
671 2941 733 2991 cf.
800 2950 949 2991 ueret-
974 2941 1039 3001 vi,
1068 2943 1206 3001 1123,
1236 2944 1374 2991 1124.

336 3008 615 3056 482-486,
648 3008 751 3055 Nec
773 3010 851 3055 via
870 3010 1028 3055 nortis
1045 3016 1149 3055 erat
1176 3010 1367 3068 simplet
1381 3026 1397 3053 .-

266 3088 373 3121 non
406 3086 553 3129 unus,
588 3070 677 3119 sed
711 3070 833 3119 varii
870 3080 1013 3119 erant
1045 3071 1217 3119 mortis
1252 3070 1397 3119 modi.

268 3138 526 3199 Accepere
560 3134 647 3183 alii
670 3135 757 3193 sic,
790 3143 847 3183 ut
875 3151 1007 3184 mors
1034 3151 1131 3183 non
1164 3134 1229 3183 sit
1256 3134 1396 3191 lenis,

266 3198 623 3249 sedcumdiris
640 3198 937 3249 cruciatibus
953 3200 1224 3261 conjuncta
1270 3200 1398 3245 Sane

264 3264 853 3391 ramm-
841 3280 950 3376 ‘232²
975 3260 1401 3376 ”asem

270 3392 427 3443 febris
459 3392 645 3457 ingenti
679 3408 737 3441 ac
757 3392 839 3441 siti
866 3386 1019 3441 totum
1040 3407 1097 3439 co
1160 3406 1217 3439 us
1244 3398 1397 3438 torre-

268 3459 445 3513 batur3
497 3473 615 3505 mox
652 3456 1021 3505 contabescebat
1056 3469 1116 3503 co
1150 3453 1399 3517 iquatione

268 3538 331 3571 ac
362 3520 663 3571 resolutione
696 3520 913 3569 omnium
943 3518 1217 3567 humorum.
1285 3522 1401 3567 Sitis

268 3602 365 3651 pro
386 3596 527 3643 esni.
550 3586 739 3639 calore3
776 3582 903 3631 unde
924 3581 1033 3631 sitis
1053 3582 1221 3631 oritur.
1286 3586 1402 3631 Sitis

270 3656 415 3715 ignea
446 3660 503 3699 ut
534 3650 656 3698 Stat.
681 3648 833 3697 Theb.
865 3647 930 3705 iv,
962 3648 1072 3705 699,
1106 3650 1265 3695 haurit
1296 3650 1402 3695 sitis

270 3720 413 3779 ignea
431 3731 637 3776 «πωροι,-
669 3711 752 3761 ubi
773 3710 872 3769 alii,
898 3727 959 3759 ex
980 3710 1399 3775 interpretatione,

270 3783 428 3829 arida.
494 3782 613 3827 Sitis
642 3784 749 3825 acta
769 3778 973 3825 omuibus
993 3780 1148 3829 venie.-
1182 3792 1271 3840 per
1294 3791 1397 3823 om-

272 3860 365 3893 nes
388 3858 553 3900 venas,
577 3856 747 3890 omnes
778 3841 1021 3898 humores,
1044 3849 1323 3903 penetrans,
1347 3855 1401 3889 se

272 3908 545 3957 insinuans.
628 3908 905 3955 Adde-terat
947 3913 1095 3962 artus,
1132 3912 1244 3953 cute
1282 3920 1398 3953 con-

271 3982 443 4029 tracta.
468 3970 598 4033 quod
627 3968 686 4018 fit
717 3985 775 4017 ea
803 3978 1132 4028 exarescente,
1156 3978 1213 4017 ut
1243 3968 1295 4017 in
1330 3968 1399 4017 fe-

272 4036 369 4085 bri.
446 4036 622 4097 Liqsor
662 4036 853 4095 fluidus,
898 4034 1127 4081 humores
1170 4032 1401 4097 corrupti,

271 4098 695 4162 colliquescentes,
733 4099 911 4145 tabum.
992 4098 1223 4145 Trahebae
1256 4100 1406 4145 omnia

268 4182 377 4227 ossa
412 4167 461 4211 in
492 4180 556 4221 se,
590 4162 708 4210 dum
745 4160 882 4224 quasi
920 4161 973 4210 in
1010 4162 1122 4210 tabo
1159 4170 1399 4219 natarent,

268 4246 377 4277 usa
408 4230 670 4275 πιέιικεαείικ
700 4230 851 4275 norbo
879 4228 1111 4287 collapsm·
1145 4228 1284 4288 cujus
1314 4241 1400 4289 ge-

1460 2307 1670 2356 taurum,
1711 2300 1849 2362 cujus
1893 2308 2007 2347 exta
2050 2298 2447 2364 inspiciebantur.
2529 2304 2587 2351 In

1459 2366 1622 2411 honore
1662 2366 1796 2411 deam
1832 2366 1991 2421 medio,
2035 2362 2088 2411 in
2121 2364 2282 2412 medio
2313 2364 2583 2421 sacrificio;

1459 2437 1577 2476 noto
1595 2444 1686 2477 usu
1710 2444 1811 2477 voc.
1836 2432 1983 2477 honos.
2049 2430 2174 2475 Dum
2204 2428 2250 2476 ei
2277 2432 2588 2479 circumdatur

1458 2490 1609 2553 infula
1629 2494 1760 2540 lanea
1779 2496 1897 2540 vitta
1919 2496 2064 2549 nivea,

2088 2492 2281 2556 poetica
2308 2493 2511 2550 ratione,
2538 2494 2584 2541 h.

1457 2555 1615 2604 infula
1635 2556 1822 2605 vittata.
1888 2552 2050 2618 Insula

1459 2630 1511 2669 et
1549 2620 1713 2685 capiti,
1749 2637 1776 2669 e
1809 2636 1906 2683 quo
1946 2620 2047 2669 fere
2067 2556 2587 2685 eggnlgzsbtzst’qzsglflanff‘:

1459 2693 1644 2749 aptum,
1668 2688 1798 2733 vittis
1820 2684 2007 2747 alligari
2032 2694 2082 2733 et
2103 2684 2370 2761 constringi
2394 2684 2549 2735 solita.

1464 2751 1719 2871 123⁹}ss
1719 2750 2586 2875 'gff’sszffifflssffrzffzssftffszz‘z

1462 2877 1704 2952 impositae
1717 2876 1976 2952 altar-{bum
2011 2893 2122 2951 αξη)
2137 2886 2298 2952 autem
2315 2894 2404 2926 nec
2422 2880 2585 2929 minus

1463 2956 1572 3017 ipsa
1593 2957 1677 2989 ara
1699 2956 1789 3019 pro
1813 2950 2010 2990 victima
2031 2958 2078 2989 ei
2096 2950 2325 3017 imposita
2346 2954 2582 3019 ponatur:

1461 3006 1625 3131 ¹3:²52,
1643 3008 1822 3127 :²⁸2⁸ss
1845 3008 2394 3127 523120‘332'3‘53
2425 3008 2588 3134 3⁵¹3ss

1462 3148 1578 3197 pars
1599 3144 1685 3181 aut
1701 3132 1908 3207 deesset,
1932 3142 2016 3182 aut
2037 3144 2266 3199 corrupta
2285 3143 2426 3183 esset.

1529 3198 1776 3277 49224533.
1813 3198 1916 3277 V.¹¹
1931 3198 2131 3263 sanguis
2145 3198 2261 3274 ‚fluit
2287 3215 2349 3247 ex
2369 3200 2586 3277 vulnere.

1464 3392 1555 3447 nie,
1581 3390 1717 3439 tenui
1739 3406 1796 3439 ac
1831 3390 2009 3455 exiguo
2045 3392 2264 3449 humore,
2289 3408 2442 3456 eoque
2477 3410 2582 3441 cor-

1462 3466 1804 3567 magei—496.
1841 3520 2042 3592 ngcum,
2067 3535 2211 3582 quem
2233 3529 2378 3583 poeta
2408 3520 2588 3569 iterum

1465 3581 1692 3629 tractavit
1723 3582 1836 3629 AEn.
1869 3582 1938 3637 ιίι,
1973 3584 2240 3639 137-141,
2271 3582 2352 3631 ubi
2383 3584 2584 3645 Linque-

1468 3648 1579 3693 bant
1616 3646 1770 3693 dulces
1813 3648 2004 3703 animas,
2049 3653 2132 3693 aut
2171 3663 2300 3709 aegra
2345 3650 2590 3696 trahebant

1470 3712 1672 3771 Corpora
1687 3727 1704 3757 .·
1736 3706 2002 3773 μελίφρονα
2019 3708 2164 3769 θυμὸν
2190 3708 2374 3773 ἀπηύρα
2395 3720 2469 3759 est
2483 3713 2588 3773 jam

1466 3774 1517 3822 in
1559 3772 1763 3822 Hesiod.
1803 3774 1880 3821 Sc.
1924 3772 2075 3823 Herc.
2113 3776 2222 3823 428.
2290 3776 2589 3825 Hine—hinc

1464 3854 1776 3953 przporr&
1812 3907 1986 3967 angina
2024 3902 2252 3968 loquitur,
2294 3904 2380 3951 Gr.
2425 3900 2590 3965 ὑόγχη

1467 3964 1816 4043 ειμιβράγχος,
1842 3968 1925 4031 qui
1956 3978 2006 4017 et
2034 3969 2232 4017 morbus
2263 3982 2406 4015 suum
2435 3982 2585 4031 pecu-

1465 4032 1646 4154 h8238,
1662 4096 1772 4145 499.
1809 4098 2072 4143 Studiorum
2083 4095 2152 4156 (h.
2169 4110 2340 4145 cursus
2353 4094 2586 4160 simplici-

1468 4160 1567 4221 ter)
1589 4168 1725 4223 atque
1749 4164 1973 4207 immemor
1995 4162 2144 4207 herbae
2158 4178 2173 4206 .·
2203 4158 2272 4207 ita
2293 4159 2457 4209 malim
2467 4162 2586 4223 jun-

1467 4239 1584 4289 gere
1596 4243 1608 4279 ς
1633 4239 1745 4272 nam
1757 4220 1919 4285 infeli-r
1931 4226 2198 4281 studiorum,
2207 4224 2254 4270 h.
2268 4224 2475 4273 infelicis
2482 4233 2588 4273 stu·

274 4290 415 4341 neris
454 4288 747 4353 liquationes
782 4299 835 4339 et
864 4289 1187 4339 resolutiones
1224 4290 1408 4338 ossium
1472 4288 1560 4345 dii,
1572 4304 1668 4336 non
1680 4288 1814 4337 estin
1825 4287 1914 4335 hac
1924 4296 1978 4335 re·
1992 4294 2157 4349 eqtms.
2195 4288 2310 4336 Non
2321 4288 2450 4337 enim
2461 4304 2591 4337 nunc

274 4356 431 4405 etiam
454 4354 507 4403 in
528 4353 639 4403 aliis
660 4354 842 4403 morbis
860 4354 1096 4403 videmus.

342 4420 457 4503 489,
495 4418 605 4470 487.
652 4421 865 4469 Hostiam
900 4418 1119 4483 intellige
1160 4420 1408 4481 majorem,

1473 4360 1560 4401 aut
1585 4368 1732 4400 cursu
1764 4350 1935 4399 infelix
1973 4362 2049 4399 est
2083 4361 2168 4399 aut
2200 4352 2480 4409 certamine,
2504 4352 2590 4400 sed

1474 4418 1644 4467 morbo
1680 4424 1908 4465 tentatus.
1977 4414 2046 4465 At
2077 4414 2237 4479 infilix
2270 4420 2415 4467 studit·
2441 4424 2516 4466 est
2550 4416 2592 4464 is
