3050 4934
523 231 648 296 120

1339 228 2011 296 GEORGICON

514 381 646 445 440
688 379 863 465 Ipsae
891 380 1210 446 Caucasio
1241 379 1498 446 steriles
1527 382 1597 444 in
1626 382 1867 446 vertice
1898 379 2099 456 silvae,

688 482 876 555 Quas
903 483 1176 546 animosi
1207 482 1376 546 Euri
1406 483 1670 548 assidue
1702 481 2142 566 franguntque
2170 480 2543 563 feruntque,

686 583 872 648 Dant
901 583 1061 648 alios
1093 583 1236 648 aliae
1265 582 1503 662 foetus;
1550 584 1711 648 dant
1738 583 1898 646 utile
1928 582 2173 666 lignum

684 683 982 768 Navigiis
1013 685 1226 768 pinos,
1259 684 1561 748 domibus
1592 684 1989 769 cedrumque
2019 703 2518 768 cupressosque.

686 783 863 848 Hinc
892 777 1110 849 radios
1138 785 1375 849 trivere
1405 785 1591 862 rotis,
1622 784 1775 849 hinc
1804 795 2109 868 tympana
2136 781 2447 868 plaustris

513 885 643 948 446
684 883 1036 970 Agricolae‚
1067 897 1134 950 et
1162 885 1416 970 pandas
1447 887 1699 949 ratibus
1729 907 2009 969 posuere
2038 887 2312 950 carinas.
2393 963 2397 968 .

684 985 1052 1052 Viminibus
1086 985 1316 1052 salices
1345 985 1697 1063 foecundae,
1726 985 2069 1052 frondibus
2096 984 2288 1049 ulmi:

689 1085 785 1151 At
812 1099 1062 1173 myrtus
1092 1088 1322 1153 validis
1349 1087 1719 1164 hastilibus,
1750 1097 1820 1152 et
1848 1088 2021 1152 bona
2048 1085 2220 1150 bello

692 1188 951 1254 Cornus
975 1215 992 1268 3
1039 1189 1316 1254 Ituraeos
1348 1189 1486 1252 taxi
1515 1198 1908 1272 torquentur
1936 1189 2003 1252 in
2032 1209 2244 1251 arcus.

688 1289 836 1354 Nec
867 1289 1020 1353 tiliae
1047 1288 1224 1354 leves
1255 1299 1369 1354 aut
1397 1299 1589 1352 torno
1617 1288 1811 1352 rasile
1840 1288 2091 1352 buxum

517 1391 648 1455 450
690 1391 848 1456 Non
877 1391 1148 1456 formam
1175 1391 1522 1476 accipiunt,
1558 1391 1863 1474 ferroque
1894 1400 2207 1454 cavantur
2236 1399 2451 1453 acuto.

688 1492 838 1557 Nec
865 1515 997 1556 non
1021 1503 1090 1556 et
1121 1502 1474 1556 torrentem
1503 1492 1747 1556 undam
1776 1490 1933 1556 levis
1965 1491 2215 1555 innatat
2244 1490 2453 1566 alnuS,

693 1592 906 1656 Missa
935 1593 1158 1670 Pad03
1204 1614 1328 1656 nec
1355 1614 1486 1657 non
1515 1603 1584 1656 et
1612 1613 1772 1676 apes
1803 1592 2101 1657 examina
2130 1591 2421 1655 condunt

692 1692 1193 1776 Corticibusque
1225 1694 1398 1756 cavis
1428 1695 1805 1776 vitiosaeque
1836 1692 1995 1756 ilicis
2026 1690 2231 1756 alveo.

693 1793 876 1868 Quid
907 1794 1392 1860 memorandum
1421 1816 1607 1877 aeque
1640 1793 1967 1859 Baccheia
1996 1794 2169 1858 dona
2201 1792 2535 1858 tulerunt?

517 1895 648 1959 455
692 1894 997 1960 Bacchus
1028 1906 1097 1958 et
1126 1895 1212 1960 ad
1241 1894 1498 1978 culpam
1525 1917 1757 1958 causas
1788 1895 2007 1958 dedit:
2054 1893 2161 1957 ille
2191 1893 2482 1958 furentes

692 1997 1058 2062 Centauros
1087 1994 1268 2060 letho
1300 1995 1573 2071 domuit,
1606 1995 2055 2078 Rhoetumque
2086 1993 2518 2078 Pholumque,

691 2097 784 2161 Et
811 2119 1048 2181 magno
1083 2096 1389 2181 Hylaeum
1420 2095 1725 2180 Lapithis
1756 2107 2007 2160 cratere
2038 2096 2407 2160 minantem.

580 2273 852 2321 440—443.
903 2271 1030 2319 Sunt
1074 2269 1238 2319 multae
1278 2269 1386 2318 alioe
1431 2272 1643 2328 arbores,

515 2338 647 2386 unde
667 2335 902 2384 utilitates
925 2334 1204 2399 accipimus.
1256 2337 1508 2382 Caucasum
1525 2348 1649 2399 puta

517 2400 708 2465 poetice
730 2415 820 2464 pro
837 2415 1124 2462 quocunque
1145 2409 1313 2448 monte
1335 2414 1392 2447 ac
1411 2399 1535 2447 silva
1556 2415 1645 2446 no-

516 2463 709 2514 minari.
777 2467 967 2513 Stet-iles
988 2466 1295 2512 silva—dant
1307 2461 1458 2524 soetus
1471 2482 1490 2518 ,-
1524 2479 1645 2526 oxy-

517 2544 717 2578 moron:
753 2529 840 2576 sed
865 2528 1030 2593 priore
1055 2528 1162 2576 loeo
1189 2531 1372 2576 steriles
1397 2537 1514 2576 sunt
1540 2527 1647 2575 sine

517 2593 680 2642 fructu
717 2591 876 2647 edulig
905 2590 1058 2653 foetus
1093 2607 1210 2640 vero
1249 2601 1366 2640 sunt
1402 2607 1547 2644 ususz
1594 2600 1649 2639 ut

521 2657 688 2706 statim
721 2659 836 2704 utile
873 2659 1048 2718 lignum
1084 2655 1352 2717 subjicitur.
1411 2654 1649 2702 Similiter

517 2720 604 2768 inf.
649 2736 695 2768 v.
743 2721 854 2777 446,
903 2723 1146 2768 viminibus
1192 2722 1358 2768 salices
1395 2717 1646 2780 foecundae.

517 2787 846 2846 Franguntque
873 2782 1124 2846 feruntque
1165 2783 1217 2831 in
1255 2783 1420 2832 animo
1465 2783 1650 2841 habuit,

518 2865 656 2911 agen
685 2865 742 2897 ac
757 2845 908 2909 serre,
933 2849 982 2896 h.
1007 2863 1200 2897 vexare.
1257 2847 1486 2910 Juniperi
1515 2857 1651 2896 certo

516 2912 702 2975 generi,
721 2911 976 2976 oxycedro,
993 2927 1173 2960 nomen
1193 2914 1320 2961 cedri
1337 2911 1440 2960 fere
1456 2921 1648 2960 veteres

521 2975 764 3035 tribuisse,
789 2977 1018 3026 observat
1046 2975 1321 3024 Martinus:
1361 2974 1455 3023 vid.
1479 2975 1566 3022 inf.
1584 2976 1649 3024 ad

521 3041 636 3090 AEn.
660 3041 742 3100 vii,
773 3042 845 3088 13.

583 3107 695 3162 444,
719 3106 830 3151 446.
881 3105 958 3152 De
998 3103 1251 3153 arboribus
1282 3102 1454 3152 rustici
1491 3103 1644 3152 confi-

519 3167 658 3216 ciunt
676 3177 892 3216 rotarum
913 3171 1069 3216 radios
1097 3177 1148 3216 et
1166 3167 1494 3232 plaustrorum
1525 3175 1645 3230 lym-

513 3248 656 3292 pano,
675 3232 722 3279 h.
743 3241 874 3280 rotas
895 3249 960 3281 ex
975 3232 1147 3281 solidis
1161 3231 1340 3282 tabulis
1355 3243 1646 3296 compactas,

522 3305 574 3344 et
615 3295 814 3344 navium
855 3300 1056 3346 carinas.
1129 3299 1442 3354 Hinc—hinc,
1481 3296 1651 3360 ,iungit

521 3359 847 3418 Burmannus,
882 3369 938 3409 ut
969 3361 1038 3410 sit
1069 3375 1134 3408 ex
1167 3360 1424 3409 alis—alia
1458 3363 1646 3418 arbore,

519 3438 694 3487 parum
725 3425 976 3473 commode
1007 3424 1071 3472 ad
1105 3439 1269 3472 meum
1301 3423 1498 3498 quidem
1532 3440 1647 3472 sen-

519 3503 656 3544 sum3
689 3488 780 3536 sed
807 3491 913 3536 hinc
946 3504 1009 3537 ex
1037 3487 1137 3538 illis
1169 3489 1436 3546 arboribus,
1461 3504 1524 3536 ex
1550 3487 1649 3536 illis

519 3551 741 3602 foetibus:
778 3569 824 3602 v.
842 3555 952 3602 442.
1005 3555 1208 3610 Trivere,
1223 3553 1272 3602 h.
1293 3561 1454 3602 terere
1471 3552 1645 3612 solent,

515 3617 784 3676 atterendo,
802 3617 1039 3666 tornando
1061 3617 1316 3668 conficere.
1370 3619 1537 3666 Tse-ere
1592 3633 1649 3666 ro

518 3690 728 3730 tornare.
807 3685 1017 3740 Pmere,
1067 3681 1280 3732 faciunt:
1339 3698 1402 3731 ex
1455 3687 1533 3730 τιθ
1586 3701 1647 3739 αι,

518 3746 678 3802 θεῖναι,
699 3759 788 3808 pro
804 3745 1116 3803 ποιήσασθαις
1141 3757 1198 3796 ut
1219 3746 1362 3795 toties
1383 3747 1646 3794 Homerus.

582 3810 856 3858 446—448.
907 3812 1166 3858 Fraudibus
1203 3813 1330 3858 ulmi.
1405 3809 1647 3872 Ulmus—,-

505 3870 722 3934 frondem
725 3874 1046 3936 jtwundiorem
1069 3877 1211 3922 bubus
1221 3877 1398 3935 prabet
1413 3893 1430 3922 .·
1453 3873 1643 3921 Colum.

517 3953 564 3994 v,
583 3938 628 3995 6,
648 3939 692 3986 8.
717 3941 938 4001 Myrtus.-
969 3937 1029 3986 cf.
1051 3937 1164 3986 AEn.
1187 3937 1287 3994 viii,
1313 3937 1436 3992 8173
1471 3937 1543 3996 iii,
1566 3940 1643 3985 23.

517 4001 652 4050 Bona
667 4006 782 4051 bello
793 4021 967 4061 eornm,
982 4003 1029 4050 h.
1047 4001 1250 4065 sagittis,
1259 4001 1450 4062 iaculis,
1461 4001 1617 4050 hastis
1630 4021 1643 4050 z

517 4072 616 4114 tota
644 4066 776 4116 enim
801 4085 926 4116 ossea
955 4075 1044 4124 est,
1071 4077 1128 4116 ut
1157 4065 1228 4114 ait
1253 4065 1379 4114 Plin.
1451 4069 1643 4126 Itur-ea,

517 4129 647 4178 ultr·
663 4131 942 4188 sor-danem,
961 4131 1040 4180 vel
1055 4130 1184 4186 inde.
1205 4131 1333 4194 quod
1351 4146 1410 4178 ea
1429 4130 1648 4195 Philippi

517 4193 777 4242 tetrarchia
794 4196 924 4259 apud
945 4196 1126 4244 Lucam
1145 4205 1195 4244 et
1207 4195 1478 4260 Jooephum
1493 4195 1645 4244 fuisse

515 4265 826 4316 memoratur,
847 4269 975 4307 nota.
1029 4259 1316 4309 incolebant
1329 4275 1437 4308 eam
1456 4262 1647 4309 Arabes

515 4319 782 4370 latrociniis
797 4320 1018 4381 infames,
1033 4333 1083 4373 et
1095 4324 1359 4387 sagittandi
1373 4334 1478 4374 arte
1497 4325 1639 4374 clari:

515 4383 686 4432 latiore
721 4393 884 4434 tamen
915 4387 1127 4436 nominis
1157 4382 1442 4454 acceptione
1474 4390 1643 4440 Ituraei

1711 2270 1859 2319 etiam
1882 2271 1945 2319 ad
1962 2269 2151 2333 Syriam
2174 2269 2345 2318 referri
2366 2269 2553 2320 solent:
2578 2270 2695 2318 hinc
2712 2285 2845 2335 με·

1710 2335 2035 2384 stantissimos
2082 2349 2225 2382 arcus
2274 2343 2422 2396 poeta
2461 2335 2523 2384 ab
2566 2334 2631 2384 iis
2674 2335 2845 2399 desig·

1712 2409 1811 2448 nat·

1778 2465 1889 2522 449,
1914 2465 2025 2512 450.
2060 2465 2163 2512 Nec
2184 2480 2285 2520 non,
2310 2462 2459 2511 etiam
2480 2462 2586 2512 tilia
2607 2473 2660 2511 et
2680 2465 2847 2512 buxus

1712 2529 1896 2576 tornari
1924 2537 1975 2575 et
1996 2527 2147 2592 scalpi
2170 2537 2388 2591 possunt.
2444 2529 2628 2576 Buram
2650 2528 2847 2577 doctius

1711 2601 1859 2655 poeta
1879 2592 2018 2649 dixit,
2044 2608 2103 2640 ea
2123 2592 2281 2640 forma
2298 2601 2353 2640 ut
2376 2594 2535 2648 malm,
2559 2595 2744 2640 malum.

1776 2657 2051 2704 451—453.
2106 2657 2265 2704 Alnus
2308 2654 2517 2718 navigiis
2564 2655 2701 2704 utilis
2752 2666 2843 2704 est.

1716 2720 1836 2768 Padi
1886 2719 2008 2784 ripae
2054 2723 2177 2768 alnis
2224 2719 2451 2774 consitae3
2508 2719 2675 2782 itaque
2722 2735 2847 2770 nisus

1716 2799 1885 2832 earum
1918 2783 1971 2832 in
2006 2783 2241 2834 faciendis
2280 2783 2487 2846 navigiis
2524 2793 2749 2848 promtus
2789 2799 2849 2833 ac

1713 2848 1967 2912 proclivis:
1992 2850 2111 2898 Geo.
2134 2848 2167 2905 i,
2194 2847 2299 2905 136,
2352 2848 2481 2896 Tm
2500 2851 2631 2896 alnos
2642 2853 2849 2910 prinum

1701 2915 1840 2972 fluvia·
1860 2929 2038 2962 semen
2068 2921 2267 2962 emtas.
2326 2913 2523 2960 Tor-rens
2550 2913 2753 2976 proprie
2783 2911 2850 2962 sd

1714 2977 1835 3025 Padi
1872 2987 2109 3026 naturam.
2180 2979 2331 3026 Missa
2366 2979 2511 3033 Pado,
2538 2975 2765 3026 immissa
2792 2977 2847 3026 in

1710 3055 1905 3090 amnem
1945 3041 2009 3090 de
2052 3041 2319 3090 navalibus.
2388 3039 2469 3088 Ex
2504 3055 2695 3090 reanum
2736 3057 2849 3090 ene

1712 3121 1907 3154 versum
1930 3122 1959 3154 a
1982 3105 2250 3154 Claudiano
2272 3120 2423 3162 xxxv,
2447 3107 2469 3152 1
2508 3107 2553 3162 8,
2572 3108 2847 3168 missuque

1712 3171 1844 3218 Pado
1864 3173 1944 3232 qui
1966 3174 2161 3232 remigat
2180 3173 2349 3224 alnum,
2362 3170 2467 3230 jam
2488 3169 2575 3218 alii
2590 3179 2843 3218 notarunt.

1717 3237 1973 3282 Corticae'bus
2008 3238 2149 3292 cavie,
2184 3233 2315 3282 intra
2352 3232 2599 3292 corticem,
2632 3244 2685 3282 et
2722 3234 2847 3282 adeo

1712 3298 1845 3346 intra
1866 3307 2063 3346 truncos
2084 3313 2229 3346 cavos
2250 3299 2493 3346 arborum.

1776 3362 2050 3413 454—457.
2086 3361 2337 3410 Sationem
2370 3360 2603 3410 silvarum
2634 3361 2847 3410 suadere

1712 3435 1907 3489 poetam
1940 3425 2223 3474 memineris
2250 3441 2315 3474 ex
2346 3439 2390 3473 ν.
2422 3428 2535 3474 483.
2600 3425 2699 3474 Tot
2732 3436 2843 3474 tan·-

1713 3490 1871 3552 tisque
1898 3490 2189 3538 utilitatibus
2218 3489 2427 3538 multum
2452 3489 2637 3538 cedunt
2654 3489 2847 3538 fiaicms

1712 3555 1979 3612 vinearum,
2004 3569 2113 3616 quae
2140 3565 2302 3602 tamen
2326 3563 2425 3601 tam
2454 3553 2699 3603 assiduam
2722 3570 2844 3618 ope·

1712 3635 1817 3668 ram
1850 3634 1878 3668 e
1916 3618 1927 3630 ⁸
2034 3628 2081 3674 ις
2116 3618 2235 3681 quin
2268 3633 2434 3668 earum
2466 3617 2661 3666 cultura
2686 3617 2849 3668 multa

1713 3683 1835 3732 adeo
1866 3699 1914 3732 m
1963 3699 1993 3732 a
2022 3682 2173 3731 affert.
2234 3683 2361 3738 Hoc,
2386 3692 2441 3730 ut
2468 3691 2663 3746 poetam
2694 3683 2845 3732 dece-

1714 3750 1811 3806 bat,
1845 3764 1874 3797 a
1907 3747 2122 3811 generali
2156 3763 2213 3794 ac
2246 3745 2377 3794 nuda
2408 3746 2747 3796 enuntiatione
2780 3747 2848 3796 ad

1710 3811 1825 3860 facti
1858 3812 2137 3875 exemplum
2168 3809 2381 3858 deducit.
2450 3813 2531 3858 Aa
2558 3813 2757 3873 culpam,
2792 3813 2845 3860 h.

1710 3876 1773 3924 ad
1786 3875 1991 3930 furores,
2010 3875 2072 3924 ad
2090 3873 2307 3922 facinora
2326 3885 2377 3923 et
2392 3874 2596 3924 crimina
2612 3877 2843 3925 commit—

1710 3939 1859 3988 tenda
1888 3938 2107 3988 incendit
2133 3938 2373 3988 homines.
2442 3943 2691 3988 Centauros
2722 3943 2849 3990 letho

1710 4007 1895 4070 domuit.
1946 4005 2183 4078 Spectant
2194 4003 2303 4068 haec
2322 4005 2473 4052 verba
2486 4003 2553 4052 ad
2566 4005 2843 4054 Centauro·
2897 4003 2916 4019 ⁸

1710 4083 1817 4117 rum
1842 4067 1954 4116 vino
1974 4068 2326 4116 inebriatorum
2348 4068 2537 4116 furores
2554 4077 2607 4117 et
2622 4083 2847 4132 pugnam

1710 4149 1823 4181 cum
1838 4132 2061 4197 Lapithis
2076 4132 2131 4181 in
2146 4132 2331 4195 nuptiis
2346 4131 2553 4180 Pirithoi
2571 4147 2683 4180 cum
2702 4133 2841 4198 Hip-

1710 4197 1963 4262 podamia:
1998 4197 2095 4244 vid.
2122 4197 2265 4246 ovid.
2288 4198 2493 4246 Metam.
2510 4196 2597 4253 xii,
2616 4198 2715 4244 210
2734 4213 2844 4260 sqq.

1712 4263 1875 4326 Apud.
1906 4262 2049 4311 Ovid.
2076 4265 2271 4310 Rhoetus
2302 4271 2354 4308 et
2374 4263 2547 4309 Pholus
2568 4276 2669 4308 non
2688 4263 2847 4310 occisi

1710 4325 1797 4374 sed
1826 4327 1978 4390 fugati
2012 4333 2369 4380 memor-annin
2404 4325 2533 4387 quod
2564 4341 2715 4374 nemo
2746 4327 2843 4375 mi·-

1710 4392 1897 4440 rabitur
1914 4391 1998 4452 qui
2016 4400 2197 4452 quanta
2214 4391 2265 4438 in
2288 4390 2364 4438 his
2386 4387 2561 4438 fabulis
2583 4399 2847 4453 poetarum
