<?xml version="1.0" encoding="UTF-8"?>
<!DOCTYPE html PUBLIC "-//W3C//DTD XHTML 1.0 Transitional//EN"
    "http://www.w3.org/TR/xhtml1/DTD/xhtml1-transitional.dtd">
<html xmlns="http://www.w3.org/1999/xhtml" xml:lang="en" lang="en">
 <head>
  <title>
</title>
<meta http-equiv="Content-Type" content="text/html;charset=utf-8" />
  <meta name='ocr-system' content='tesseract 3.04.00' />
  <meta name='ocr-capabilities' content='ocr_page ocr_carea ocr_par ocr_line ocrx_word'/>
</head>
<body>
  <div class='ocr_page' id='page_1' title='image "./publiivirgiliim00unkngoog_0037.png"; bbox 0 0 3050 4934; ppageno 0'>
   <div class='ocr_carea' id='block_1_1' title="bbox 461 245 1945 314">
    <p class='ocr_par' dir='ltr' id='par_1_1' title="bbox 461 245 1945 314">
     <span class='ocr_line' id='line_1_1' title="bbox 461 245 1945 314; baseline 0 0"><span class='ocrx_word' id='word_1_1' title='bbox 461 251 550 314; x_wconf 77' lang='lat'><strong>26</strong></span> <span class='ocrx_word' id='word_1_2' title='bbox 1297 245 1945 314; x_wconf 86' lang='lat' dir='ltr'>BUCOLICON</span> 
     </span>
    </p>
   </div>
   <div class='ocr_carea' id='block_1_2' title="bbox 458 395 2795 1891">
    <p class='ocr_par' dir='ltr' id='par_1_2' title="bbox 460 395 2783 1664">
     <span class='ocr_line' id='line_1_2' title="bbox 460 395 2783 464; baseline -0.003 -15"><span class='ocrx_word' id='word_1_3' title='bbox 460 399 624 449; x_wconf 82' lang='lat' dir='ltr'><strong>Etiam</strong></span> <span class='ocrx_word' id='word_1_4' title='bbox 649 399 703 448; x_wconf 90' lang='lat' dir='ltr'><strong>in</strong></span> <span class='ocrx_word' id='word_1_5' title='bbox 723 401 870 464; x_wconf 80' lang='lat' dir='ltr'><strong>hujus</strong></span> <span class='ocrx_word' id='word_1_6' title='bbox 891 399 1072 464; x_wconf 66' lang='lat' dir='ltr'><strong>eclogae</strong></span> <span class='ocrx_word' id='word_1_7' title='bbox 1092 398 1326 464; x_wconf 76' lang='lat' dir='ltr'><strong>allegoria</strong></span> <span class='ocrx_word' id='word_1_8' title='bbox 1345 399 1681 464; x_wconf 80' lang='lat' dir='ltr'><strong>exsculpenda</strong></span> <span class='ocrx_word' id='word_1_9' title='bbox 1702 399 1897 450; x_wconf 79' lang='lat' dir='ltr'><strong>molesti</strong></span> <span class='ocrx_word' id='word_1_10' title='bbox 1918 399 2056 450; x_wconf 84' lang='lat' dir='ltr'><strong>fuere</strong></span> <span class='ocrx_word' id='word_1_11' title='bbox 2076 399 2386 464; x_wconf 81' lang='lat' dir='ltr'><strong>interpretes.</strong></span> <span class='ocrx_word' id='word_1_12' title='bbox 2437 397 2499 446; x_wconf 88' lang='lat' dir='ltr'><strong>In</strong></span> <span class='ocrx_word' id='word_1_13' title='bbox 2516 395 2783 464; x_wconf 72' lang='lat' dir='ltr'><strong>Daphnide</strong></span> 
     </span>
     <span class='ocr_line' id='line_1_3' title="bbox 521 465 2781 545; baseline -0.002 -17"><span class='ocrx_word' id='word_1_14' title='bbox 521 480 744 545; x_wconf 81' lang='lat' dir='ltr'>plerique</span> <span class='ocrx_word' id='word_1_15' title='bbox 761 465 950 530; x_wconf 64' lang='lat' dir='ltr'><strong>J‘ulium</strong></span> <span class='ocrx_word' id='word_1_16' title='bbox 971 481 1230 539; x_wconf 80' lang='lat' dir='ltr'><strong>Caesarern,</strong></span> <span class='ocrx_word' id='word_1_17' title='bbox 1250 482 1452 543; x_wconf 85' lang='lat' dir='ltr'><strong>ejusque</strong></span> <span class='ocrx_word' id='word_1_18' title='bbox 1475 495 1647 529; x_wconf 84' lang='lat' dir='ltr'>necem</span> <span class='ocrx_word' id='word_1_19' title='bbox 1667 488 1717 528; x_wconf 90' lang='lat' dir='ltr'><strong>et</strong></span> <span class='ocrx_word' id='word_1_20' title='bbox 1734 479 2051 545; x_wconf 72' lang='lat' dir='ltr'><strong>apotheosim</strong></span> <span class='ocrx_word' id='word_1_21' title='bbox 2086 479 2311 528; x_wconf 85' lang='lat' dir='ltr'><strong>nonnulli</strong></span> <span class='ocrx_word' id='word_1_22' title='bbox 2338 477 2561 527; x_wconf 87' lang='lat' dir='ltr'><strong>Maronis</strong></span> <span class='ocrx_word' id='word_1_23' title='bbox 2580 477 2781 525; x_wconf 82' lang='lat' dir='ltr'><strong>fratrem</strong></span> 
     </span>
     <span class='ocr_line' id='line_1_4' title="bbox 527 556 2781 620; baseline -0.002 -11"><span class='ocrx_word' id='word_1_24' title='bbox 527 561 771 620; x_wconf 80' lang='lat' dir='ltr'><strong>Flaccum,</strong></span> <span class='ocrx_word' id='word_1_25' title='bbox 795 577 912 610; x_wconf 87' lang='lat' dir='ltr'><strong>mox</strong></span> <span class='ocrx_word' id='word_1_26' title='bbox 941 561 1092 609; x_wconf 88' lang='lat' dir='ltr'><strong>etiam</strong></span> <span class='ocrx_word' id='word_1_27' title='bbox 1121 559 1446 616; x_wconf 67' lang='lat' dir='ltr'><strong>Quinctilium</strong></span> <span class='ocrx_word' id='word_1_28' title='bbox 1479 561 1880 619; x_wconf 70' lang='lat' dir='ltr'>Cremonensem,</span> <span class='ocrx_word' id='word_1_29' title='bbox 1906 559 2011 609; x_wconf 78' lang='lat' dir='ltr'><strong>sive</strong></span> <span class='ocrx_word' id='word_1_30' title='bbox 2047 560 2196 609; x_wconf 84' lang='lat' dir='ltr'><strong>etiam</strong></span> <span class='ocrx_word' id='word_1_31' title='bbox 2231 559 2555 614; x_wconf 84' lang='lat' dir='ltr'><strong>Quinctilium</strong></span> <span class='ocrx_word' id='word_1_32' title='bbox 2575 556 2781 614; x_wconf 85' lang='lat' dir='ltr'><strong>Varum,</strong></span> 
     </span>
     <span class='ocr_line' id='line_1_5' title="bbox 523 637 2780 704; baseline -0.002 -16"><span class='ocrx_word' id='word_1_33' title='bbox 523 639 642 690; x_wconf 85' lang='lat' dir='ltr'><strong>item</strong></span> <span class='ocrx_word' id='word_1_34' title='bbox 677 641 978 700; x_wconf 88' lang='lat' dir='ltr'><strong>Saloninum,</strong></span> <span class='ocrx_word' id='word_1_35' title='bbox 1012 640 1248 690; x_wconf 85' lang='lat' dir='ltr'><strong>Pollionis</strong></span> <span class='ocrx_word' id='word_1_36' title='bbox 1279 641 1450 699; x_wconf 87' lang='lat' dir='ltr'><strong>filium,</strong></span> <span class='ocrx_word' id='word_1_37' title='bbox 1479 641 1837 704; x_wconf 74' lang='lat' dir='ltr'><strong>quaesiverunt3</strong></span> <span class='ocrx_word' id='word_1_38' title='bbox 1874 649 1931 688; x_wconf 88' lang='lat' dir='ltr'><strong>ut</strong></span> <span class='ocrx_word' id='word_1_39' title='bbox 1958 639 2143 689; x_wconf 81' lang='lat' dir='ltr'><strong>Catroei</strong></span> <span class='ocrx_word' id='word_1_40' title='bbox 2166 639 2469 701; x_wconf 84' lang='lat' dir='ltr'><strong>aliorumque</strong></span> <span class='ocrx_word' id='word_1_41' title='bbox 2491 637 2681 688; x_wconf 83' lang='lat' dir='ltr'><strong>somnia</strong></span> <span class='ocrx_word' id='word_1_42' title='bbox 2705 645 2780 684; x_wconf 81' lang='lat' dir='ltr'><strong>ta-</strong></span> 
     </span>
     <span class='ocr_line' id='line_1_6' title="bbox 521 718 2783 784; baseline -0.002 -15"><span class='ocrx_word' id='word_1_43' title='bbox 521 737 672 770; x_wconf 85' lang='lat' dir='ltr'><strong>ceam.</strong></span> <span class='ocrx_word' id='word_1_44' title='bbox 728 721 873 777; x_wconf 86' lang='lat' dir='ltr'><strong>Quod</strong></span> <span class='ocrx_word' id='word_1_45' title='bbox 889 722 932 770; x_wconf 87' lang='lat' dir='ltr'><strong>si</strong></span> <span class='ocrx_word' id='word_1_46' title='bbox 955 721 1176 770; x_wconf 85' lang='lat' dir='ltr'><strong>altiorem</strong></span> <span class='ocrx_word' id='word_1_47' title='bbox 1199 737 1346 784; x_wconf 84' lang='lat' dir='ltr'><strong>quam</strong></span> <span class='ocrx_word' id='word_1_48' title='bbox 1361 722 1621 771; x_wconf 85' lang='lat' dir='ltr'><strong>verborum</strong></span> <span class='ocrx_word' id='word_1_49' title='bbox 1640 721 1765 769; x_wconf 84' lang='lat' dir='ltr'><strong>ratio</strong></span> <span class='ocrx_word' id='word_1_50' title='bbox 1782 721 1879 770; x_wconf 81' lang='lat' dir='ltr'><strong>fert</strong></span> <span class='ocrx_word' id='word_1_51' title='bbox 1894 720 2189 770; x_wconf 82' lang='lat' dir='ltr'><strong>sententiam</strong></span> <span class='ocrx_word' id='word_1_52' title='bbox 2206 721 2517 784; x_wconf 80' lang='lat' dir='ltr'><strong>quaerendam</strong></span> <span class='ocrx_word' id='word_1_53' title='bbox 2538 726 2697 783; x_wconf 85' lang='lat' dir='ltr'><strong>putes,</strong></span> <span class='ocrx_word' id='word_1_54' title='bbox 2716 718 2783 766; x_wconf 87' lang='lat' dir='ltr'><strong>ad</strong></span> 
     </span>
     <span class='ocr_line' id='line_1_7' title="bbox 523 798 2783 866; baseline -0.002 -16"><span class='ocrx_word' id='word_1_55' title='bbox 523 802 771 850; x_wconf 78' lang='lat' dir='ltr'><strong>Coesarem</strong></span> <span class='ocrx_word' id='word_1_56' title='bbox 793 811 850 849; x_wconf 91' lang='lat' dir='ltr'><strong>ut</strong></span> <span class='ocrx_word' id='word_1_57' title='bbox 871 809 1015 866; x_wconf 86' lang='lat' dir='ltr'><strong>putes</strong></span> <span class='ocrx_word' id='word_1_58' title='bbox 1035 810 1232 865; x_wconf 81' lang='lat' dir='ltr'><strong>poetam</strong></span> <span class='ocrx_word' id='word_1_59' title='bbox 1253 800 1546 865; x_wconf 72' lang='lat' dir='ltr'><strong>respexisse,</strong></span> <span class='ocrx_word' id='word_1_60' title='bbox 1563 801 1718 850; x_wconf 83' lang='lat' dir='ltr'><strong>feram</strong></span> <span class='ocrx_word' id='word_1_61' title='bbox 1736 801 1990 864; x_wconf 79' lang='lat' dir='ltr'><strong>equidem3</strong></span> <span class='ocrx_word' id='word_1_62' title='bbox 2020 801 2165 850; x_wconf 89' lang='lat' dir='ltr'><strong>modo</strong></span> <span class='ocrx_word' id='word_1_63' title='bbox 2188 815 2289 850; x_wconf 89' lang='lat' dir='ltr'><strong>non</strong></span> <span class='ocrx_word' id='word_1_64' title='bbox 2310 799 2505 864; x_wconf 78' lang='lat' dir='ltr'><strong>singula</strong></span> <span class='ocrx_word' id='word_1_65' title='bbox 2520 798 2783 862; x_wconf 79' lang='lat' dir='ltr'><strong>allegorice</strong></span> 
     </span>
     <span class='ocr_line' id='line_1_8' title="bbox 523 878 2778 946; baseline 0.001 -18"><span class='ocrx_word' id='word_1_66' title='bbox 523 880 840 946; x_wconf 80' lang='lat' dir='ltr'><strong>interpretari</strong></span> <span class='ocrx_word' id='word_1_67' title='bbox 855 881 1014 930; x_wconf 70' lang='lat' dir='ltr'><strong>ausint</strong></span> <span class='ocrx_word' id='word_1_68' title='bbox 1051 881 1233 930; x_wconf 85' lang='lat' dir='ltr'><strong>inferre</strong></span> <span class='ocrx_word' id='word_1_69' title='bbox 1253 881 1385 929; x_wconf 89' lang='lat' dir='ltr'><strong>enim</strong></span> <span class='ocrx_word' id='word_1_70' title='bbox 1400 881 1463 928; x_wconf 92' lang='lat' dir='ltr'><strong>de</strong></span> <span class='ocrx_word' id='word_1_71' title='bbox 1481 897 1571 930; x_wconf 79' lang='lat' dir='ltr'><strong>suo</strong></span> <span class='ocrx_word' id='word_1_72' title='bbox 1589 880 1775 944; x_wconf 84' lang='lat' dir='ltr'><strong>aliquid</strong></span> <span class='ocrx_word' id='word_1_73' title='bbox 1793 879 1955 940; x_wconf 81' lang='lat' dir='ltr'><strong>alieni,</strong></span> <span class='ocrx_word' id='word_1_74' title='bbox 1974 880 2104 944; x_wconf 87' lang='lat' dir='ltr'><strong>quod</strong></span> <span class='ocrx_word' id='word_1_75' title='bbox 2126 896 2226 928; x_wconf 89' lang='lat' dir='ltr'><strong>non</strong></span> <span class='ocrx_word' id='word_1_76' title='bbox 2247 880 2300 929; x_wconf 91' lang='lat' dir='ltr'><strong>in</strong></span> <span class='ocrx_word' id='word_1_77' title='bbox 2320 879 2430 944; x_wconf 82' lang='lat' dir='ltr'><strong>ipso</strong></span> <span class='ocrx_word' id='word_1_78' title='bbox 2451 878 2666 927; x_wconf 81' lang='lat' dir='ltr'><strong>carmine</strong></span> <span class='ocrx_word' id='word_1_79' title='bbox 2688 878 2778 931; x_wconf 63' lang='lat' dir='ltr'><strong>ha-</strong></span> 
     </span>
     <span class='ocr_line' id='line_1_9' title="bbox 523 958 2780 1026; baseline -0.001 -16"><span class='ocrx_word' id='word_1_80' title='bbox 523 962 683 1020; x_wconf 88' lang='lat' dir='ltr'><strong>betur,</strong></span> <span class='ocrx_word' id='word_1_81' title='bbox 702 977 801 1009; x_wconf 88' lang='lat' dir='ltr'><strong>non</strong></span> <span class='ocrx_word' id='word_1_82' title='bbox 821 969 897 1011; x_wconf 86' lang='lat' dir='ltr'><strong>est</strong></span> <span class='ocrx_word' id='word_1_83' title='bbox 913 961 1026 1010; x_wconf 90' lang='lat' dir='ltr'><strong>boni</strong></span> <span class='ocrx_word' id='word_1_84' title='bbox 1047 961 1360 1026; x_wconf 77' lang='lat' dir='ltr'><strong>interpretis3</strong></span> <span class='ocrx_word' id='word_1_85' title='bbox 1395 960 1476 1010; x_wconf 89' lang='lat' dir='ltr'><strong>cui</strong></span> <span class='ocrx_word' id='word_1_86' title='bbox 1493 960 1614 1010; x_wconf 77' lang='lat' dir='ltr'><strong>satis</strong></span> <span class='ocrx_word' id='word_1_87' title='bbox 1632 976 1738 1009; x_wconf 82' lang='lat' dir='ltr'><strong>esse</strong></span> <span class='ocrx_word' id='word_1_88' title='bbox 1756 960 1915 1020; x_wconf 89' lang='lat' dir='ltr'><strong>debet,</strong></span> <span class='ocrx_word' id='word_1_89' title='bbox 1935 961 2113 1010; x_wconf 86' lang='lat' dir='ltr'><strong>elicere</strong></span> <span class='ocrx_word' id='word_1_90' title='bbox 2132 977 2192 1010; x_wconf 84' lang='lat' dir='ltr'><strong>ea</strong></span> <span class='ocrx_word' id='word_1_91' title='bbox 2208 977 2316 1024; x_wconf 82' lang='lat' dir='ltr'><strong>quae</strong></span> <span class='ocrx_word' id='word_1_92' title='bbox 2332 961 2385 1008; x_wconf 88' lang='lat' dir='ltr'><strong>in</strong></span> <span class='ocrx_word' id='word_1_93' title='bbox 2408 958 2623 1009; x_wconf 82' lang='lat' dir='ltr'><strong>carmine</strong></span> <span class='ocrx_word' id='word_1_94' title='bbox 2646 967 2780 1017; x_wconf 78' lang='lat' dir='ltr'><strong>sunt,</strong></span> 
     </span>
     <span class='ocr_line' id='line_1_10' title="bbox 525 1039 2779 1106; baseline -0.001 -17"><span class='ocrx_word' id='word_1_95' title='bbox 525 1056 626 1090; x_wconf 89' lang='lat' dir='ltr'><strong>non</strong></span> <span class='ocrx_word' id='word_1_96' title='bbox 647 1057 705 1091; x_wconf 86' lang='lat' dir='ltr'><strong>ea</strong></span> <span class='ocrx_word' id='word_1_97' title='bbox 721 1057 830 1105; x_wconf 76' lang='lat' dir='ltr'><strong>quae</strong></span> <span class='ocrx_word' id='word_1_98' title='bbox 845 1051 962 1091; x_wconf 85' lang='lat' dir='ltr'><strong>sunt</strong></span> <span class='ocrx_word' id='word_1_99' title='bbox 979 1051 1120 1090; x_wconf 79' lang='lat' dir='ltr'><strong>extra</strong></span> <span class='ocrx_word' id='word_1_100' title='bbox 1135 1056 1332 1090; x_wconf 87' lang='lat' dir='ltr'><strong>carmen</strong></span> <span class='ocrx_word' id='word_1_101' title='bbox 1355 1041 1553 1090; x_wconf 78' lang='lat' dir='ltr'><strong>inferre.</strong></span> <span class='ocrx_word' id='word_1_102' title='bbox 1601 1041 1658 1090; x_wconf 84' lang='lat' dir='ltr'><strong>Si</strong></span> <span class='ocrx_word' id='word_1_103' title='bbox 1682 1055 1881 1090; x_wconf 83' lang='lat' dir='ltr'><strong>carmen</strong></span> <span class='ocrx_word' id='word_1_104' title='bbox 1910 1041 2075 1090; x_wconf 83' lang='lat' dir='ltr'><strong>animo</strong></span> <span class='ocrx_word' id='word_1_105' title='bbox 2100 1042 2162 1090; x_wconf 83' lang='lat' dir='ltr'><strong>ab</strong></span> <span class='ocrx_word' id='word_1_106' title='bbox 2188 1039 2420 1106; x_wconf 84' lang='lat' dir='ltr'><strong>opinione</strong></span> <span class='ocrx_word' id='word_1_107' title='bbox 2442 1055 2597 1090; x_wconf 82' lang='lat' dir='ltr'><strong>vacuo</strong></span> <span class='ocrx_word' id='word_1_108' title='bbox 2622 1049 2672 1088; x_wconf 90' lang='lat' dir='ltr'><strong>et</strong></span> <span class='ocrx_word' id='word_1_109' title='bbox 2696 1039 2779 1087; x_wconf 86' lang='lat' dir='ltr'><strong>in-</strong></span> 
     </span>
     <span class='ocr_line' id='line_1_11' title="bbox 523 1119 2779 1187; baseline -0.002 -17"><span class='ocrx_word' id='word_1_110' title='bbox 523 1130 655 1170; x_wconf 81' lang='lat' dir='ltr'><strong>tacto</strong></span> <span class='ocrx_word' id='word_1_111' title='bbox 675 1122 899 1185; x_wconf 78' lang='lat' dir='ltr'><strong>legimus,</strong></span> <span class='ocrx_word' id='word_1_112' title='bbox 923 1121 1048 1171; x_wconf 87' lang='lat' dir='ltr'><strong>nihil</strong></span> <span class='ocrx_word' id='word_1_113' title='bbox 1071 1122 1204 1172; x_wconf 88' lang='lat' dir='ltr'><strong>aliud</strong></span> <span class='ocrx_word' id='word_1_114' title='bbox 1223 1130 1369 1186; x_wconf 81' lang='lat' dir='ltr'><strong>poeta</strong></span> <span class='ocrx_word' id='word_1_115' title='bbox 1387 1130 1635 1187; x_wconf 80' lang='lat' dir='ltr'><strong>spectasse</strong></span> <span class='ocrx_word' id='word_1_116' title='bbox 1656 1120 1815 1170; x_wconf 79' lang='lat' dir='ltr'><strong>videri</strong></span> <span class='ocrx_word' id='word_1_117' title='bbox 1836 1131 2001 1186; x_wconf 72' lang='lat' dir='ltr'><strong>potest</strong></span> <span class='ocrx_word' id='word_1_118' title='bbox 2022 1137 2171 1184; x_wconf 85' lang='lat' dir='ltr'><strong>quam</strong></span> <span class='ocrx_word' id='word_1_119' title='bbox 2192 1129 2249 1169; x_wconf 81' lang='lat' dir='ltr'><strong>ut</strong></span> <span class='ocrx_word' id='word_1_120' title='bbox 2269 1119 2549 1168; x_wconf 83' lang='lat' dir='ltr'><strong>Theocritei</strong></span> <span class='ocrx_word' id='word_1_121' title='bbox 2572 1119 2737 1182; x_wconf 86' lang='lat' dir='ltr'><strong>Idyllii</strong></span> <span class='ocrx_word' id='word_1_122' title='bbox 2761 1119 2779 1166; x_wconf 90' lang='lat' dir='ltr'><strong>i</strong></span> 
     </span>
     <span class='ocr_line' id='line_1_12' title="bbox 523 1199 2778 1266; baseline -0.001 -16"><span class='ocrx_word' id='word_1_123' title='bbox 523 1211 576 1250; x_wconf 88' lang='lat' dir='ltr'><strong>et</strong></span> <span class='ocrx_word' id='word_1_124' title='bbox 593 1201 680 1250; x_wconf 86' lang='lat' dir='ltr'><strong>xix</strong></span> <span class='ocrx_word' id='word_1_125' title='bbox 694 1202 1016 1251; x_wconf 82' lang='lat' dir='ltr'><strong>imitationem</strong></span> <span class='ocrx_word' id='word_1_126' title='bbox 1037 1201 1343 1258; x_wconf 56' lang='lat' dir='ltr'><strong>instituet-eu</strong></span> <span class='ocrx_word' id='word_1_127' title='bbox 1379 1211 1444 1260; x_wconf 87' lang='lat' dir='ltr'><strong>et,</strong></span> <span class='ocrx_word' id='word_1_128' title='bbox 1459 1209 1517 1250; x_wconf 81' lang='lat' dir='ltr'><strong>ut</strong></span> <span class='ocrx_word' id='word_1_129' title='bbox 1529 1202 1715 1264; x_wconf 77' lang='lat' dir='ltr'><strong>Ecloga</strong></span> <span class='ocrx_word' id='word_1_130' title='bbox 1732 1202 1879 1250; x_wconf 80' lang='lat' dir='ltr'><strong>tertia</strong></span> <span class='ocrx_word' id='word_1_131' title='bbox 1897 1203 2020 1250; x_wconf 88' lang='lat' dir='ltr'><strong>duos</strong></span> <span class='ocrx_word' id='word_1_132' title='bbox 2038 1211 2259 1266; x_wconf 85' lang='lat' dir='ltr'><strong>pastores</strong></span> <span class='ocrx_word' id='word_1_133' title='bbox 2276 1216 2305 1248; x_wconf 85' lang='lat' dir='ltr'><strong>a</strong></span> <span class='ocrx_word' id='word_1_134' title='bbox 2323 1199 2558 1248; x_wconf 86' lang='lat' dir='ltr'><strong>conviciis</strong></span> <span class='ocrx_word' id='word_1_135' title='bbox 2575 1199 2637 1247; x_wconf 89' lang='lat' dir='ltr'><strong>ad</strong></span> <span class='ocrx_word' id='word_1_136' title='bbox 2658 1215 2778 1247; x_wconf 81' lang='lat' dir='ltr'><strong>can-</strong></span> 
     </span>
     <span class='ocr_line' id='line_1_13' title="bbox 525 1280 2781 1346; baseline -0.001 -16"><span class='ocrx_word' id='word_1_137' title='bbox 525 1290 630 1330; x_wconf 87' lang='lat' dir='ltr'><strong>tum</strong></span> <span class='ocrx_word' id='word_1_138' title='bbox 651 1297 950 1346; x_wconf 74' lang='lat' dir='ltr'><strong>progrressos,</strong></span> <span class='ocrx_word' id='word_1_139' title='bbox 974 1280 1045 1330; x_wconf 82' lang='lat' dir='ltr'><strong>ita</strong></span> <span class='ocrx_word' id='word_1_140' title='bbox 1065 1281 1146 1329; x_wconf 90' lang='lat' dir='ltr'><strong>hic</strong></span> <span class='ocrx_word' id='word_1_141' title='bbox 1169 1281 1292 1330; x_wconf 86' lang='lat' dir='ltr'><strong>duos</strong></span> <span class='ocrx_word' id='word_1_142' title='bbox 1317 1281 1438 1329; x_wconf 86' lang='lat' dir='ltr'><strong>alios</strong></span> <span class='ocrx_word' id='word_1_143' title='bbox 1465 1290 1686 1345; x_wconf 86' lang='lat' dir='ltr'><strong>pastores</strong></span> <span class='ocrx_word' id='word_1_144' title='bbox 1714 1297 1745 1330; x_wconf 88' lang='lat' dir='ltr'><strong>a</strong></span> <span class='ocrx_word' id='word_1_145' title='bbox 1770 1280 1954 1330; x_wconf 85' lang='lat' dir='ltr'><strong>mutuis</strong></span> <span class='ocrx_word' id='word_1_146' title='bbox 1985 1280 2211 1330; x_wconf 84' lang='lat' dir='ltr'><strong>laudibus</strong></span> <span class='ocrx_word' id='word_1_147' title='bbox 2242 1281 2305 1328; x_wconf 78' lang='lat' dir='ltr'><strong>ad</strong></span> <span class='ocrx_word' id='word_1_148' title='bbox 2332 1289 2505 1328; x_wconf 81' lang='lat' dir='ltr'><strong>cantus</strong></span> <span class='ocrx_word' id='word_1_149' title='bbox 2530 1289 2781 1328; x_wconf 86' lang='lat' dir='ltr'><strong>certamen</strong></span> 
     </span>
     <span class='ocr_line' id='line_1_14' title="bbox 521 1358 2778 1427; baseline -0.001 -17"><span class='ocrx_word' id='word_1_150' title='bbox 521 1361 844 1427; x_wconf 77' lang='lat' dir='ltr'><strong>procedentes</strong></span> <span class='ocrx_word' id='word_1_151' title='bbox 865 1361 1134 1410; x_wconf 82' lang='lat' dir='ltr'><strong>induceret.</strong></span> <span class='ocrx_word' id='word_1_152' title='bbox 1176 1361 1360 1409; x_wconf 86' lang='lat' dir='ltr'><strong>Noster</strong></span> <span class='ocrx_word' id='word_1_153' title='bbox 1381 1375 1500 1410; x_wconf 82' lang='lat' dir='ltr'><strong>vero</strong></span> <span class='ocrx_word' id='word_1_154' title='bbox 1521 1370 1667 1424; x_wconf 84' lang='lat' dir='ltr'><strong>poeta</strong></span> <span class='ocrx_word' id='word_1_155' title='bbox 1688 1370 2031 1423; x_wconf 77' lang='lat' dir='ltr'><strong>argumentum</strong></span> <span class='ocrx_word' id='word_1_156' title='bbox 2052 1360 2365 1425; x_wconf 80' lang='lat' dir='ltr'><strong>pastoritium</strong></span> <span class='ocrx_word' id='word_1_157' title='bbox 2387 1359 2584 1407; x_wconf 84' lang='lat' dir='ltr'><strong>heroico</strong></span> <span class='ocrx_word' id='word_1_158' title='bbox 2606 1358 2778 1422; x_wconf 75' lang='lat' dir='ltr'><strong>generi</strong></span> 
     </span>
     <span class='ocr_line' id='line_1_15' title="bbox 523 1439 2779 1505; baseline -0.001 -15"><span class='ocrx_word' id='word_1_159' title='bbox 523 1441 728 1505; x_wconf 87' lang='lat' dir='ltr'><strong>propius</strong></span> <span class='ocrx_word' id='word_1_160' title='bbox 750 1440 980 1500; x_wconf 83' lang='lat' dir='ltr'><strong>admovit,</strong></span> <span class='ocrx_word' id='word_1_161' title='bbox 1013 1441 1160 1504; x_wconf 90' lang='lat' dir='ltr'><strong>idque</strong></span> <span class='ocrx_word' id='word_1_162' title='bbox 1187 1439 1258 1490; x_wconf 77' lang='lat' dir='ltr'><strong>ita</strong></span> <span class='ocrx_word' id='word_1_163' title='bbox 1280 1439 1517 1498; x_wconf 70' lang='lat' dir='ltr'><strong>nactavit,</strong></span> <span class='ocrx_word' id='word_1_164' title='bbox 1543 1439 1749 1498; x_wconf 79' lang='lat' dir='ltr'><strong>ornavit,</strong></span> <span class='ocrx_word' id='word_1_165' title='bbox 1784 1449 1835 1488; x_wconf 88' lang='lat' dir='ltr'><strong>et</strong></span> <span class='ocrx_word' id='word_1_166' title='bbox 1860 1439 2191 1505; x_wconf 81' lang='lat' dir='ltr'><strong>amplificavit,</strong></span> <span class='ocrx_word' id='word_1_167' title='bbox 2217 1449 2274 1488; x_wconf 90' lang='lat' dir='ltr'><strong>ut</strong></span> <span class='ocrx_word' id='word_1_168' title='bbox 2298 1455 2591 1502; x_wconf 76' lang='lat' dir='ltr'><strong>generosum</strong></span> <span class='ocrx_word' id='word_1_169' title='bbox 2618 1449 2779 1504; x_wconf 79' lang='lat' dir='ltr'><strong>poetae</strong></span> 
     </span>
     <span class='ocr_line' id='line_1_16' title="bbox 522 1519 2773 1586; baseline -0 -17"><span class='ocrx_word' id='word_1_170' title='bbox 522 1521 652 1586; x_wconf 87' lang='lat' dir='ltr'><strong>epici</strong></span> <span class='ocrx_word' id='word_1_171' title='bbox 670 1521 898 1585; x_wconf 86' lang='lat' dir='ltr'><strong>spiritum</strong></span> <span class='ocrx_word' id='word_1_172' title='bbox 921 1520 1061 1570; x_wconf 77' lang='lat' dir='ltr'><strong>facile</strong></span> <span class='ocrx_word' id='word_1_173' title='bbox 1081 1521 1136 1569; x_wconf 89' lang='lat' dir='ltr'><strong>in</strong></span> <span class='ocrx_word' id='word_1_174' title='bbox 1159 1537 1218 1570; x_wconf 93' lang='lat' dir='ltr'><strong>eo</strong></span> <span class='ocrx_word' id='word_1_175' title='bbox 1239 1536 1501 1585; x_wconf 57' lang='lat' dir='ltr'><strong>agnoscam</strong></span> <span class='ocrx_word' id='word_1_176' title='bbox 1528 1536 1805 1584; x_wconf 86' lang='lat' dir='ltr'><strong>quanquam</strong></span> <span class='ocrx_word' id='word_1_177' title='bbox 1828 1521 2035 1586; x_wconf 68' lang='lat' dir='ltr'><strong>singulte</strong></span> <span class='ocrx_word' id='word_1_178' title='bbox 2055 1536 2221 1568; x_wconf 89' lang='lat' dir='ltr'><strong>rerum</strong></span> <span class='ocrx_word' id='word_1_179' title='bbox 2242 1519 2481 1582; x_wconf 78' lang='lat' dir='ltr'><strong>imag-ines</strong></span> <span class='ocrx_word' id='word_1_180' title='bbox 2504 1527 2556 1568; x_wconf 82' lang='lat' dir='ltr'><strong>et</strong></span> <span class='ocrx_word' id='word_1_181' title='bbox 2575 1521 2773 1570; x_wconf 85' lang='lat' dir='ltr'><strong>charac-</strong></span> 
     </span>
     <span class='ocr_line' id='line_1_17' title="bbox 523 1599 2253 1664; baseline -0.001 -14"><span class='ocrx_word' id='word_1_182' title='bbox 523 1611 654 1650; x_wconf 82' lang='lat' dir='ltr'><strong>teres</strong></span> <span class='ocrx_word' id='word_1_183' title='bbox 676 1617 740 1650; x_wconf 80' lang='lat' dir='ltr'><strong>ex</strong></span> <span class='ocrx_word' id='word_1_184' title='bbox 761 1599 1208 1664; x_wconf 78' lang='lat' dir='ltr'><strong>antiquissimorum</strong></span> <span class='ocrx_word' id='word_1_185' title='bbox 1231 1600 1504 1650; x_wconf 80' lang='lat' dir='ltr'><strong>carminum</strong></span> <span class='ocrx_word' id='word_1_186' title='bbox 1523 1600 1687 1648; x_wconf 90' lang='lat' dir='ltr'><strong>indole</strong></span> <span class='ocrx_word' id='word_1_187' title='bbox 1712 1609 1763 1649; x_wconf 87' lang='lat' dir='ltr'><strong>et</strong></span> <span class='ocrx_word' id='word_1_188' title='bbox 1782 1601 1945 1650; x_wconf 89' lang='lat' dir='ltr'><strong>colore</strong></span> <span class='ocrx_word' id='word_1_189' title='bbox 1966 1600 2101 1649; x_wconf 83' lang='lat' dir='ltr'><strong>ducti</strong></span> <span class='ocrx_word' id='word_1_190' title='bbox 2124 1609 2253 1649; x_wconf 82' lang='lat' dir='ltr'><strong>sunt.</strong></span> 
     </span>
    </p>

    <p class='ocr_par' dir='ltr' id='par_1_3' title="bbox 458 1679 2795 1891">
     <span class='ocr_line' id='line_1_18' title="bbox 458 1679 2777 1746; baseline -0.001 -15"><span class='ocrx_word' id='word_1_191' title='bbox 458 1683 636 1741; x_wconf 82' lang='lat' dir='ltr'><strong>Locus,</strong></span> <span class='ocrx_word' id='word_1_192' title='bbox 664 1681 716 1729; x_wconf 89' lang='lat' dir='ltr'><strong>in</strong></span> <span class='ocrx_word' id='word_1_193' title='bbox 743 1697 840 1745; x_wconf 86' lang='lat' dir='ltr'><strong>quo</strong></span> <span class='ocrx_word' id='word_1_194' title='bbox 866 1696 920 1730; x_wconf 82' lang='lat' dir='ltr'><strong>se</strong></span> <span class='ocrx_word' id='word_1_195' title='bbox 946 1681 1247 1730; x_wconf 83' lang='lat' dir='ltr'><strong>conveniunt</strong></span> <span class='ocrx_word' id='word_1_196' title='bbox 1265 1689 1500 1746; x_wconf 75' lang='lat' dir='ltr'><strong>pastores,</strong></span> <span class='ocrx_word' id='word_1_197' title='bbox 1525 1680 1693 1730; x_wconf 79' lang='lat' dir='ltr'><strong>statim</strong></span> <span class='ocrx_word' id='word_1_198' title='bbox 1720 1681 1781 1729; x_wconf 88' lang='lat' dir='ltr'><strong>ab</strong></span> <span class='ocrx_word' id='word_1_199' title='bbox 1808 1679 1951 1729; x_wconf 83' lang='lat' dir='ltr'><strong>initio</strong></span> <span class='ocrx_word' id='word_1_200' title='bbox 1977 1695 2155 1744; x_wconf 76' lang='lat' dir='ltr'><strong>magna</strong></span> <span class='ocrx_word' id='word_1_201' title='bbox 2180 1680 2421 1729; x_wconf 79' lang='lat' dir='ltr'><strong>suavitate</strong></span> <span class='ocrx_word' id='word_1_202' title='bbox 2450 1679 2742 1729; x_wconf 81' lang='lat' dir='ltr'><strong>describitur</strong></span> <span class='ocrx_word' id='word_1_203' title='bbox 2762 1699 2777 1729; x_wconf 73' lang='grc' dir='ltr'><em>ε</em></span> 
     </span>
     <span class='ocr_line' id='line_1_19' title="bbox 523 1759 2795 1839; baseline -0.001 -29"><span class='ocrx_word' id='word_1_204' title='bbox 523 1771 860 1811; x_wconf 83' lang='lat' dir='ltr'><strong>successerant</strong></span> <span class='ocrx_word' id='word_1_205' title='bbox 880 1771 1022 1811; x_wconf 81' lang='lat' dir='ltr'><strong>antro</strong></span> <span class='ocrx_word' id='word_1_206' title='bbox 1043 1760 1250 1826; x_wconf 78' lang='lat' dir='ltr'><strong>agrestis</strong></span> <span class='ocrx_word' id='word_1_207' title='bbox 1266 1760 1383 1810; x_wconf 80' lang='lat' dir='ltr'><strong>vitis</strong></span> <span class='ocrx_word' id='word_1_208' title='bbox 1399 1760 1685 1825; x_wconf 76' lang='lat' dir='ltr'><strong>palmitibus</strong></span> <span class='ocrx_word' id='word_1_209' title='bbox 1702 1761 1925 1810; x_wconf 80' lang='lat' dir='ltr'><strong>obducto.</strong></span> <span class='ocrx_word' id='word_1_210' title='bbox 1976 1762 2190 1810; x_wconf 82' lang='lat' dir='ltr'><strong>Carmen</strong></span> <span class='ocrx_word' id='word_1_211' title='bbox 2208 1761 2271 1810; x_wconf 87' lang='lat' dir='ltr'><strong>ad</strong></span> <span class='ocrx_word' id='word_1_212' title='bbox 2289 1776 2473 1810; x_wconf 82' lang='lat' dir='ltr'><strong>annum</strong></span> <span class='ocrx_word' id='word_1_213' title='bbox 2492 1759 2588 1812; x_wconf 78' lang='lat'><strong>712</strong></span> <span class='ocrx_word' id='word_1_214' title='bbox 2604 1760 2795 1839; x_wconf 42' lang='lat' dir='ltr'><strong>referri·</strong></span> 
     </span>
     <span class='ocr_line' id='line_1_20' title="bbox 525 1841 664 1891; baseline 0.007 -1"><span class='ocrx_word' id='word_1_215' title='bbox 525 1841 664 1891; x_wconf 79' lang='lat' dir='ltr'><strong>solet.</strong></span> 
     </span>
    </p>
   </div>
   <div class='ocr_carea' id='block_1_3' title="bbox 1190 2081 2051 2160">
    <p class='ocr_par' dir='ltr' id='par_1_4' title="bbox 1190 2081 2051 2160">
     <span class='ocr_line' id='line_1_21' title="bbox 1190 2081 2051 2160; baseline 0.001 -27"><span class='ocrx_word' id='word_1_216' title='bbox 1190 2081 1650 2160; x_wconf 48' lang='lat' dir='ltr'>MENALCAS.</span> <span class='ocrx_word' id='word_1_217' title='bbox 1720 2085 2051 2134; x_wconf 87' lang='lat' dir='ltr'><strong>MOPSUS.</strong></span> 
     </span>
    </p>
   </div>
   <div class='ocr_carea' id='block_1_4' title="bbox 1457 2283 1782 2332">
    <p class='ocr_par' dir='ltr' id='par_1_5' title="bbox 1457 2283 1782 2332">
     <span class='ocr_line' id='line_1_22' title="bbox 1457 2283 1782 2332; baseline -0.003 0"><span class='ocrx_word' id='word_1_218' title='bbox 1457 2283 1782 2332; x_wconf 64' lang='lat' dir='ltr'><strong>Mammas.</strong></span> 
     </span>
    </p>
   </div>
   <div class='ocr_carea' id='block_1_5' title="bbox 543 2376 2668 3291">
    <p class='ocr_par' dir='ltr' id='par_1_6' title="bbox 635 2376 2499 2480">
     <span class='ocr_line' id='line_1_23' title="bbox 635 2376 2499 2480; baseline 0.002 -23"><span class='ocrx_word' id='word_1_219' title='bbox 635 2376 806 2457; x_wconf 72' lang='lat' dir='ltr'><strong>Coa</strong></span> <span class='ocrx_word' id='word_1_220' title='bbox 835 2413 988 2471; x_wconf 90' lang='lat' dir='ltr'><strong>non,</strong></span> <span class='ocrx_word' id='word_1_221' title='bbox 1019 2392 1285 2478; x_wconf 82' lang='lat' dir='ltr'><strong>Mopse,</strong></span> <span class='ocrx_word' id='word_1_222' title='bbox 1316 2395 1473 2459; x_wconf 88' lang='lat' dir='ltr'><strong>boni</strong></span> <span class='ocrx_word' id='word_1_223' title='bbox 1501 2395 1809 2480; x_wconf 87' lang='lat' dir='ltr'><strong>quoniam</strong></span> <span class='ocrx_word' id='word_1_224' title='bbox 1838 2396 2251 2462; x_wconf 86' lang='lat' dir='ltr'><strong>convenimus</strong></span> <span class='ocrx_word' id='word_1_225' title='bbox 2284 2399 2499 2475; x_wconf 90' lang='lat' dir='ltr'><strong>amb0,</strong></span> 
     </span>
    </p>

    <p class='ocr_par' dir='ltr' id='par_1_7' title="bbox 633 2492 2228 2580">
     <span class='ocr_line' id='line_1_24' title="bbox 633 2492 2228 2580; baseline 0.003 -22"><span class='ocrx_word' id='word_1_226' title='bbox 633 2493 746 2559; x_wconf 88' lang='lat' dir='ltr'><strong>Tu</strong></span> <span class='ocrx_word' id='word_1_227' title='bbox 771 2492 1050 2559; x_wconf 83' lang='lat' dir='ltr'><strong>calamos</strong></span> <span class='ocrx_word' id='word_1_228' title='bbox 1081 2495 1308 2560; x_wconf 88' lang='lat' dir='ltr'><strong>inflare</strong></span> <span class='ocrx_word' id='word_1_229' title='bbox 1339 2495 1538 2573; x_wconf 76' lang='lat' dir='ltr'><strong>leveS,</strong></span> <span class='ocrx_word' id='word_1_230' title='bbox 1571 2518 1697 2580; x_wconf 84' lang='lat' dir='ltr'><strong>ego</strong></span> <span class='ocrx_word' id='word_1_231' title='bbox 1724 2497 1945 2562; x_wconf 82' lang='lat' dir='ltr'><strong>dicere</strong></span> <span class='ocrx_word' id='word_1_232' title='bbox 1976 2520 2228 2578; x_wconf 89' lang='lat' dir='ltr'><strong>versus,</strong></span> 
     </span>
    </p>

    <p class='ocr_par' dir='ltr' id='par_1_8' title="bbox 635 2594 2209 2664">
     <span class='ocr_line' id='line_1_25' title="bbox 635 2594 2209 2664; baseline 0.002 -3"><span class='ocrx_word' id='word_1_233' title='bbox 635 2595 768 2661; x_wconf 90' lang='lat' dir='ltr'><strong>Hic</strong></span> <span class='ocrx_word' id='word_1_234' title='bbox 798 2594 1036 2661; x_wconf 80' lang='lat' dir='ltr'><strong>cerulis</strong></span> <span class='ocrx_word' id='word_1_235' title='bbox 1067 2597 1302 2660; x_wconf 81' lang='lat' dir='ltr'><strong>mixtas</strong></span> <span class='ocrx_word' id='word_1_236' title='bbox 1330 2597 1502 2661; x_wconf 86' lang='lat' dir='ltr'><strong>inter</strong></span> <span class='ocrx_word' id='word_1_237' title='bbox 1529 2597 1925 2662; x_wconf 86' lang='lat' dir='ltr'><strong>considimus</strong></span> <span class='ocrx_word' id='word_1_238' title='bbox 1957 2598 2209 2664; x_wconf 69' lang='lat' dir='ltr'><strong>ulmos?</strong></span> 
     </span>
    </p>

    <p class='ocr_par' dir='ltr' id='par_1_9' title="bbox 543 2695 2611 2883">
     <span class='ocr_line' id='line_1_26' title="bbox 632 2695 2611 2784; baseline 0.005 -25"><span class='ocrx_word' id='word_1_239' title='bbox 632 2695 821 2760; x_wconf 73' lang='lat' dir='ltr'><strong>Mor.</strong></span> <span class='ocrx_word' id='word_1_240' title='bbox 869 2695 982 2760; x_wconf 89' lang='lat' dir='ltr'><strong>Tu</strong></span> <span class='ocrx_word' id='word_1_241' title='bbox 1010 2696 1252 2781; x_wconf 79' lang='lat' dir='ltr'><strong>major3</strong></span> <span class='ocrx_word' id='word_1_242' title='bbox 1299 2697 1418 2761; x_wconf 84' lang='lat' dir='ltr'><strong>tibi</strong></span> <span class='ocrx_word' id='word_1_243' title='bbox 1445 2719 1548 2762; x_wconf 89' lang='lat' dir='ltr'><strong>me</strong></span> <span class='ocrx_word' id='word_1_244' title='bbox 1580 2709 1683 2762; x_wconf 91' lang='lat' dir='ltr'><strong>est</strong></span> <span class='ocrx_word' id='word_1_245' title='bbox 1706 2720 1965 2783; x_wconf 86' lang='lat' dir='ltr'><strong>aequum</strong></span> <span class='ocrx_word' id='word_1_246' title='bbox 1993 2721 2251 2784; x_wconf 87' lang='lat' dir='ltr'><strong>parere,</strong></span> <span class='ocrx_word' id='word_1_247' title='bbox 2284 2700 2611 2781; x_wconf 81' lang='lat' dir='ltr'><strong>Menalca,</strong></span> 
     </span>
     <span class='ocr_line' id='line_1_27' title="bbox 543 2795 2361 2883; baseline 0.003 -23"><span class='ocrx_word' id='word_1_248' title='bbox 543 2798 588 2860; x_wconf 88' lang='grc'><em>5</em></span> <span class='ocrx_word' id='word_1_249' title='bbox 631 2795 782 2860; x_wconf 89' lang='lat' dir='ltr'><strong>Sive</strong></span> <span class='ocrx_word' id='word_1_250' title='bbox 814 2798 938 2861; x_wconf 91' lang='lat' dir='ltr'><strong>sub</strong></span> <span class='ocrx_word' id='word_1_251' title='bbox 967 2797 1249 2862; x_wconf 85' lang='lat' dir='ltr'><strong>incertas</strong></span> <span class='ocrx_word' id='word_1_252' title='bbox 1281 2797 1611 2883; x_wconf 86' lang='lat' dir='ltr'><strong>Zephyris</strong></span> <span class='ocrx_word' id='word_1_253' title='bbox 1640 2802 2041 2866; x_wconf 86' lang='lat' dir='ltr'><strong>mutantibus</strong></span> <span class='ocrx_word' id='word_1_254' title='bbox 2073 2803 2361 2880; x_wconf 86' lang='lat' dir='ltr'><strong>umbras,</strong></span> 
     </span>
    </p>

    <p class='ocr_par' dir='ltr' id='par_1_10' title="bbox 633 2897 2502 2987">
     <span class='ocr_line' id='line_1_28' title="bbox 633 2897 2502 2987; baseline 0.004 -27"><span class='ocrx_word' id='word_1_255' title='bbox 633 2897 783 2961; x_wconf 80' lang='lat' dir='ltr'><strong>Sive</strong></span> <span class='ocrx_word' id='word_1_256' title='bbox 815 2907 1004 2961; x_wconf 88' lang='lat' dir='ltr'><strong>antro</strong></span> <span class='ocrx_word' id='word_1_257' title='bbox 1033 2899 1252 2982; x_wconf 86' lang='lat' dir='ltr'><strong>potius</strong></span> <span class='ocrx_word' id='word_1_258' title='bbox 1283 2900 1714 2964; x_wconf 76' lang='lat' dir='ltr'><strong>succedimus,</strong></span> <span class='ocrx_word' id='word_1_259' title='bbox 1789 2898 2110 2987; x_wconf 81' lang='lat' dir='ltr'><strong>Adspice,</strong></span> <span class='ocrx_word' id='word_1_260' title='bbox 2140 2914 2216 2967; x_wconf 89' lang='lat' dir='ltr'><strong>ut</strong></span> <span class='ocrx_word' id='word_1_261' title='bbox 2244 2914 2502 2968; x_wconf 83' lang='lat' dir='ltr'><strong>antrum</strong></span> 
     </span>
    </p>

    <p class='ocr_par' dir='ltr' id='par_1_11' title="bbox 632 2996 2079 3083">
     <span class='ocr_line' id='line_1_29' title="bbox 632 2996 2079 3083; baseline 0.005 -23"><span class='ocrx_word' id='word_1_262' title='bbox 632 2996 962 3062; x_wconf 84' lang='lat' dir='ltr'><strong>Silvestris</strong></span> <span class='ocrx_word' id='word_1_263' title='bbox 991 2998 1155 3062; x_wconf 86' lang='lat' dir='ltr'><strong>raris</strong></span> <span class='ocrx_word' id='word_1_264' title='bbox 1187 3000 1427 3083; x_wconf 75' lang='lat' dir='ltr'><strong>sparsit</strong></span> <span class='ocrx_word' id='word_1_265' title='bbox 1453 2999 1760 3066; x_wconf 88' lang='lat' dir='ltr'><strong>labrusca</strong></span> <span class='ocrx_word' id='word_1_266' title='bbox 1784 3004 2079 3068; x_wconf 86' lang='lat' dir='ltr'><strong>racemis.</strong></span> 
     </span>
    </p>

    <p class='ocr_par' dir='ltr' id='par_1_12' title="bbox 631 3097 2550 3190">
     <span class='ocr_line' id='line_1_30' title="bbox 631 3097 2550 3190; baseline 0.004 -28"><span class='ocrx_word' id='word_1_267' title='bbox 631 3097 830 3162; x_wconf 76' lang='grc' dir='ltr'><strong>ΜΕΝ.</strong></span> <span class='ocrx_word' id='word_1_268' title='bbox 878 3097 1221 3164; x_wconf 86' lang='lat' dir='ltr'><strong>Montibus</strong></span> <span class='ocrx_word' id='word_1_269' title='bbox 1247 3100 1314 3162; x_wconf 89' lang='lat' dir='ltr'><strong>in</strong></span> <span class='ocrx_word' id='word_1_270' title='bbox 1345 3102 1585 3166; x_wconf 86' lang='lat' dir='ltr'><strong>nostris</strong></span> <span class='ocrx_word' id='word_1_271' title='bbox 1618 3100 1794 3166; x_wconf 89' lang='lat' dir='ltr'><strong>solus</strong></span> <span class='ocrx_word' id='word_1_272' title='bbox 1824 3104 1945 3167; x_wconf 86' lang='lat' dir='ltr'><strong>tibi</strong></span> <span class='ocrx_word' id='word_1_273' title='bbox 1970 3114 2179 3168; x_wconf 88' lang='lat' dir='ltr'><strong>certet</strong></span> <span class='ocrx_word' id='word_1_274' title='bbox 2206 3103 2550 3190; x_wconf 80' lang='lat' dir='ltr'><strong>Amyntas.</strong></span> 
     </span>
    </p>

    <p class='ocr_par' dir='ltr' id='par_1_13' title="bbox 630 3198 2668 3291">
     <span class='ocr_line' id='line_1_31' title="bbox 630 3198 2668 3291; baseline 0.005 -29"><span class='ocrx_word' id='word_1_275' title='bbox 630 3198 818 3264; x_wconf 80' lang='grc' dir='ltr'><strong>ΜοΡ.</strong></span> <span class='ocrx_word' id='word_1_276' title='bbox 867 3199 1073 3278; x_wconf 86' lang='lat' dir='ltr'><strong>Quid,</strong></span> <span class='ocrx_word' id='word_1_277' title='bbox 1107 3201 1162 3264; x_wconf 89' lang='lat' dir='ltr'><strong>si</strong></span> <span class='ocrx_word' id='word_1_278' title='bbox 1189 3201 1363 3266; x_wconf 88' lang='lat' dir='ltr'><strong>idem</strong></span> <span class='ocrx_word' id='word_1_279' title='bbox 1391 3211 1601 3267; x_wconf 81' lang='lat' dir='ltr'><strong>certet</strong></span> <span class='ocrx_word' id='word_1_280' title='bbox 1631 3202 1959 3269; x_wconf 88' lang='lat' dir='ltr'><strong>Phoebum</strong></span> <span class='ocrx_word' id='word_1_281' title='bbox 1989 3227 2301 3291; x_wconf 86' lang='lat' dir='ltr'><strong>superare</strong></span> <span class='ocrx_word' id='word_1_282' title='bbox 2328 3208 2668 3274; x_wconf 70' lang='lat' dir='ltr'><strong>canendo?</strong></span> 
     </span>
    </p>
   </div>
   <div class='ocr_carea' id='block_1_6' title="bbox 527 3381 1575 3444">
    <p class='ocr_par' dir='ltr' id='par_1_14' title="bbox 527 3381 1575 3444">
     <span class='ocr_line' id='line_1_32' title="bbox 527 3381 1575 3444; baseline 0.001 -13"><span class='ocrx_word' id='word_1_283' title='bbox 527 3385 571 3440; x_wconf 90' lang='lat'><strong>1,</strong></span> <span class='ocrx_word' id='word_1_284' title='bbox 617 3384 662 3430; x_wconf 82' lang='lat'><strong>2.</strong></span> <span class='ocrx_word' id='word_1_285' title='bbox 727 3383 1293 3443; x_wconf 63' lang='lat' dir='ltr'><strong>Boni—inflare—dicere</strong></span> <span class='ocrx_word' id='word_1_286' title='bbox 1310 3401 1326 3430; x_wconf 86' lang='grc'><strong>.-</strong></span> <span class='ocrx_word' id='word_1_287' title='bbox 1391 3381 1575 3444; x_wconf 66' lang='grc' dir='ltr'><strong>ἀγαθοὶ,</strong></span> 
     </span>
    </p>
   </div>
   <div class='ocr_carea' id='block_1_7' title="bbox 457 3443 1575 3511">
    <p class='ocr_par' dir='ltr' id='par_1_15' title="bbox 457 3443 1575 3511">
     <span class='ocr_line' id='line_1_33' title="bbox 457 3443 1575 3511; baseline 0 -15"><span class='ocrx_word' id='word_1_288' title='bbox 457 3445 638 3504; x_wconf 65' lang='grc' dir='ltr'><strong>ἐσθλοὶ.</strong></span> <span class='ocrx_word' id='word_1_289' title='bbox 671 3443 889 3509; x_wconf 71' lang='grc' dir='ltr'><strong>συρίζειν,</strong></span> <span class='ocrx_word' id='word_1_290' title='bbox 929 3445 1114 3494; x_wconf 72' lang='grc' dir='ltr'><strong>ἀείδειν.</strong></span> <span class='ocrx_word' id='word_1_291' title='bbox 1183 3447 1388 3494; x_wconf 84' lang='lat' dir='ltr'><strong>Theocr.</strong></span> <span class='ocrx_word' id='word_1_292' title='bbox 1431 3446 1575 3511; x_wconf 83' lang='lat' dir='ltr'><strong>Idyll.</strong></span> 
     </span>
    </p>
   </div>
   <div class='ocr_carea' id='block_1_8' title="bbox 455 3508 1581 3624">
    <p class='ocr_par' dir='ltr' id='par_1_16' title="bbox 455 3508 1581 3624">
     <span class='ocr_line' id='line_1_34' title="bbox 597 3508 1581 3573; baseline 0 -15"><span class='ocrx_word' id='word_1_293' title='bbox 597 3512 643 3569; x_wconf 82' lang='lat'><strong>8,</strong></span> <span class='ocrx_word' id='word_1_294' title='bbox 669 3509 844 3572; x_wconf 73' lang='grc' dir='ltr'><strong><em>Ἄμφω</em></strong></span> <span class='ocrx_word' id='word_1_295' title='bbox 879 3508 1100 3572; x_wconf 75' lang='grc' dir='ltr'><strong><em>σύρίσδεν</em></strong></span> <span class='ocrx_word' id='word_1_296' title='bbox 1135 3509 1414 3569; x_wconf 67' lang='grc' dir='ltr'><strong>δεδαημένον,</strong></span> <span class='ocrx_word' id='word_1_297' title='bbox 1439 3510 1581 3573; x_wconf 65' lang='grc' dir='ltr'><strong>ἄμφω</strong></span> 
     </span>
     <span class='ocr_line' id='line_1_35' title="bbox 455 3573 1577 3624; baseline 0 0"><span class='ocrx_word' id='word_1_298' title='bbox 455 3575 624 3624; x_wconf 63' lang='lat' dir='ltr'><strong>astoer.</strong></span> <span class='ocrx_word' id='word_1_299' title='bbox 684 3577 977 3623; x_wconf 66' lang='lat' dir='ltr'><strong>Convenimus</strong></span> <span class='ocrx_word' id='word_1_300' title='bbox 997 3574 1050 3622; x_wconf 89' lang='lat' dir='ltr'><strong>in</strong></span> <span class='ocrx_word' id='word_1_301' title='bbox 1071 3589 1226 3622; x_wconf 88' lang='lat' dir='ltr'><strong>unum</strong></span> <span class='ocrx_word' id='word_1_302' title='bbox 1249 3573 1424 3623; x_wconf 87' lang='lat' dir='ltr'><strong>locum.</strong></span> <span class='ocrx_word' id='word_1_303' title='bbox 1486 3577 1577 3624; x_wconf 78' lang='lat' dir='ltr'><strong>Ca-</strong></span> 
     </span>
    </p>
   </div>
   <div class='ocr_carea' id='block_1_9' title="bbox 451 3638 1581 4468">
    <p class='ocr_par' dir='ltr' id='par_1_17' title="bbox 453 3638 1581 3893">
     <span class='ocr_line' id='line_1_36' title="bbox 454 3638 1579 3702; baseline -0.001 -14"><span class='ocrx_word' id='word_1_304' title='bbox 454 3641 595 3688; x_wconf 71' lang='lat' dir='ltr'><strong>lamus</strong></span> <span class='ocrx_word' id='word_1_305' title='bbox 617 3641 747 3696; x_wconf 70' lang='lat' dir='ltr'><strong>leves,</strong></span> <span class='ocrx_word' id='word_1_306' title='bbox 771 3639 841 3687; x_wconf 83' lang='lat' dir='ltr'><strong>ita</strong></span> <span class='ocrx_word' id='word_1_307' title='bbox 855 3641 1022 3702; x_wconf 77' lang='lat' dir='ltr'><strong>junge,</strong></span> <span class='ocrx_word' id='word_1_308' title='bbox 1046 3648 1104 3687; x_wconf 86' lang='lat' dir='ltr'><strong>ut</strong></span> <span class='ocrx_word' id='word_1_309' title='bbox 1123 3638 1188 3687; x_wconf 86' lang='lat' dir='ltr'><strong>sit</strong></span> <span class='ocrx_word' id='word_1_310' title='bbox 1209 3639 1373 3687; x_wconf 81' lang='lat' dir='ltr'><strong>fistula</strong></span> <span class='ocrx_word' id='word_1_311' title='bbox 1394 3655 1422 3686; x_wconf 90' lang='lat' dir='ltr'><strong>e</strong></span> <span class='ocrx_word' id='word_1_312' title='bbox 1441 3639 1579 3687; x_wconf 89' lang='lat' dir='ltr'><strong>tenui</strong></span> 
     </span>
     <span class='ocr_line' id='line_1_37' title="bbox 454 3702 1579 3766; baseline 0.001 -15"><span class='ocrx_word' id='word_1_313' title='bbox 454 3703 695 3752; x_wconf 85' lang='lat' dir='ltr'><strong>arundine</strong></span> <span class='ocrx_word' id='word_1_314' title='bbox 740 3703 891 3751; x_wconf 78' lang='lat' dir='ltr'><strong>facta:</strong></span> <span class='ocrx_word' id='word_1_315' title='bbox 945 3703 1017 3751; x_wconf 86' lang='lat' dir='ltr'><strong>sic</strong></span> <span class='ocrx_word' id='word_1_316' title='bbox 1057 3706 1168 3752; x_wconf 70' lang='lat' dir='ltr'><strong>levis</strong></span> <span class='ocrx_word' id='word_1_317' title='bbox 1211 3711 1287 3752; x_wconf 79' lang='lat' dir='ltr'><strong>est</strong></span> <span class='ocrx_word' id='word_1_318' title='bbox 1327 3702 1579 3766; x_wconf 84' lang='lat' dir='ltr'><strong>epitheton</strong></span> 
     </span>
     <span class='ocr_line' id='line_1_38' title="bbox 453 3766 1581 3826; baseline 0.002 -11"><span class='ocrx_word' id='word_1_319' title='bbox 453 3767 618 3826; x_wconf 88' lang='lat' dir='ltr'><strong>culmi,</strong></span> <span class='ocrx_word' id='word_1_320' title='bbox 653 3767 717 3815; x_wconf 80' lang='lat' dir='ltr'><strong>sti</strong></span> <span class='ocrx_word' id='word_1_321' title='bbox 751 3766 860 3814; x_wconf 79' lang='lat' dir='ltr'><strong>uloe.</strong></span> <span class='ocrx_word' id='word_1_322' title='bbox 931 3767 992 3814; x_wconf 88' lang='lat' dir='ltr'><strong>In</strong></span> <span class='ocrx_word' id='word_1_323' title='bbox 1029 3781 1124 3816; x_wconf 76' lang='lat' dir='ltr'><strong>vas.</strong></span> <span class='ocrx_word' id='word_1_324' title='bbox 1169 3768 1214 3823; x_wconf 78' lang='lat'><strong>3,</strong></span> <span class='ocrx_word' id='word_1_325' title='bbox 1249 3768 1295 3825; x_wconf 83' lang='lat'><strong>6,</strong></span> <span class='ocrx_word' id='word_1_326' title='bbox 1337 3768 1412 3825; x_wconf 85' lang='lat'><strong>12,</strong></span> <span class='ocrx_word' id='word_1_327' title='bbox 1447 3768 1581 3816; x_wconf 87' lang='lat' dir='ltr'><strong>color</strong></span> 
     </span>
     <span class='ocr_line' id='line_1_39' title="bbox 453 3783 1346 3893; baseline 0 -15"><span class='ocrx_word' id='word_1_328' title='bbox 453 3831 630 3880; x_wconf 80' lang='lat' dir='ltr'><strong>ductus</strong></span> <span class='ocrx_word' id='word_1_329' title='bbox 653 3846 681 3879; x_wconf 90' lang='lat' dir='ltr'><strong>e</strong></span> <span class='ocrx_word' id='word_1_330' title='bbox 703 3783 908 3878; x_wconf 61' lang='lat' dir='ltr'><strong>‘fheocn</strong></span> <span class='ocrx_word' id='word_1_331' title='bbox 933 3828 1074 3892; x_wconf 68' lang='lat' dir='ltr'><strong>Idyllz</strong></span> <span class='ocrx_word' id='word_1_332' title='bbox 1099 3830 1132 3886; x_wconf 90' lang='lat' dir='ltr'><strong>i,</strong></span> <span class='ocrx_word' id='word_1_333' title='bbox 1161 3833 1221 3876; x_wconf 82' lang='lat'><strong>12</strong></span> <span class='ocrx_word' id='word_1_334' title='bbox 1243 3845 1346 3893; x_wconf 82' lang='lat' dir='ltr'><strong>sqq.</strong></span> 
     </span>
    </p>

    <p class='ocr_par' dir='ltr' id='par_1_18' title="bbox 453 3893 1581 4148">
     <span class='ocr_line' id='line_1_40' title="bbox 519 3893 1579 3956; baseline 0 -14"><span class='ocrx_word' id='word_1_335' title='bbox 519 3897 567 3942; x_wconf 80' lang='lat'><strong>4.</strong></span> <span class='ocrx_word' id='word_1_336' title='bbox 601 3895 760 3956; x_wconf 74' lang='lat' dir='ltr'><strong>Mqior</strong></span> <span class='ocrx_word' id='word_1_337' title='bbox 789 3901 922 3942; x_wconf 83' lang='lat' dir='ltr'><strong>natu.</strong></span> <span class='ocrx_word' id='word_1_338' title='bbox 991 3893 1072 3940; x_wconf 86' lang='lat' dir='ltr'><strong>Sic</strong></span> <span class='ocrx_word' id='word_1_339' title='bbox 1105 3897 1328 3941; x_wconf 69' lang='lat' dir='ltr'><strong>maximus</strong></span> <span class='ocrx_word' id='word_1_340' title='bbox 1358 3893 1579 3942; x_wconf 80' lang='lat' dir='ltr'><strong>absolute</strong></span> 
     </span>
     <span class='ocr_line' id='line_1_41' title="bbox 453 3957 1581 4019; baseline 0 -13"><span class='ocrx_word' id='word_1_341' title='bbox 453 3957 571 4006; x_wconf 84' lang='lat' dir='ltr'><strong>AEn.</strong></span> <span class='ocrx_word' id='word_1_342' title='bbox 587 3958 670 4017; x_wconf 78' lang='lat' dir='ltr'><strong>vii,</strong></span> <span class='ocrx_word' id='word_1_343' title='bbox 686 3960 796 4006; x_wconf 80' lang='lat'><strong>532.</strong></span> <span class='ocrx_word' id='word_1_344' title='bbox 839 3959 1037 4013; x_wconf 82' lang='lat' dir='ltr'><strong>Quanto</strong></span> <span class='ocrx_word' id='word_1_345' title='bbox 1049 3957 1152 4006; x_wconf 83' lang='lat' dir='ltr'><strong>haec</strong></span> <span class='ocrx_word' id='word_1_346' title='bbox 1159 3957 1451 4019; x_wconf 62' lang='lat' dir='ltr'><strong>,iucundiora</strong></span> <span class='ocrx_word' id='word_1_347' title='bbox 1461 3967 1581 4007; x_wconf 85' lang='lat' dir='ltr'><strong>sunt</strong></span> 
     </span>
     <span class='ocr_line' id='line_1_42' title="bbox 455 4021 1579 4086; baseline 0.003 -18"><span class='ocrx_word' id='word_1_348' title='bbox 455 4021 654 4083; x_wconf 70' lang='lat' dir='ltr'><strong>Eclog‘oe</strong></span> <span class='ocrx_word' id='word_1_349' title='bbox 689 4022 845 4070; x_wconf 77' lang='lat' dir='ltr'><strong>tertiae</strong></span> <span class='ocrx_word' id='word_1_350' title='bbox 879 4021 1148 4086; x_wconf 79' lang='lat' dir='ltr'><strong>principio!</strong></span> <span class='ocrx_word' id='word_1_351' title='bbox 1183 4021 1341 4070; x_wconf 74' lang='grc' dir='ltr'><strong>Ἀλλὰ</strong></span> <span class='ocrx_word' id='word_1_352' title='bbox 1375 4021 1579 4071; x_wconf 72' lang='grc' dir='ltr'><strong>πίθεσθ’·</strong></span> 
     </span>
     <span class='ocr_line' id='line_1_43' title="bbox 453 4083 1551 4148; baseline 0.002 -16"><span class='ocrx_word' id='word_1_353' title='bbox 453 4084 596 4146; x_wconf 64' lang='grc' dir='ltr'><strong>ἄμφω</strong></span> <span class='ocrx_word' id='word_1_354' title='bbox 609 4083 662 4132; x_wconf 74' lang='grc' dir='ltr'><strong>δὲ</strong></span> <span class='ocrx_word' id='word_1_355' title='bbox 675 4085 882 4148; x_wconf 74' lang='grc' dir='ltr'><strong><em>νεωτέρω</em></strong></span> <span class='ocrx_word' id='word_1_356' title='bbox 899 4085 1044 4135; x_wconf 65' lang='grc' dir='ltr'><strong><em>ἐστὸν</em></strong></span> <span class='ocrx_word' id='word_1_357' title='bbox 1065 4086 1208 4146; x_wconf 67' lang='grc' dir='ltr'><strong><em>ἐμεῖο,</em></strong></span> <span class='ocrx_word' id='word_1_358' title='bbox 1227 4085 1366 4132; x_wconf 81' lang='lat' dir='ltr'><strong>Iliad.</strong></span> <span class='ocrx_word' id='word_1_359' title='bbox 1385 4105 1429 4143; x_wconf 76' lang='lat' dir='ltr'><strong>a,</strong></span> <span class='ocrx_word' id='word_1_360' title='bbox 1442 4088 1551 4136; x_wconf 82' lang='lat'>259.</span> 
     </span>
    </p>

    <p class='ocr_par' dir='ltr' id='par_1_19' title="bbox 451 4149 1573 4468">
     <span class='ocr_line' id='line_1_44' title="bbox 519 4149 1571 4213; baseline 0.002 -17"><span class='ocrx_word' id='word_1_361' title='bbox 519 4151 563 4196; x_wconf 83' lang='lat'><strong>6.</strong></span> <span class='ocrx_word' id='word_1_362' title='bbox 599 4151 894 4196; x_wconf 69' lang='lat' dir='ltr'><strong>Mutantibm</strong></span> <span class='ocrx_word' id='word_1_363' title='bbox 917 4150 1047 4212; x_wconf 87' lang='lat' dir='ltr'><strong>(eas)</strong></span> <span class='ocrx_word' id='word_1_364' title='bbox 1062 4153 1293 4213; x_wconf 68' lang='lat' dir='ltr'><strong>Zephyris</strong></span> <span class='ocrx_word' id='word_1_365' title='bbox 1313 4149 1475 4198; x_wconf 85' lang='lat' dir='ltr'><strong>reddit</strong></span> <span class='ocrx_word' id='word_1_366' title='bbox 1492 4166 1571 4198; x_wconf 86' lang='lat' dir='ltr'><strong>ra-</strong></span> 
     </span>
     <span class='ocr_line' id='line_1_45' title="bbox 451 4211 1572 4279; baseline 0.003 -19"><span class='ocrx_word' id='word_1_367' title='bbox 451 4211 640 4262; x_wconf 82' lang='lat' dir='ltr'><strong>tionem</strong></span> <span class='ocrx_word' id='word_1_368' title='bbox 657 4214 745 4260; x_wconf 74' lang='grc' dir='ltr'><strong>τοῦ</strong></span> <span class='ocrx_word' id='word_1_369' title='bbox 765 4216 978 4273; x_wconf 73' lang='lat' dir='ltr'><strong>incertas,</strong></span> <span class='ocrx_word' id='word_1_370' title='bbox 993 4214 1124 4277; x_wconf 87' lang='lat' dir='ltr'><strong>quod</strong></span> <span class='ocrx_word' id='word_1_371' title='bbox 1147 4230 1244 4262; x_wconf 89' lang='lat' dir='ltr'><strong>non</strong></span> <span class='ocrx_word' id='word_1_372' title='bbox 1266 4229 1356 4278; x_wconf 90' lang='lat' dir='ltr'><strong>pro</strong></span> <span class='ocrx_word' id='word_1_373' title='bbox 1378 4213 1572 4279; x_wconf 80' lang='lat' dir='ltr'><strong>vitupe-</strong></span> 
     </span>
     <span class='ocr_line' id='line_1_46' title="bbox 451 4276 1573 4342; baseline 0.001 -17"><span class='ocrx_word' id='word_1_374' title='bbox 451 4276 528 4325; x_wconf 90' lang='lat' dir='ltr'><strong>rio</strong></span> <span class='ocrx_word' id='word_1_375' title='bbox 548 4277 734 4326; x_wconf 79' lang='lat' dir='ltr'><strong>umbrae</strong></span> <span class='ocrx_word' id='word_1_376' title='bbox 754 4277 920 4325; x_wconf 84' lang='lat' dir='ltr'><strong>haberi</strong></span> <span class='ocrx_word' id='word_1_377' title='bbox 947 4279 1167 4336; x_wconf 87' lang='lat' dir='ltr'><strong>debebat,</strong></span> <span class='ocrx_word' id='word_1_378' title='bbox 1193 4293 1306 4328; x_wconf 88' lang='lat' dir='ltr'><strong>cum</strong></span> <span class='ocrx_word' id='word_1_379' title='bbox 1336 4279 1403 4327; x_wconf 83' lang='lat' dir='ltr'><strong>sit</strong></span> <span class='ocrx_word' id='word_1_380' title='bbox 1425 4279 1573 4342; x_wconf 78' lang='lat' dir='ltr'><strong>longe</strong></span> 
     </span>
     <span class='ocr_line' id='line_1_47' title="bbox 452 4340 1573 4403; baseline 0.004 -13"><span class='ocrx_word' id='word_1_381' title='bbox 452 4340 817 4403; x_wconf 71' lang='lat' dir='ltr'><strong>elegantissima</strong></span> <span class='ocrx_word' id='word_1_382' title='bbox 845 4355 1010 4392; x_wconf 87' lang='lat' dir='ltr'><strong>rerum</strong></span> <span class='ocrx_word' id='word_1_383' title='bbox 1041 4342 1060 4390; x_wconf 90' lang='lat' dir='ltr'><strong>i</strong></span> <span class='ocrx_word' id='word_1_384' title='bbox 1283 4342 1366 4392; x_wconf 90' lang='lat' dir='ltr'><strong>Sic</strong></span> <span class='ocrx_word' id='word_1_385' title='bbox 1401 4347 1573 4394; x_wconf 67' lang='lat' dir='ltr'><strong>umbra</strong></span> 
     </span>
     <span class='ocr_line' id='line_1_48' title="bbox 452 4405 1392 4468; baseline 0.004 -17"><span class='ocrx_word' id='word_1_386' title='bbox 452 4408 657 4455; x_wconf 68' lang='lat' dir='ltr'><strong>tremulae</strong></span> <span class='ocrx_word' id='word_1_387' title='bbox 678 4405 809 4468; x_wconf 87' lang='lat' dir='ltr'><strong>apud</strong></span> <span class='ocrx_word' id='word_1_388' title='bbox 831 4405 1061 4468; x_wconf 82' lang='lat' dir='ltr'><strong>Calpurn.</strong></span> <span class='ocrx_word' id='word_1_389' title='bbox 1081 4407 1186 4456; x_wconf 74' lang='lat' dir='ltr'><strong>Bel.</strong></span> <span class='ocrx_word' id='word_1_390' title='bbox 1211 4423 1257 4465; x_wconf 86' lang='lat' dir='ltr'><strong>v,</strong></span> <span class='ocrx_word' id='word_1_391' title='bbox 1286 4409 1392 4455; x_wconf 91' lang='grc'><strong>101.</strong></span> 
     </span>
    </p>
   </div>
   <div class='ocr_carea' id='block_1_10' title="bbox 1635 3381 2785 4477">
    <p class='ocr_par' dir='ltr' id='par_1_20' title="bbox 1639 3381 2785 4219">
     <span class='ocr_line' id='line_1_49' title="bbox 1709 3381 2785 3454; baseline 0.005 -18"><span class='ocrx_word' id='word_1_392' title='bbox 1709 3385 1755 3436; x_wconf 85' lang='grc'><strong>7.</strong></span> <span class='ocrx_word' id='word_1_393' title='bbox 1804 3386 2053 3446; x_wconf 69' lang='lat' dir='ltr'><strong>Labra-cca,</strong></span> <span class='ocrx_word' id='word_1_394' title='bbox 2077 3387 2193 3437; x_wconf 79' lang='lat' dir='ltr'><strong>vitis</strong></span> <span class='ocrx_word' id='word_1_395' title='bbox 2220 3385 2471 3448; x_wconf 74' lang='lat' dir='ltr'><strong>silvestris,</strong></span> <span class='ocrx_word' id='word_1_396' title='bbox 2503 3381 2785 3454; x_wconf 47' lang='lat' dir='ltr'><strong>&amp;mre-⁶</strong></span> 
     </span>
     <span class='ocr_line' id='line_1_50' title="bbox 1642 3449 2773 3519; baseline 0.006 -22"><span class='ocrx_word' id='word_1_397' title='bbox 1642 3456 1743 3498; x_wconf 79' lang='grc' dir='ltr'><strong>λος.</strong></span> <span class='ocrx_word' id='word_1_398' title='bbox 1772 3449 1837 3498; x_wconf 87' lang='lat' dir='ltr'><strong>Vi</strong></span> <span class='ocrx_word' id='word_1_399' title='bbox 1842 3451 1971 3502; x_wconf 86' lang='lat' dir='ltr'><strong>tibus</strong></span> <span class='ocrx_word' id='word_1_400' title='bbox 1980 3451 2201 3501; x_wconf 81' lang='lat' dir='ltr'><strong>obductae</strong></span> <span class='ocrx_word' id='word_1_401' title='bbox 2210 3451 2467 3517; x_wconf 70' lang='lat' dir='ltr'><strong>speluncae,</strong></span> <span class='ocrx_word' id='word_1_402' title='bbox 2478 3462 2649 3518; x_wconf 80' lang='lat' dir='ltr'><strong>utpote</strong></span> <span class='ocrx_word' id='word_1_403' title='bbox 2659 3471 2773 3519; x_wconf 78' lang='lat' dir='ltr'><strong>quae</strong></span> 
     </span>
     <span class='ocr_line' id='line_1_51' title="bbox 1644 3513 2769 3581; baseline 0.006 -20"><span class='ocrx_word' id='word_1_404' title='bbox 1644 3513 1925 3563; x_wconf 76' lang='lat' dir='ltr'><strong>amoenitate</strong></span> <span class='ocrx_word' id='word_1_405' title='bbox 1959 3531 2013 3564; x_wconf 84' lang='lat' dir='ltr'><strong>se</strong></span> <span class='ocrx_word' id='word_1_406' title='bbox 2050 3517 2407 3576; x_wconf 87' lang='lat' dir='ltr'><strong>commendant,</strong></span> <span class='ocrx_word' id='word_1_407' title='bbox 2437 3517 2621 3581; x_wconf 76' lang='lat' dir='ltr'><strong>passim</strong></span> <span class='ocrx_word' id='word_1_408' title='bbox 2660 3520 2769 3568; x_wconf 86' lang='lat' dir='ltr'><strong>lau-</strong></span> 
     </span>
     <span class='ocr_line' id='line_1_52' title="bbox 1644 3577 2768 3646; baseline 0.007 -22"><span class='ocrx_word' id='word_1_409' title='bbox 1644 3577 1837 3626; x_wconf 85' lang='lat' dir='ltr'><strong>dantur.</strong></span> <span class='ocrx_word' id='word_1_410' title='bbox 1919 3579 2122 3629; x_wconf 85' lang='lat' dir='ltr'><strong>Habent</strong></span> <span class='ocrx_word' id='word_1_411' title='bbox 2153 3579 2341 3628; x_wconf 81' lang='lat' dir='ltr'><strong>scilicet</strong></span> <span class='ocrx_word' id='word_1_412' title='bbox 2373 3590 2531 3646; x_wconf 79' lang='lat' dir='ltr'><strong>poetae</strong></span> <span class='ocrx_word' id='word_1_413' title='bbox 2564 3597 2628 3630; x_wconf 82' lang='lat' dir='ltr'><strong>ex</strong></span> <span class='ocrx_word' id='word_1_414' title='bbox 2656 3583 2768 3632; x_wconf 85' lang='lat' dir='ltr'><strong>Ho-</strong></span> 
     </span>
     <span class='ocr_line' id='line_1_53' title="bbox 1642 3641 2769 3720; baseline 0.004 -30"><span class='ocrx_word' id='word_1_415' title='bbox 1642 3641 1765 3690; x_wconf 84' lang='lat' dir='ltr'><strong>meri</strong></span> <span class='ocrx_word' id='word_1_416' title='bbox 1774 3642 2029 3706; x_wconf 83' lang='lat' dir='ltr'><strong>splendida</strong></span> <span class='ocrx_word' id='word_1_417' title='bbox 2037 3643 2365 3709; x_wconf 84' lang='lat' dir='ltr'><strong>descriptione</strong></span> <span class='ocrx_word' id='word_1_418' title='bbox 2375 3645 2501 3693; x_wconf 86' lang='lat' dir='ltr'><strong>antri</strong></span> <span class='ocrx_word' id='word_1_419' title='bbox 2512 3646 2769 3720; x_wconf 75' lang='lat' dir='ltr'><strong>Calypsus,</strong></span> 
     </span>
     <span class='ocr_line' id='line_1_54' title="bbox 1644 3705 2767 3769; baseline 0.006 -16"><span class='ocrx_word' id='word_1_420' title='bbox 1644 3705 1817 3769; x_wconf 83' lang='lat' dir='ltr'><strong>Odyss.</strong></span> <span class='ocrx_word' id='word_1_421' title='bbox 1841 3725 1879 3764; x_wconf 81' lang='grc' dir='ltr'><strong>ε,</strong></span> <span class='ocrx_word' id='word_1_422' title='bbox 1899 3708 1989 3756; x_wconf 79' lang='lat'><strong>68:</strong></span> <span class='ocrx_word' id='word_1_423' title='bbox 2013 3707 2074 3756; x_wconf 82' lang='lat' dir='ltr'><strong>cf.</strong></span> <span class='ocrx_word' id='word_1_424' title='bbox 2097 3708 2175 3756; x_wconf 84' lang='lat'><strong>63.</strong></span> <span class='ocrx_word' id='word_1_425' title='bbox 2216 3711 2361 3757; x_wconf 71' lang='lat' dir='ltr'><strong>Raris</strong></span> <span class='ocrx_word' id='word_1_426' title='bbox 2375 3718 2540 3757; x_wconf 85' lang='lat' dir='ltr'><strong>autem</strong></span> <span class='ocrx_word' id='word_1_427' title='bbox 2560 3709 2641 3758; x_wconf 78' lang='lat' dir='ltr'><strong>luc</strong></span> <span class='ocrx_word' id='word_1_428' title='bbox 2666 3727 2767 3761; x_wconf 87' lang='lat' dir='ltr'><strong>non</strong></span> 
     </span>
     <span class='ocr_line' id='line_1_55' title="bbox 1641 3771 2769 3838; baseline 0.008 -21"><span class='ocrx_word' id='word_1_429' title='bbox 1641 3771 1942 3833; x_wconf 76' lang='lat' dir='ltr'><strong>urgendum3</strong></span> <span class='ocrx_word' id='word_1_430' title='bbox 1978 3771 2173 3821; x_wconf 82' lang='lat' dir='ltr'><strong>alias-in</strong></span> <span class='ocrx_word' id='word_1_431' title='bbox 2195 3772 2316 3822; x_wconf 82' lang='lat' dir='ltr'><strong>vitio</strong></span> <span class='ocrx_word' id='word_1_432' title='bbox 2336 3773 2427 3821; x_wconf 89' lang='lat' dir='ltr'><strong>hoc</strong></span> <span class='ocrx_word' id='word_1_433' title='bbox 2460 3783 2602 3832; x_wconf 81' lang='lat' dir='ltr'><strong>esset,</strong></span> <span class='ocrx_word' id='word_1_434' title='bbox 2636 3777 2769 3838; x_wconf 81' lang='lat' dir='ltr'><strong>quod</strong></span> 
     </span>
     <span class='ocr_line' id='line_1_56' title="bbox 1641 3834 2769 3902; baseline 0.006 -20"><span class='ocrx_word' id='word_1_435' title='bbox 1641 3834 1741 3882; x_wconf 81' lang='lat' dir='ltr'><strong>rari</strong></span> <span class='ocrx_word' id='word_1_436' title='bbox 1780 3844 1896 3883; x_wconf 88' lang='lat' dir='ltr'><strong>sunt</strong></span> <span class='ocrx_word' id='word_1_437' title='bbox 1929 3837 2139 3893; x_wconf 76' lang='lat' dir='ltr'><strong>racemi3</strong></span> <span class='ocrx_word' id='word_1_438' title='bbox 2182 3837 2269 3886; x_wconf 84' lang='lat' dir='ltr'><strong>sed</strong></span> <span class='ocrx_word' id='word_1_439' title='bbox 2307 3836 2596 3902; x_wconf 79' lang='lat' dir='ltr'><strong>simpliciter</strong></span> <span class='ocrx_word' id='word_1_440' title='bbox 2630 3849 2769 3890; x_wconf 81' lang='lat' dir='ltr'><strong>notat</strong></span> 
     </span>
     <span class='ocr_line' id='line_1_57' title="bbox 1640 3900 2766 3967; baseline 0.007 -22"><span class='ocrx_word' id='word_1_441' title='bbox 1640 3907 1865 3947; x_wconf 86' lang='lat' dir='ltr'><strong>naturam</strong></span> <span class='ocrx_word' id='word_1_442' title='bbox 1886 3915 2188 3948; x_wconf 82' lang='lat' dir='ltr'><strong>racemorum</strong></span> <span class='ocrx_word' id='word_1_443' title='bbox 2210 3900 2315 3949; x_wconf 85' lang='lat' dir='ltr'><strong>sive</strong></span> <span class='ocrx_word' id='word_1_444' title='bbox 2336 3917 2557 3961; x_wconf 83' lang='lat' dir='ltr'><strong>uvarum,</strong></span> <span class='ocrx_word' id='word_1_445' title='bbox 2580 3904 2766 3967; x_wconf 80' lang='lat' dir='ltr'><strong>passim</strong></span> 
     </span>
     <span class='ocr_line' id='line_1_58' title="bbox 1642 3962 2767 4030; baseline 0.007 -21"><span class='ocrx_word' id='word_1_446' title='bbox 1642 3975 1670 4008; x_wconf 89' lang='lat' dir='ltr'><strong>e</strong></span> <span class='ocrx_word' id='word_1_447' title='bbox 1687 3962 1970 4025; x_wconf 80' lang='lat' dir='ltr'><strong>palmitibus</strong></span> <span class='ocrx_word' id='word_1_448' title='bbox 1990 3980 2081 4029; x_wconf 88' lang='lat' dir='ltr'><strong>per</strong></span> <span class='ocrx_word' id='word_1_449' title='bbox 2100 3964 2229 4012; x_wconf 73' lang='lat' dir='ltr'><strong>ann-i</strong></span> <span class='ocrx_word' id='word_1_450' title='bbox 2252 3965 2433 4013; x_wconf 81' lang='lat' dir='ltr'><strong>ostium</strong></span> <span class='ocrx_word' id='word_1_451' title='bbox 2454 3969 2767 4030; x_wconf 83' lang='lat' dir='ltr'><strong>serpentibus</strong></span> 
     </span>
     <span class='ocr_line' id='line_1_59' title="bbox 1642 4027 2771 4157; baseline 0.01 -21"><span class='ocrx_word' id='word_1_452' title='bbox 1642 4027 1975 4138; x_wconf 56' lang='lat' dir='ltr'><strong>ffi‘ssssn‘iffl’</strong></span> <span class='ocrx_word' id='word_1_453' title='bbox 1988 4028 2771 4157; x_wconf 49' lang='lat' dir='ltr'><strong>et‘ffiffzffi‘ffzsstoeffidssffi</strong></span> 
     </span>
     <span class='ocr_line' id='line_1_60' title="bbox 1639 4157 2482 4219; baseline 0.006 -19"><span class='ocrx_word' id='word_1_454' title='bbox 1639 4169 1753 4201; x_wconf 83' lang='lat' dir='ltr'><strong>rara</strong></span> <span class='ocrx_word' id='word_1_455' title='bbox 1772 4157 1937 4202; x_wconf 72' lang='lat' dir='ltr'><strong>viridi-5</strong></span> <span class='ocrx_word' id='word_1_456' title='bbox 1959 4159 2077 4219; x_wconf 77' lang='lat' dir='ltr'><strong>tegit</strong></span> <span class='ocrx_word' id='word_1_457' title='bbox 2098 4159 2290 4204; x_wconf 69' lang='lat' dir='ltr'><strong>arbum</strong></span> <span class='ocrx_word' id='word_1_458' title='bbox 2308 4159 2482 4205; x_wconf 73' lang='lat' dir='ltr'><strong>umbra.</strong></span> 
     </span>
    </p>

    <p class='ocr_par' dir='ltr' id='par_1_21' title="bbox 1635 4219 2767 4477">
     <span class='ocr_line' id='line_1_61' title="bbox 1706 4219 2767 4278; baseline 0.007 -12"><span class='ocrx_word' id='word_1_459' title='bbox 1706 4219 1750 4266; x_wconf 87' lang='lat'><strong>9.</strong></span> <span class='ocrx_word' id='word_1_460' title='bbox 1791 4221 1927 4278; x_wconf 70' lang='lat' dir='ltr'><strong>Quid,</strong></span> <span class='ocrx_word' id='word_1_461' title='bbox 1951 4223 1993 4267; x_wconf 76' lang='grc' dir='ltr'><strong>εἰ</strong></span> <span class='ocrx_word' id='word_1_462' title='bbox 2012 4223 2131 4268; x_wconf 77' lang='lat' dir='ltr'><strong>idem</strong></span> <span class='ocrx_word' id='word_1_463' title='bbox 2149 4228 2305 4268; x_wconf 71' lang='lat' dir='ltr'><strong>certet.</strong></span> <span class='ocrx_word' id='word_1_464' title='bbox 2341 4221 2446 4269; x_wconf 85' lang='lat' dir='ltr'><strong>Aut</strong></span> <span class='ocrx_word' id='word_1_465' title='bbox 2466 4221 2650 4270; x_wconf 88' lang='lat' dir='ltr'><strong>dictum</strong></span> <span class='ocrx_word' id='word_1_466' title='bbox 2673 4221 2767 4274; x_wconf 83' lang='lat' dir='ltr'><strong>h&#39;oc</strong></span> 
     </span>
     <span class='ocr_line' id='line_1_62' title="bbox 1638 4284 2763 4349; baseline 0.001 -19"><span class='ocrx_word' id='word_1_467' title='bbox 1638 4296 1751 4330; x_wconf 88' lang='lat' dir='ltr'><strong>cum</strong></span> <span class='ocrx_word' id='word_1_468' title='bbox 1772 4297 1919 4332; x_wconf 83' lang='lat' dir='ltr'><strong>sensu</strong></span> <span class='ocrx_word' id='word_1_469' title='bbox 1945 4284 2210 4343; x_wconf 69' lang='lat' dir='ltr'><strong>modestiae,</strong></span> <span class='ocrx_word' id='word_1_470' title='bbox 2234 4293 2291 4333; x_wconf 87' lang='lat' dir='ltr'><strong>ut</strong></span> <span class='ocrx_word' id='word_1_471' title='bbox 2311 4285 2576 4349; x_wconf 79' lang='lat' dir='ltr'><strong>Amyntam</strong></span> <span class='ocrx_word' id='word_1_472' title='bbox 2610 4303 2763 4336; x_wconf 75' lang='lat' dir='ltr'><strong>unum</strong></span> 
     </span>
     <span class='ocr_line' id='line_1_63' title="bbox 1636 4349 2763 4412; baseline 0.005 -19"><span class='ocrx_word' id='word_1_473' title='bbox 1636 4361 1809 4396; x_wconf 83' lang='lat' dir='ltr'><strong>omnes</strong></span> <span class='ocrx_word' id='word_1_474' title='bbox 1840 4363 2071 4412; x_wconf 79' lang='lat' dir='ltr'><strong>superare</strong></span> <span class='ocrx_word' id='word_1_475' title='bbox 2104 4349 2261 4403; x_wconf 59' lang='lat' dir='ltr'><strong>dican</strong></span> <span class='ocrx_word' id='word_1_476' title='bbox 2296 4357 2381 4396; x_wconf 85' lang='lat' dir='ltr'><strong>aut</strong></span> <span class='ocrx_word' id='word_1_477' title='bbox 2414 4358 2489 4398; x_wconf 87' lang='lat' dir='ltr'><strong>est</strong></span> <span class='ocrx_word' id='word_1_478' title='bbox 2522 4350 2763 4398; x_wconf 72' lang='lat' dir='ltr'><strong>invidiose</strong></span> 
     </span>
     <span class='ocr_line' id='line_1_64' title="bbox 1635 4407 2760 4477; baseline -0.002 -20"><span class='ocrx_word' id='word_1_479' title='bbox 1635 4408 1837 4470; x_wconf 86' lang='lat' dir='ltr'><strong>dictum,</strong></span> <span class='ocrx_word' id='word_1_480' title='bbox 1871 4421 1927 4460; x_wconf 86' lang='lat' dir='ltr'><strong>ut</strong></span> <span class='ocrx_word' id='word_1_481' title='bbox 1950 4421 2139 4475; x_wconf 83' lang='lat' dir='ltr'><strong>pungat</strong></span> <span class='ocrx_word' id='word_1_482' title='bbox 2170 4422 2415 4477; x_wconf 80' lang='lat' dir='ltr'><strong>pastorem</strong></span> <span class='ocrx_word' id='word_1_483' title='bbox 2442 4413 2550 4460; x_wconf 77' lang='lat' dir='ltr'><strong>laus</strong></span> <span class='ocrx_word' id='word_1_484' title='bbox 2580 4407 2760 4466; x_wconf 82' lang='lat' dir='ltr'><strong>aemuli,</strong></span> 
     </span>
    </p>
   </div>
  </div>
 </body>
</html>
