3050 4934
468 279 548 341 10

1296 271 1941 337 BUCOLICON

499 427 586 490 35
631 425 798 490 Haec
825 426 1054 490 eadem
1085 433 1160 486 ut
1183 423 1400 500 sciret,
1430 423 1589 507 quid
1618 445 1749 487 non
1778 422 2061 488 faciebat
2086 419 2449 506 Aymntas'C

637 528 764 591 Est
794 525 950 590 mihi
979 525 1352 610 disparibus
1384 534 1639 608 septem
1668 514 2007 609 compacta
2036 524 2263 589 cicutis

633 627 906 704 Fistula,
937 627 1282 691 Damoetas
1313 626 1486 690 dono
1515 625 1669 690 mihi
1696 647 1891 709 quam
1918 627 2103 691 dedit
2129 624 2300 700 olim,

636 730 729 793 Et
757 729 926 794 dixit
953 729 1257 804 morienS,
1304 727 1409 791 Te
1439 748 1613 791 nunc
1642 727 1847 791 habet
1874 728 2001 792 ista
2032 727 2424 791 secundum:

635 831 828 894 Dixit
856 831 1200 894 Damoetas
1228 855 1243 906 3
1291 829 1520 893 invidit
1552 828 1792 892 stultus
1823 826 2165 912 AmyntaS.

501 931 589 995 40
633 932 967 995 Praeterea
999 931 1166 1014 duc,
1189 952 1310 993 nec
1342 941 1485 992 tuta
1511 928 1668 992 mihi
1697 928 1861 992 valle
1894 929 2159 1012 reperti,

633 1032 960 1117 Capreoli,
997 1032 1241 1116 sparsis
1271 1032 1467 1094 etiam
1496 1052 1669 1094 nunc
1698 1029 1977 1112 pellibus
2010 1028 2186 1106 albe,

632 1135 804 1198 Bina
833 1134 938 1197 die
971 1134 1216 1197 siccant
1245 1131 1382 1194 ovis
1409 1131 1653 1208 ubera3
1698 1153 1865 1215 quos
1900 1132 2017 1195 tibi
2048 1152 2257 1194 serve.

631 1235 784 1299 Jam
813 1234 1067 1319 pridem
1097 1256 1136 1297 a
1166 1255 1267 1296 me
1297 1231 1442 1296 illos
1470 1232 1799 1296 abducere
1830 1229 2168 1315 Thestylis
2198 1240 2378 1295 orat:

634 1337 728 1400 Et
758 1335 986 1413 faciet3
1035 1334 1338 1418 quoniam
1369 1333 1641 1397 sordent
1671 1333 1788 1396 tibi
1817 1355 2087 1397 munera
2116 1343 2361 1396 nostra.

501 1439 588 1501 45
634 1438 790 1503 Huc
819 1438 1001 1513 adeS,
1033 1459 1072 1499 o
1103 1434 1386 1499 formose
1416 1455 1619 1518 puer:

1669 1435 1787 1496 tibi
1814 1433 1945 1498 lilia
1972 1432 2181 1516 plenis

633 1539 812 1604 Ecce
844 1539 1068 1603 ferunt
1091 1537 1422 1622 Nymphae
1451 1536 1755 1613 calathis3
1804 1536 1923 1600 tibi
1952 1535 2231 1600 candida
2261 1533 2452 1610 Nais,

633 1639 962 1704 Pallentes
993 1640 1192 1703 violas
1225 1649 1294 1703 et
1324 1661 1572 1702 summa
1600 1658 1931 1721 papavera
1962 1653 2263 1720 carpenS,

631 1741 1018 1806 Narcissum
1046 1751 1115 1805 et
1143 1741 1370 1804 florem
1391 1741 1613 1824 jungit
1644 1741 1811 1804 bene
1842 1738 2075 1802 olentis
2106 1736 2363 1801 anethi:

630 1843 828 1920 Turn,
862 1845 1036 1908 casia
1065 1853 1260 1925 atque
1291 1841 1431 1904 aliis
1461 1843 1761 1904 intexens
1796 1840 2101 1903 suavibus
2130 1838 2377 1913 herbis,

502 1947 589 2008 50
633 1944 864 2008 Mollia
892 1942 1136 2007 luteola
1164 1943 1375 2025 pingit
1403 1942 1689 2005 vaccinia
1720 1941 1957 2005 caltha.

634 2045 788 2129 Ipse
818 2067 943 2128 ego
973 2067 1134 2108 cana
1162 2042 1376 2126 legam
1403 2051 1631 2106 tenera
1659 2041 1963 2126 lanugine
1994 2040 2185 2118 mala,

460 2212 684 2260 videatur
715 2220 801 2259 aut
827 2225 1002 2275 parum
1033 2217 1084 2256 te
1115 2207 1345 2270 dig-num:
1398 2207 1458 2255 cf.
1495 2207 1582 2255 Ti-

458 2277 576 2326 bull.
598 2276 629 2323 i.
652 2278 697 2332 4,
719 2275 797 2326 47.
845 2276 1028 2321 Sensus
1053 2283 1154 2321 est:
1189 2273 1284 2329 Tu,
1304 2272 1458 2320 amori
1475 2287 1587 2319 meo

461 2343 734 2398 obsecutus,
759 2348 914 2388 artem
933 2337 1098 2386 fistula
1127 2337 1350 2394 canendi,
1373 2351 1468 2398 qua
1497 2351 1583 2384 ex-

459 2405 598 2462 cello,
624 2420 654 2452 a
674 2419 754 2452 me
777 2404 949 2451 disces.

526 2471 602 2516 35.
644 2471 770 2521 Quid
789 2483 877 2515 non
886 2465 1110 2528 faciebat.
1170 2464 1351 2513 Omnia
1373 2463 1584 2522 fecisset,

459 2532 583 2581 nihil
602 2533 898 2581 intentatum
913 2530 1207 2592 relinquens.
1254 2529 1384 2577 Nota
1401 2529 1583 2576 formu-

459 2597 521 2644 la.
579 2596 814 2660 Corydon
836 2595 988 2657 igitur
1005 2604 1152 2642 cantu
1175 2593 1352 2641 fistulae
1373 2592 1583 2640 excelle—

459 2662 564 2715 bat3
597 2662 798 2722 ejusque
817 2658 937 2708 artis
953 2657 1158 2710 aemulus
1177 2667 1282 2704 erat
1295 2657 1549 2718 Amyntas.

527 2724 604 2771 86.
658 2726 834 2771 Cic-stis
875 2737 966 2786 pro
1007 2721 1192 2769 cannis.
1263 2720 1368 2766 Ecl.
1409 2735 1454 2776 v,
1503 2721 1581 2766 85.

462 2787 712 2851 Expressa
733 2785 929 2849 quidem
958 2787 1062 2833 haec
1084 2800 1113 2832 a
1143 2783 1326 2839 multis,
1351 2783 1470 2832 satis
1505 2782 1583 2830 in-

459 2851 660 2914 geniose
693 2859 856 2899 tamen
884 2850 946 2897 ab
975 2865 1074 2897 uno
1113 2847 1282 2912 Popio,
1308 2848 1495 2896 Pastor.
1533 2846 1585 2904 ii,

462 2917 539 2972 39,
556 2915 598 2962 si
613 2915 862 2980 expendas
879 2929 936 2962 ac
953 2927 1206 2977 compares
1220 2928 1391 2961 versus
1410 2914 1488 2970 43,
1509 2913 1586 2959 44.

527 2982 605 3027 40.
645 2980 688 3027 Ε
711 2979 916 3027 Theocr.
940 2977 1008 3036 xi,
1031 2980 1095 3025 40
1126 2992 1257 3039 sqq.;
1299 2976 1368 3034 iii,
1395 2979 1460 3024 34
1481 2992 1584 3038 sqq.

462 3045 564 3091 Nec
593 3051 699 3091 tuta
727 3047 841 3091 mihi
869 3045 987 3090 valle
1014 3044 1200 3102 reperti.
1264 3041 1589 3089 Commendat

461 3107 644 3156 donum
663 3123 692 3155 a
713 3107 996 3154 difficultate
1011 3125 1022 3161 ς
1055 3105 1276 3169 periculo
1293 3119 1322 3151 a
1336 3103 1454 3152 feris
1467 3119 1585 3152 con-

460 3181 614 3219 temto
645 3187 846 3236 capreas
873 3172 960 3218 has
987 3169 1236 3218 silvestres
1261 3177 1483 3232 ceperat:
1521 3167 1583 3216 cf.

461 3234 606 3282 ovid.
644 3236 767 3283 Met.
803 3233 906 3292 xiii,
939 3235 1036 3281 834
1068 3248 1186 3295 sqq„
1211 3248 1308 3295 quo
1345 3240 1448 3281 toto
1477 3231 1587 3280 loco

460 3299 586 3346 hanc
609 3299 826 3362 eclogam
847 3307 962 3346 ante
985 3297 1150 3345 oculos
1173 3296 1357 3344 habuit.
1425 3297 1585 3345 Ovem

459 3364 679 3427 praebere
723 3365 874 3412 ubera
917 3361 1170 3426 capreolis,
1215 3361 1440 3425 exemplo
1483 3376 1585 3410 non

460 3435 610 3475 caret.

523 3492 603 3538 41.
643 3493 830 3552 Sparsis
841 3493 1043 3552 pellibus
1065 3493 1182 3547 albo,
1203 3499 1260 3538 ut
1283 3488 1485 3537 maculae
1506 3488 1583 3536 fu-

459 3554 591 3603 erint
623 3555 758 3604 alboe.
811 3555 976 3603 Ducta
1004 3569 1084 3602 res
1119 3569 1147 3602 e
1171 3554 1375 3605 Theocr.
1407 3551 1474 3611 xi,
1505 3553 1585 3600 41.

459 3621 618 3668 Etiam
627 3637 748 3668 manc
756 3635 886 3676 vero,
899 3618 1013 3681 quia
1024 3634 1222 3667 accessu
1231 3617 1466 3683 temporis
1477 3632 1587 3666 mu·

459 3693 568 3732 tant
581 3684 809 3742 colorem,
825 3683 896 3732 sit
915 3683 1138 3732 Servius:
1163 3681 1274 3742 nisi,
1291 3682 1461 3731 durius
1477 3681 1586 3745 qui-

458 3747 585 3806 dem,
601 3748 664 3797 ad
679 3751 854 3796 decant
871 3747 1079 3803 referam
1105 3743 1374 3796 etiamnum
1389 3747 1587 3796 lactent.

522 3815 602 3860 42.
618 3815 726 3870 Die,
738 3811 968 3876 quotidie,
983 3811 1087 3858 Ecl.
1100 3811 1260 3866 iii,34;
1273 3811 1389 3858 AEn.
1401 3809 1583 3868 xi,397.

521 3877 601 3923 44.
638 3875 875 3938 Etsaciet,
891 3875 1124 3928 abducetz
1151 3889 1180 3922 e
1193 3874 1398 3922 Theocr.
1417 3873 1486 3932 iii,
1505 3874 1583 3922 86.

523 3941 601 3987 45.
638 3940 712 3988 Cf.
737 3941 943 3989 Theocr.
966 3938 1034 3996 xi,
1060 3939 1138 3996 47,
1161 3939 1238 3996 56,
1261 3937 1339 3986 57.

522 4002 600 4048 46.
637 4005 813 4051 Ferunt
848 4007 1090 4079 Nymphae.
1158 4001 1384 4066 Repente
1423 4015 1454 4049 a
1483 4000 1586 4049 vita

458 4081 576 4114 vera
597 4073 648 4112 et
669 4081 911 4116 commum
936 4069 1132 4116 aberrat
1152 4075 1311 4130 poeta,
1337 4075 1388 4113 et
1409 4065 1587 4114 transit

455 4129 510 4178 in
527 4129 678 4177 vitam
697 4145 748 4176 m
799 4131 958 4178 hicam
983 4141 1032 4179 et
1048 4130 1318 4195 poeticam3
1355 4129 1482 4192 quod
1501 4129 1586 4177 vix

457 4194 584 4242 bene
604 4192 674 4240 fit.
767 4203 872 4241 orte
891 4203 1053 4242 tamen
1073 4209 1172 4243 non
1195 4193 1400 4242 nimium
1420 4193 1472 4241 in
1491 4194 1585 4241 hoc

457 4256 812 4320 argutandumz
869 4256 940 4305 ita
989 4259 1120 4306 enim
1168 4257 1316 4322 loqui,
1369 4267 1420 4306 et
1467 4258 1585 4306 deos

458 4321 669 4384 deasque
697 4328 912 4383 agrestes
939 4321 1127 4370 lusibus
1245 4333 1404 4370 torum
1429 4321 1583 4370 inter-

458 4401 566 4434 esse
592 4385 769 4442 dicere,
798 4399 956 4448 genus
981 4385 1210 4434 carminis
1239 4385 1446 4435 bucolici
1473 4385 1583 4435 fert.

458 4448 716 4514 splendidi
741 4459 900 4496 autem
924 4447 975 4495 hi
999 4464 1168 4496 versus
1192 4451 1400 4498 46-55.

1716 2209 1793 2257 47.
1842 2209 2080 2256 Pallentes
2118 2209 2273 2262 violas,
2310 2215 2429 2254 sunt
2462 2205 2604 2255 viole
2642 2205 2787 2254 flavoe

1650 2271 1781 2320 inter
1807 2287 1985 2320 vernos
2012 2271 2157 2320 flores
2184 2271 2525 2326 numerandae3
2561 2269 2791 2319 λευκόΐον

1650 2351 1688 2385 s.
1714 2336 1875 2384 albam
1896 2336 2088 2393 violam,
2112 2335 2231 2385 flore
2258 2335 2363 2382 sive
2386 2335 2495 2384 albo
2526 2333 2631 2382 sive
2654 2333 2786 2383 flavo

1652 2399 1757 2448 sive
1800 2416 2063 2465 purpureo,
2104 2409 2280 2475 vomant
2318 2410 2523 2474 veteres.
2592 2401 2787 2474 Pallen:

1652 2463 2787 2592 3553.'222235304253ffiffizfflzffiffiss

1650 2592 1849 2656 pallent,
1879 2591 2250 2641 subflavescunt.
2305 2594 2548 2654 Papauer-a
2574 2601 2692 2640 sunt
2716 2606 2787 2640 ex

1650 2671 1830 2718 genere
1856 2656 2083 2714 silvestri,
2112 2655 2231 2704 flore
2248 2657 2380 2718 rufo,
2408 2656 2539 2718 quod
2568 2655 2623 2704 in
2646 2656 2786 2705 arvis

1650 2735 1760 2767 cum
1783 2720 1967 2769 hordeo
1988 2720 2200 2768 maxime
2222 2720 2452 2768 nascitur.

1715 2786 1795 2832 48.
1830 2787 2083 2833 Nan-cimas
2108 2800 2173 2833 ex
2204 2800 2263 2833 eo
2292 2784 2463 2846 utique
2492 2796 2673 2847 genere
2703 2794 2786 2834 est

1653 2848 1781 2910 quod
1822 2863 1911 2898 nos
1956 2848 2025 2897 ita
2068 2848 2382 2922 appellamus.
2453 2852 2682 2897 Araetheum
2724 2849 2784 2898 in

1653 2911 1834 2961 nostris
1863 2912 2019 2961 hortis
2050 2913 2237 2970 visitur,
2268 2911 2387 2961 flore
2416 2913 2569 2961 flavet
2606 2913 2785 2971 ἄνηθον

1652 2976 1801 3025 etiam
1815 2977 2107 3025 Theocritus
2122 2993 2233 3025 cum
2252 2977 2379 3026 rosis
2394 2986 2445 3025 et
2461 2977 2603 3026 violis
2614 2977 2786 3040 jungit

1652 3041 1737 3098 vii,
1762 3042 1838 3090 63.
1896 3043 2022 3090 Cum
2048 3041 2223 3090 malvis
2254 3050 2305 3089 et
2334 3041 2447 3106 apio
2462 3041 2631 3104 jungit
2652 3039 2713 3091 τό
2732 3041 2783 3089 τ’

1654 3103 1851 3155 εὐθαλὲς
1860 3104 2007 3154 οὖλον
2014 3105 2188 3164 ἄνηθον
2198 3106 2433 3154 Moschus
2444 3105 2585 3169 Idyll.
2590 3105 2659 3163 iii,
2666 3106 2779 3154 101.

1714 3170 1795 3218 49.
1832 3173 1973 3218 Casia
1995 3184 2026 3218 a
2045 3169 2206 3218 Plinio
2222 3169 2353 3218 inter
2367 3171 2544 3218 herbas
2560 3185 2615 3218 ac
2633 3169 2784 3219 flores

1650 3242 1935 3283 recensetur
1966 3233 2259 3292 coronarios‚
2296 3243 2347 3282 et
2378 3233 2507 3282 inter
2540 3249 2625 3282 eos
2657 3250 2784 3298 quos

1648 3297 1779 3346 circa
1798 3297 2011 3348 alvearia
2032 3313 2195 3347 serere
2210 3299 2365 3360 jubet.
2436 3297 2535 3346 Vul
2624 3301 2780 3347 laven-

1649 3364 1807 3410 dulam
1837 3371 2051 3410 nostram
2084 3378 2191 3412 esse
2223 3371 2411 3426 putant.
2471 3363 2505 3409 S
2602 3363 2780 3411 Marti-

1650 3441 1759 3482 nus,
1768 3426 2061 3490 comparatis
2074 3427 2205 3474 inter
2217 3443 2271 3475 se
2282 3426 2461 3485 Plinio,
2473 3425 2783 3486 Dioscoride,

1651 3505 1709 3536 ac
1737 3490 1877 3538 Theo
1911 3491 2089 3548 hrasto,
2121 3491 2277 3548 docet,
2304 3495 2477 3539 casiam
2510 3492 2637 3540 hanc
2672 3507 2785 3542 esse

1652 3570 1839 3603 moron
1910 3569 2159 3612 necor-um,
2174 3571 2213 3603 s.
2234 3557 2526 3618 Thymeloeoeu
2549 3559 2635 3604 tini
2642 3555 2781 3617 folio,

1654 3635 1753 3680 quae
1772 3635 1925 3681 grana
1946 3622 2103 3667 cnidio
2124 3619 2231 3668 fert.

1720 3685 1795 3732 50.
1832 3687 1998 3746 Pingit
2016 3687 2239 3742 vaccinia,
2256 3682 2438 3741 variat3
2474 3687 2645 3740 caltha,
2668 3692 2780 3733 tan-

1654 3763 1798 3810 quam
1820 3749 1939 3797 flore
1968 3747 2149 3798 diversi
2176 3747 2367 3806 coloris,
2390 3751 2595 3796 intexens
2627 3751 2787 3798 herbis

1652 3827 1699 3860 n.
1737 3812 1889 3862 violas
1928 3823 1979 3862 et
2016 3813 2217 3876 reliqua.
2286 3812 2360 3861 ef.
2396 3813 2513 3860 AEn.
2548 3812 2631 3871 vii,
2663 3815 2780 3862 488.

1651 3877 1831 3934 Mollia,
1852 3886 2033 3934 tenera,
2058 3887 2115 3925 ut
2137 3877 2242 3925 Ecl.
2267 3893 2313 3934 v,
2338 3879 2425 3933 383
2463 3876 2527 3934 vi,
2553 3879 2629 3926 63.

1718 3941 1793 3987 51.
1846 3944 1975 3988 Cana
2012 3944 2159 4003 legam
2198 3949 2355 3988 tenera
2390 3944 2606 4003 lanugine
2638 3945 2780 3990 mala.

1652 4001 1912 4052 Xrodorroe.
1985 4004 2275 4067 intellig-unt
2294 4004 2443 4068 vulgo
2464 4005 2595 4054 mala
2613 4005 2778 4069 Cydo-

1651 4067 1747 4124 nia,
1763 4083 1800 4116 s.
1820 4077 2037 4126 cotonea,
2058 4083 2167 4131 quae
2182 4084 2305 4117 cana
2322 4069 2448 4127 lana,
2470 4083 2511 4116 s.
2529 4069 2777 4132 lanugine,

1650 4131 1825 4180 obduci
1852 4132 1971 4182 satis
2002 4142 2206 4182 constat.
2266 4133 2394 4181 Cum
2412 4141 2577 4182 tamen
2608 4149 2669 4182 ea
2686 4149 2777 4198 pa-

1650 4194 1749 4243 lato
1768 4197 1943 4260 puellae
1960 4213 2134 4262 pamm
2156 4207 2295 4261 grata
2314 4197 2465 4246 fuisse
2482 4196 2641 4246 videri
2660 4214 2777 4262 pos-

1650 4259 1764 4316 sint,
1789 4261 1988 4324 conjicit
2010 4261 2257 4310 Martinus
2290 4260 2555 4324 significari
2581 4276 2612 4310 a
2632 4273 2782 4326 poeta

1644 4328 1888 4386 praecocz‘a.
1958 4326 2056 4374 Sed
2078 4327 2275 4388 vulg-ata
2294 4325 2635 4390 interpretatio
2656 4343 2775 4375 eon-

1653 4388 1832 4440 firmari
1862 4389 2009 4439 etiam
2032 4399 2195 4454 potest
2220 4405 2281 4438 ex
2307 4388 2484 4438 Alcimi
2514 4389 2775 4454 Epigram-

1651 4461 1780 4500 mate
1804 4454 2063 4514 Antholog.
2094 4455 2257 4502 Burin.
2284 4453 2341 4502 Τ.
2362 4454 2395 4512 ἱ,
2420 4469 2469 4501 n.
2495 4455 2603 4502 211.
