3050 4934
1186 253 1525 320 LIBER
1585 252 1719 320 lv.

2491 255 2610 319 167

461 407 807 493 Corycium
835 410 1075 475 vidisse
1106 430 1351 487 senem,
1384 410 1489 475 cui
1516 430 1728 494 pauca
1755 406 1963 474 relicti

458 508 709 595 «Iugera
736 512 907 576 ruris
936 521 1161 589 erant3
1207 532 1329 577 nec
1357 509 1588 576 fertilis
1615 508 1724 575 illa
1743 511 2064 595 juvencis,

460 610 607 676 Nec
636 613 860 697 pecori
888 623 1259 698 opportuna
1290 634 1501 697 seges,
1529 634 1653 677 nec
1683 612 2022 677 commoda
2055 610 2340 678 Baccho.

293 712 419 777 130
458 711 587 777 Hic
618 736 837 779 rarum
862 726 1076 779 tamen
1104 716 1173 779 in
1196 712 1408 779 dumis
1435 713 1578 779 olus
1609 712 1886 798 albaque
1915 715 2156 779 circum

461 813 629 878 Lilia
658 818 1103 899 verbenasque
1133 838 1434 901 premens
1466 838 1860 900 vescumque
1885 838 2194 899 papaver,

457 914 719 1001 Regum
750 918 1053 1001 aequabat
1082 940 1241 1001 opes
1274 918 1499 981 animis
1524 943 1540 995 ;
1591 938 1863 1001 seraque
1894 928 2228 982 revertens

456 1016 672 1082 Nocte
700 1019 961 1082 domum
991 1019 1270 1102 dapibus
1301 1040 1560 1083 mensas
1591 1020 1906 1083 onerabat
1934 1020 2208 1083 inemtiS.

456 1117 713 1183 Primus
745 1142 895 1185 vere
926 1142 1141 1184 rosam
1170 1129 1365 1203 atque
1398 1130 1746 1184 auctumno
1777 1141 2044 1204 carpere
2076 1142 2307 1204 poma3

290 1220 413 1282 135
459 1219 552 1283 Et
576 1242 748 1285 nunc
777 1244 977 1304 quum
1004 1222 1205 1286 tristis
1236 1221 1441 1285 hiems
1470 1222 1662 1285 etiam
1693 1220 1936 1306 frigore
1966 1244 2126 1287 saxa

455 1320 841 1406 Rumperet,
872 1334 939 1387 et
968 1322 1173 1406 glacie
1206 1343 1437 1387 cursus
1470 1322 1758 1388 frenaret
1789 1345 2102 1407 aquarum
2129 1351 2146 1401 ;

456 1421 571 1486 Ille
602 1444 849 1487 comam
870 1422 1076 1487 mollis
1100 1424 1237 1508 jam
1268 1425 1584 1489 tondebat
1613 1424 1972 1509 hyacinthi,

454 1522 781 1588 AEstatem
812 1524 1203 1609 increpitans
1236 1546 1444 1590 seram
1476 1525 1957 1611 Zephyrosque
1986 1536 2335 1592 morantes,

457 1623 641 1708 Ergo
668 1626 903 1710 apibus
932 1624 1109 1691 foetis
1138 1627 1310 1691 idem
1341 1638 1538 1710 atque
1567 1627 1861 1692 examine
1893 1626 2094 1692 multo

286 1725 411 1789 140
454 1725 710 1789 Primus
742 1727 1103 1806 abundare,
1132 1739 1201 1792 et
1230 1729 1598 1811 spumantia
1626 1750 1859 1812 cogere
1889 1732 2133 1813 pressis

452 1825 655 1891 Mella
684 1826 881 1905 favis3
927 1827 1018 1892 illi
1047 1828 1221 1907 tiliae,
1254 1841 1453 1914 atque
1482 1830 1810 1895 uberrima
1839 1832 2067 1913 pinus;

455 1927 767 2013 Quotque
794 1930 863 1995 in
884 1930 1046 1995 flore
1076 1953 1245 1996 novo
1273 1931 1481 2017 pomis
1514 1953 1583 1995 se
1615 1929 1844 1995 fertilis
1874 1933 2068 1996 arbos

454 2029 789 2109 Induerat,
822 2032 1095 2096 totidem
1124 2044 1471 2098 auctumno
1500 2044 1754 2097 matura
1786 2035 2072 2099 tenebat.

448 2130 565 2196 Ille
589 2132 783 2197 etiam
812 2155 993 2197 seras
1016 2133 1083 2197 in
1111 2156 1369 2199 versum
1399 2134 1652 2199 distulit
1681 2134 1912 2212 ulmos,

280 2232 404 2297 145
450 2232 874 2318 Eduramque
904 2236 1137 2318 pirum,
1168 2247 1238 2300 et
1265 2236 1486 2321 spinos
1507 2237 1644 2320 jam
1665 2259 1878 2321 pruna
1908 2236 2215 2315 ferentes,

445 2335 723 2421 Jamque
750 2337 1219 2403 ministrantem
1247 2336 1580 2421 platanum
1609 2340 1986 2423 potantibus
2018 2343 2302 2405 umbras·

346 2500 451 2552 127.
488 2502 689 2564 Corycus
712 2500 900 2550 Ciliciae
922 2501 1172 2566 oppidum,
1186 2512 1327 2550 antro
1349 2512 1401 2551 et

274 2580 420 2614 croco
440 2564 558 2613 satis
582 2576 781 2621 notum;
818 2581 882 2614 ex
904 2582 1000 2628 quo
1023 2582 1139 2629 agro
1163 2566 1399 2615 oriundus

276 2645 431 2679 senex
462 2629 544 2677 hic
577 2630 632 2677 in
860 2630 1181 2679 Tarentinum
1203 2646 1233 2679 a
1254 2641 1399 2695 poeta

274 2693 547 2743 adducitur.
606 2692 739 2749 Quid
758 2704 891 2743 vetat
911 2711 1007 2758 quo
1030 2694 1193 2743 minus
1210 2704 1397 2744 certum

272 2758 521 2808 bominem
534 2757 740 2807 Cilicem
753 2758 1099 2835 intelligamus,
1114 2775 1259 2833 quem
1276 2776 1393 2834 poe-

274 2823 1075 2946 ffiffi”311222‘2”3¹15¹1¹1¹1.⁰³t13132
1095 2824 1297 2936 {3¹:33
1312 2824 1398 2936 2¹3?

272 2953 455 3001 lentem
477 2954 713 3001 noverat?

345 3018 613 3068 127—129.
651 3019 739 3065 Gai
746 3034 901 3079 pauca
912 3020 1067 3065 relicti
1080 3019 1259 3081 Iugera
1271 3021 1396 3066 ruris

272 3090 420 3132 nme.
466 3084 699 3131 Relictam
719 3098 800 3135 rus
822 3096 935 3130 cum
953 3081 1171 3130 absolute
1190 3082 1395 3140 dicatur,

272 3146 361 3195 vix
382 3146 524 3195 aliter
542 3145 700 3212 accipi
721 3155 899 3209 potest,
915 3162 1058 3208 quam
1078 3146 1182 3195 sive
1202 3146 1263 3195 de
1280 3148 1394 3195 sub-

272 3211 448 3271 secivo,
474 3212 522 3259 11.
547 3209 601 3259 111
624 3210 904 3269 metatione,
923 3226 1035 3258 cum
1056 3210 1161 3273 agri
1178 3210 1394 3275 assigna—

274 3288 458 3335 rentur,
478 3275 609 3325 intra
628 3274 809 3323 limites
833 3290 933 3323 non
951 3285 1175 3338 recept03
1212 3276 1315 3323 sive
1333 3276 1395 3323 de

273 3350 521 3391 contemto
543 3339 745 3389 omnino
764 3348 965 3405 propter
976 3340 1289 3401 jejunitatem
1306 3340 1395 3388 soli

276 3406 497 3470 neglecto
512 3414 565 3453 et
585 3406 781 3453 deserto
808 3420 938 3467 agro.
997 3406 1097 3451 Nec
1106 3402 1289 3467 fertilis
1313 3408 1397 3453 illa

262 3470 491 3533 juvencis,
522 3470 571 3518 11.
591 3472 915 3531 iuvencorum
946 3468 1124 3525 labore,
1162 3468 1393 3517 aratione.

276 3537 411 3610 Seps
434 3533 635 3583 omnino
663 3549 756 3609 pro
788 3548 919 3596 agro,
943 3532 1059 3581 solo.
1121 3533 1168 3581 N
1171 3549 1225 3581 ec
1248 3534 1393 3582 arati-

272 3614 372 3657 om,
396 3616 487 3649 nec
510 3614 718 3663 pascms,
743 3614 833 3647 nec
856 3596 1015 3647 vincis
1036 3598 1217 3646 bonum
1240 3598 1397 3647 solum

274 3663 423 3713 fuine
443 3662 578 3712 dicit.

342 3731 449 3787 130,
479 3729 584 3777 131.
620 3728 679 3775 In
698 3730 863 3783 dumis,
896 3726 951 3774 in
983 3726 1087 3775 solo
1120 3726 1319 3791 spinoso
1342 3742 1397 3775 ac

271 3792 432 3841 dumis
472 3790 763 3854 indulgenti,
800 3808 1021 3853 premens,
1054 3790 1297 3855 plantans,
1340 3802 1394 3839 ut

272 3858 393 3907 Geo.
428 3856 481 3915 ii,
514 3856 625 3915 346,
656 3872 943 3919 μοι-1111191111
977 3872 1156 3917 premes
1190 3858 1393 3919 virgulta

266 3938 355 3983 per
374 3938 524 3985 agros.
582 3920 651 3968 Ut
667 3937 872 3982 premere
908 3920 976 3968 sit
1010 3919 1191 3983 legere,
1223 3919 1390 3969 decer-

272 4001 405 4049 pere,
420 3994 621 4044 metere,
641 3985 831 4047 adjecta
850 4000 975 4060 opus
997 3994 1127 4033 esset
1148 3984 1245 4033 alia
1257 4002 1390 4044 voce,

272 4066 435 4109 111111111,
462 4065 639 4113 ungue,
663 4059 720 4097 ut
740 4051 860 4099 Geo.
886 4066 919 4107 1,
950 4046 1198 4110 157,falce
1214 4066 1395 4112 premes

272 4118 471 4171 umbras,
486 4112 741 4163 resecabis.
788 4114 917 4163 Tum
938 4131 1097 4163 rarum
1114 4117 1213 4165 olus
1302 4123 1397 4163 test

270 4178 445 4227 referri
467 4177 530 4226 ad
551 4193 819 4243 pauperem
842 4179 1052 4236 hortum,
1071 4188 1128 4227 ut
1148 4194 1198 4227 m
1266 4178 1394 4228 'cum

272 4242 379 4293 olus
402 4242 519 4291 inde
542 4242 823 4307 provenisse
847 4242 1005 4299 dicat;
1040 4243 1127 4293 sed
1140 4243 1305 4293 verius
1322 4252 1397 4292 est

272 4307 342 4355 ita
384 4307 499 4365 dici,
545 4306 773 4370 quoniam
812 4307 1067 4373 proprium
1105 4308 1309 4357 sationis
1348 4320 1398 4357 et

271 4370 590 4447 plantationis
608 4380 697 4429 est,
722 4381 778 4420 ut
809 4373 941 4421 olera
976 4372 1141 4437 parvis
1179 4372 1309 4422 inter
1345 4389 1397 4422 se

270 4435 556 4493 nmen-vallis,
590 4436 713 4485 raris
760 4438 1011 4486 ordinibus
1043 4447 1267 4489 serantur
1284 4458 1297 4495 ς
1347 4438 1397 4486 id

1464 2504 1594 2566 quod
1616 2505 1668 2551 in
1691 2504 1796 2552 solo
1833 2504 1968 2551 tenui
2001 2505 2158 2553 multo
2189 2506 2345 2569 magis
2369 2506 2475 2554 fieri
2499 2523 2586 2555 ne-

1461 2584 1598 2617 cesse
1622 2577 1739 2617 erat.
1800 2568 1984 2616 Saltem
2014 2570 2106 2618 hoc
2131 2570 2298 2617 malim
2320 2586 2466 2633 quam
2496 2587 2584 2635 po-

1462 2648 1628 2681 rosum
1652 2632 1978 2697 interpretari,
2002 2642 2060 2681 ut
2087 2634 2296 2698 spongia
2329 2650 2440 2684 rara
2463 2635 2585 2683 dici-

1464 2706 1559 2745 tur.
1621 2700 1818 2753 Circum,
1861 2696 1914 2745 in
1959 2698 2058 2746 oris
2103 2714 2328 2748 arearum
2372 2699 2587 2749 oleribus

1461 2761 1774 2810 consitarum.
1848 2763 2068 2819 Ver-bena,
2101 2762 2433 2822 hierobotane‚
2468 2765 2516 2811 h.
2551 2764 2583 2813 1.

1461 2840 1612 2890 apum
1633 2840 1782 2874 causa
1802 2834 1920 2874 sata.
1986 2829 2172 2875 Vescum
2205 2846 2422 2890 papaver,
2450 2829 2587 2878 tenui

1461 2905 1642 2953 grano:
1677 2890 1798 2937 Geo.
1813 2889 1882 2949 iii,
1905 2890 2011 2949 175,
2024 2908 2178 2940 vescas
2190 2896 2381 2943 :allecem
2391 2892 2586 2956 frondes

1463 2954 1614 3011 dixin
1649 2953 1712 3002 ad
1735 2970 1880 3017 quem
1901 2970 2097 3005 versum
2119 2956 2245 3006 vide.

1531 3020 1798 3069 134—137.
1839 3022 2052 3082 Carpere,
2076 3021 2322 3085 carpebat,
2353 3021 2585 3071 historico

1460 3084 1620 3142 modo,
1645 3093 1702 3132 ut
1720 3100 1762 3131 v.
1795 3086 1898 3133 140.
1943 3088 2137 3149 Frigore
2160 3104 2276 3135 sara
2301 3088 2548 3149 Rumperet
2569 3107 2585 3135 .-

1464 3148 1560 3196 vid.
1586 3147 1649 3196 ad
1671 3150 1792 3196 Geo.
1817 3148 1887 3207 iii,
1913 3151 2023 3198 363.
2083 3152 2208 3199 Cum
2233 3150 2316 3199 vix
2339 3152 2508 3201 credas
2530 3153 2582 3201 in

1462 3212 1584 3261 locis
1605 3212 1683 3261 his
1719 3212 1876 3261 Italiae
1909 3224 2141 3263 extremae
2161 3215 2292 3264 circa
2315 3217 2584 3266 Tarentum

1461 3286 1646 3325 tantam
1681 3276 1856 3326 hiemis
1896 3278 2132 3327 saevitiam
2176 3280 2392 3329 incidere
2425 3298 2582 3346 posse,

1495 3357 1552 3390 ro
1583 3342 1799 3404 generali
1832 3342 2012 3392 'hiemis
2045 3344 2294 3394 notatione
2334 3347 2437 3395 haec
2469 3358 2586 3395 sunt

1461 3358 1700 3455 Habenda.
1740 3410 1919 3455 Comum
1942 3412 2088 3457 mollis
2097 3410 2204 3471 jam
2229 3413 2442 3459 tondebat
2463 3415 2578 3475 hya-

1461 3475 1639 3520 cinthi.-
1693 3470 1742 3519 11.
1796 3475 2028 3537 carpebat
2079 3474 2368 3537 hyacinthos
2425 3475 2585 3524 media

1462 3536 1638 3583 hieme.
1700 3539 1835 3583 Coma
1859 3541 2096 3598 hyacinthi
2119 3553 2209 3599 pro
2231 3538 2338 3599 ipso
2361 3538 2494 3586 flore.

1534 3600 1639 3648 138.
1679 3600 1895 3660 Argutus
1941 3615 2122 3647 versus.
2198 3602 2310 3665 Ipse
2355 3615 2580 3649 antever-

1465 3664 1600 3712 tebat
1620 3662 1916 3727 praecocibus
1951 3662 2150 3712 floribus
2173 3672 2388 3713 aestatem
2413 3675 2462 3713 et
2488 3666 2580 3714 Ze-

1464 3728 1658 3793 phyros,
1680 3735 1730 3775 et
1751 3726 1933 3775 idcirco
1961 3727 2214 3791 increpare
2237 3744 2405 3777 eorum
2431 3730 2580 3779 tradi-

1458 3801 1609 3841 tatem
1631 3808 1688 3841 ac
1713 3807 1898 3840 moram
1923 3791 2076 3841 videri
2097 3802 2302 3856 poterat.

1526 3859 1796 3907 139—141.
1814 3856 2070 3906 Mellificio
2083 3858 2420 3907 antevertebat
2433 3858 2554 3907 alios
2569 3879 2581 3915 ;

1458 3922 1604 3971 mella
1636 3921 1876 3971 maturius
1917 3921 2221 3987 exprimebat
2253 3922 2388 3972 favis.
2458 3926 2582 3986 Apes

1444 3986 1583 4049 soetae
1605 3986 1763 4037 melle.

1527 4052 1634 4110 142,
1672 4053 1776 4099 143.
1828 4051 1998 4101 Fidem
2039 4053 2336 4115 proestabant
2369 4053 2580 4111 arbores,

1460 4131 1550 4165 nec
1591 4116 1948 4166 frustrabantur
1989 4132 2128 4179 spem
2171 4132 2236 4164 ex
2279 4116 2492 4166 flosculis
2532 4126 2584 4167 et

1458 4181 1678 4293 gendari-2
1687 4190 1988 4244 conceptam.
2049 4180 2202 4229 Poma
2233 4180 2396 4231 futura
2427 4182 2584 4231 latent

1460 4261 1513 4293 111
1572 4260 1644 4294 on
1679 4262 1750 4293 us.

1533 4309 1801 4360 144-147.
1842 4309 1932 4357 Ille
1969 4309 2118 4358 etiam
2159 4310 2316 4359 tilmos
2357 4311 2408 4359 in
2447 4312 2578 4361 ordi-

1464 4374 1622 4433 nibus,
1660 4373 1784 4423 κατὰ
1818 4372 2034 4436 στίχους,
2066 4375 2114 4423 11.
2142 4390 2184 4423 e.
2215 4375 2298 4425 ille
2337 4376 2578 4425 ulmorum

1464 4438 1660 4487 ordines
1695 4448 1948 4502 posuerat;
1985 4450 2035 4487 at
2075 4440 2348 4503 elegantius
2381 4444 2580 4499 distulit,
