3050 4934
443 245 573 309 292

1338 247 1873 311 AENEIDOS

615 395 943 460 Protenus
972 397 1181 459 aerias
1215 394 1568 459 Phaeacum
1599 392 2058 459 abscondimus
2087 414 2296 471 arces,

620 496 1007 581 Littoraque
1039 496 1229 580 Epiri
1258 494 1556 580 legimus,
1585 504 1916 581 portuque
1947 495 2238 559 subimus

616 597 935 675 Chaonio,
968 609 1037 662 et
1062 597 1301 663 celsam
1330 597 1643 662 Buthroti
1673 597 2039 662 accedimus
2071 597 2322 661 urbem.

698 698 833 765 Hic
861 698 1255 765 incredibilis
1282 722 1501 764 rerum
1528 698 1700 763 fama
1725 709 2002 783 occupat
2031 720 2246 775 aures,

442 800 573 865 295
618 800 989 866 Priamiden
1021 799 1349 866 Helenum
1380 800 1620 865 Graias
1651 822 1926 884 regnare
1957 822 2078 884 per
2107 800 2335 877 urbes,

616 903 940 989 Conjugio
968 902 1270 967 AEacidae
1300 902 1542 987 Pyrrhi
1571 902 1978 987 sceptrisque
2006 903 2320 986 potitum3

614 1004 709 1071 Et
734 1006 950 1089 patrio
975 1001 1487 1069 Andromachen
1512 1004 1750 1071 iterum
1779 1003 2054 1068 cessisse
2081 990 2334 1067 marito.

614 1106 991 1190 Obstupui3
1035 1107 1327 1190 miroque
1356 1106 1692 1169 incensum
1720 1116 1952 1189 peetus
1981 1126 2222 1181 amore,

613 1206 1022 1292 Compellare
1051 1208 1279 1283 virum,
1312 1217 1381 1271 et
1410 1228 1604 1271 casus
1631 1227 2026 1291 cognoscere
2057 1216 2295 1270 tantos·

440 1308 573 1373 300
616 1307 1017 1393 Progredior
1046 1319 1267 1393 portu,
1296 1307 1540 1373 classes
1571 1318 1640 1372 et
1669 1306 1890 1372 littora
1917 1306 2240 1391 linquens.

616 1408 976 1475 Sollemnes
1008 1420 1147 1475 tum
1176 1409 1347 1474 forte
1376 1410 1610 1494 dapes,
1640 1420 1710 1474 et
1735 1409 1948 1473 tristia
1977 1408 2172 1485 dona,

612 1509 793 1576 Ante
824 1512 1054 1576 urbem
1080 1512 1147 1575 in
1176 1510 1347 1588 lucc,
1380 1508 1525 1575 falsi
1557 1510 1905 1574 Simoentis
1934 1510 2021 1574 ad
2049 1509 2316 1586 undam,

614 1612 901 1678 Libabat
930 1614 1130 1677 cineri
1159 1610 1646 1689 Andromache,
1679 1611 2049 1695 Manesque
2079 1610 2355 1676 vocabat
2453 1654 2464 1664 ·

613 1712 1017 1780 Hectoreum
1046 1715 1133 1779 ad
1150 1713 1518 1791 tumulum3
1563 1712 1751 1777 viridi
1780 1734 1976 1797 quem
2001 1713 2250 1797 cespite
2281 1714 2560 1790 inanem,

440 1816 571 1882 305
615 1816 711 1881 Et
738 1817 1052 1903 geminas,
1084 1837 1347 1881 causam
1374 1814 1676 1892 lacrimis,
1711 1824 2078 1880 sacraverat
2107 1835 2278 1878 aras.

614 1916 713 1982 Ut
740 1939 841 1982 me
874 1918 1217 2001 conspexit
1244 1916 1632 1992 venientem,
1662 1924 1732 1979 et
1759 1914 1964 1979 Troia
1991 1915 2236 1979 circum

614 2016 820 2082 Arma
847 2039 1068 2082 amens
1097 2016 1295 2093 vidit;
1340 2016 1589 2099 mag-nis
1617 2016 1935 2079 exterrita
1958 2016 2264 2080 monstris

613 2118 923 2201 Deriguit
950 2117 1093 2180 visu
1120 2116 1189 2180 in
1215 2116 1469 2194 medio;
1514 2114 1692 2179 calor
1722 2138 1872 2181 ossa
1902 2115 2185 2201 reliquit.

616 2217 919 2295 Labitur,
950 2228 1021 2282 et
1046 2216 1243 2302 longo
1272 2217 1382 2281 vix
1410 2218 1676 2281 tandem
1701 2227 1996 2302 tempore
2025 2217 2236 2283 fatur:

436 2319 571 2384 310
612 2318 877 2385 Verane
908 2328 973 2385 te
1003 2317 1226 2396 facies,
1256 2340 1449 2382 verus
1480 2316 1638 2382 mihi
1665 2318 1930 2383 nuntius
1963 2316 2184 2398 afferS,

611 2419 791 2485 Nate
820 2421 991 2485 dea?
1038 2420 1325 2484 vivisne?
1370 2430 1507 2497 aut,
1542 2419 1596 2483 si
1623 2417 1739 2483 lux
1767 2418 1934 2484 alma
1961 2421 2256 2499 recessit,

614 2521 870 2589 Hector
898 2523 1013 2588 ubi
1040 2525 1187 2588 est?
1234 2522 1424 2599 dixit,
1453 2520 1881 2606 lacrimasque
1911 2520 2169 2601 effudit,
2201 2534 2270 2588 et
2299 2546 2550 2590 omnem

438 2704 569 2755 sepe
594 2690 797 2739 Homer.
824 2688 901 2738 hl
924 2690 1089 2747 κληῗσι
1117 2686 1319 2749 κάθιζον.
1372 2690 1570 2735 Fer-{ane

438 2771 577 2811 mare,
599 2763 655 2802 ut
676 2753 821 2803 toties
841 2752 1039 2803 τύπτειν
1060 2750 1171 2802 ἅλα.
1219 2756 1267 2800 A
1270 2754 1564 2809 brendinus,

436 2818 851 2882 praetervehimur‚
876 2819 1153 2881 Corcyram,
1180 2832 1333 2878 eaque
1364 2831 1394 2864 a
1428 2826 1568 2879 tergo

434 2882 608 2931 relicta
641 2882 988 2945 adnavigamus
1022 2880 1175 2929 littori
1212 2880 1367 2946 Epiri.
1438 2880 1560 2928 Pro-

435 2946 543 3011 prie
566 2946 827 2995 dicendum
850 2954 968 3004 erat,
992 2947 1145 2994 §mla
1166 2946 1459 2993 absconditur
1479 2962 1560 2993 no-

438 3014 521 3069 bis,
568 3011 723 3059 oculis
764 3010 960 3059 nostris.
1046 3008 1249 3057 Dictum
1290 3012 1565 3057 abscondere

438 3074 609 3125 eodem
641 3075 787 3122 modo
807 3082 864 3123 ut
896 3088 1003 3137 sup.
1026 3088 1073 3121 v.
1099 3072 1194 3123 275
1224 3076 1465 3134 aperitur.-
1498 3072 1561 3121 cf.

436 3138 521 3185 inf.
548 3138 609 3186 ad
630 3140 743 3186 411.
798 3140 970 3185 Aerias
986 3139 1232 3186 Phaeacum
1256 3153 1399 3195 arces,
1420 3152 1561 3185 mon-

436 3212 511 3250 tes
534 3202 771 3265 Corcyrae,
796 3200 909 3263 ὄρεα
937 3198 1162 3250 σκιόεντα
1190 3199 1331 3259 Γαίης
1350 3199 1566 3259 Φαιήκων

434 3265 609 3327 Odyss.
636 3283 673 3323 ε,
699 3265 808 3316 279.
866 3266 1013 3313 Portu
1039 3267 1250 3323 Chaonio,
1285 3274 1361 3314 est
1390 3274 1563 3329 portus

435 3330 641 3378 Pelodes
672 3329 734 3378 ad
765 3329 1058 3377 Buthrotum
1096 3328 1253 3393 Epiri,
1280 3328 1563 3379 Chaonibus

434 3394 678 3458 quondam
698 3393 941 3442 habitate.

498 3461 597 3508 294
626 3474 683 3522 sq
714 3493 728 3506 .
772 3456 972 3535 Audito,
1004 3457 1253 3506 Helenum
1285 3458 1375 3506 has
1406 3467 1564 3507 terras

430 3532 615 3636 ssssffffi‘i’
634 3587 687 3635 in
721 3536 941 3636 summ
882 3522 1326 3636 fflfflffm:
1346 3523 1563 3635 ‘3333

430 3668 521 3700 suo
562 3651 827 3707 ferentemz
878 3651 1119 3717 comperit
1154 3668 1219 3700 ex
1256 3668 1316 3700 ea
1354 3652 1563 3701 fortunae

430 3732 573 3766 casus
606 3732 728 3793 quos
761 3716 871 3791 illa·
886 3716 1129 3772 subieram
1155 3724 1222 3790 *et
1260 3732 1324 3764 ex
1365 3716 1562 3764 Heleno

510 3944 524 3957 .
640 3924 715 3957 tra
754 3923 897 3956 onem
1156 3923 1185 3956 e
1204 3922 1350 3956 enum
1430 3924 1485 3956 ro
1502 3925 1555 3957 a·

430 3988 548 4022 num
585 3976 782 4023 Graecas
814 3974 963 4021 urbes
1003 3982 1185 4030 tenere,
1228 3981 1279 4019 et
1313 3988 1465 4035 regno
1477 3926 1557 4022 ⁸lac

428 4040 635 4113 conjug-e
685 4037 873 4102 Pyrrhi,
926 4036 1011 4100 qui
1056 4036 1253 4099 Trojam
1298 4046 1553 4096 everterat,

426 4112 637 4165 potitum
673 4118 795 4151 esse.
864 4102 957 4151 Est
989 4101 1081 4150 hoc
1116 4100 1387 4165 episodium
1425 4101 1556 4151 inter

428 4166 709 4214 felicissima
742 4176 793 4214 et
862 4166 1153 4215 ulcherrima
1173 4165 1235 4214 ad
1257 4166 1483 4215 affectum
1505 4175 1558 4215 et

429 4229 490 4277 ad
529 4238 765 4279 ornatum.
828 4182 1095 4294 Pstngicum
1140 4230 1367 4305 spiritum
1412 4230 1554 4279 facile

426 4308 674 4354 agnoscas.
742 4295 984 4343 Converte
1007 4304 1335 4343 narrationem
1364 4295 1415 4342 in
1438 4294 1548 4343 dra-

1633 2687 1688 2735 Si
1713 2688 1998 2751 perveneris
2019 2688 2080 2737 ad
2113 2688 2224 2737 illae
2258 2698 2344 2739 aut
2362 2693 2406 2739 si
2437 2692 2519 2738 lux
2539 2693 2666 2740 alna
2685 2708 2760 2741 re-

1631 2756 1781 2811 cessit,
1807 2755 1981 2801 Hector
2001 2756 2082 2801 ubi
2111 2761 2180 2802 est
2193 2757 2220 2801 t
2251 2754 2492 2818 palpitare
2512 2765 2688 2818 pectus
2707 2756 2761 2805 in

1631 2816 1740 2864 sinu
1763 2816 1962 2865 senties.
2029 2820 2194 2867 Pam'o
2215 2822 2394 2875 amito,
2419 2819 2640 2881 ejusdem
2661 2820 2760 2869 ori·

1665 2878 1773 2939 ‘nis,
1797 2896 1864 2929 sc.
1888 2882 2126 2944 Trojanae.
2193 2882 2318 2931 Erat
2351 2883 2578 2933 Helenus
2609 2884 2764 2934 frater

1687 2944 1877 2993 ector-is.
1947 2946 2009 2994 In
2053 2949 2237 2995 cessisse
2275 2956 2564 3010 argutantur
2603 2949 2757 2998 inter-

1627 3018 1804 3073 pretes.
1873 3010 1962 3058 Nil
1994 3010 2128 3059 aliud
2157 3020 2246 3069 est,
2269 3026 2418 3074 quam
2449 3012 2762 3063 matrimonio

1629 3073 1800 3132 teneri,
1825 3074 2008 3133 haberi,
2035 3076 2116 3123 vel
2147 3074 2376 3139 relinqui,
2401 3076 2570 3126 venire
2593 3078 2648 3126 in
2669 3094 2759 3143 po-

1630 3146 1856 3187 testatem
1879 3139 2080 3189 alterius
2101 3139 2210 3189 viri.

1693 3204 1803 3251 298.
1839 3206 2048 3253 Amorem
2079 3205 2209 3269 apud
2240 3214 2412 3279 poetas
2433 3220 2541 3255 esse
2561 3207 2756 3273 cupidi-

1629 3274 1780 3315 tatem
1801 3276 1852 3314 et
1873 3268 2088 3317 studium
2111 3269 2410 3319 memineris.

1693 3333 1964 3381 301—-305,
1989 3333 2166 3381 Ornati
2187 3348 2372 3383 versus.
2413 3335 2760 3387 Andromache

1627 3394 1826 3444 inferias
1855 3396 2042 3445 ferebat
2063 3398 2297 3447 Manibus
2321 3398 2569 3449 Hectoris.
2621 3404 2760 3451 Dona

1627 3460 1676 3507 h.
1700 3459 1731 3507 1.
1763 3459 1817 3507 in
1841 3474 1897 3508 re
1919 3476 2058 3509 sacra
2077 3461 2140 3510 de
2160 3462 2408 3513 libatione.
2465 3467 2632 3515 &nois
2653 3476 2760 3515 erat

1627 3524 1896 3582 simulatus,
1921 3524 1982 3573 cf.
2015 3525 2102 3573 ins.
2129 3528 2226 3575 349
2249 3544 2318 3591 sq.
2343 3538 2396 3577 et
2415 3530 2526 3587 336,
2549 3540 2610 3578 ut
2629 3531 2754 3579 sole-

1627 3588 1748 3636 bant
1765 3588 2065 3639 coloniarum
2085 3591 2364 3641 conditores
2385 3594 2658 3657 patriorum
2683 3596 2758 3643 lo-

1627 3668 1796 3701 corum
1817 3670 1872 3701 ac
1899 3653 2156 3704 fluminum
2179 3656 2380 3705 nomina
2411 3658 2676 3708 mnaferre
2695 3660 2760 3709 ad

1625 3732 1778 3765 novas
1815 3718 1972 3767 sedes.
2041 3718 2246 3769 Hectori
2282 3722 2628 3787 cenotaphium
2667 3740 2756 3773 ex—

1625 3790 1884 3831 struxerat.
1955 3786 2172 3833 Gem'm
2201 3802 2326 3845 aras,
2349 3786 2456 3835 sive
2485 3798 2544 3836 ut
2577 3788 2685 3837 Ecl.
2710 3805 2758 3847 v,

1625 3846 1703 3903 66,
1745 3850 1866 3895 Ecce
1910 3850 2028 3897 duas
2071 3852 2160 3897 tibi
2194 3853 2414 3912 Daphni,
2459 3852 2564 3903 sive
2607 3869 2758 3903 unam

1623 3910 1812 3968 marito,
1847 3912 2050 3961 alteram
2083 3914 2199 3972 filio,
2224 3915 2525 3979 Astyanacti.
2596 3918 2760 3968 Probo

1621 3973 1956 4039 posteriorem,
2000 3978 2130 4040 quod
2169 3994 2356 4029 causam
2405 3984 2624 4041 lacrimis,
2665 3983 2752 4033 ad·-

1613 4040 1800 4101 jectum
1821 4050 1909 4089 est.

1686 4106 1795 4162 306,
1821 4105 1930 4156 307.
1979 4108 2118 4155 Troia
2149 4124 2296 4166 arma,
2333 4108 2462 4158 viros
2496 4110 2752 4173 Trojanos.

1619 4170 1858 4225 Monstris,
1899 4170 2146 4234 adspectu,
2189 4174 2272 4235 qui
2317 4174 2412 4239 ipsi
2452 4176 2658 4225 monstri
2701 4188 2755 4227 et

1619 4232 1829 4296 prodigii
1851 4233 2006 4283 instar
2027 4246 2145 4284 erat.

1683 4300 1950 4346 alo—312.
2005 4301 2145 4348 Tune
2187 4316 2302 4349 vere
2334 4302 2452 4351 ades
2484 4299 2626 4369 ipse?
2673 4305 2749 4368 efi-

424 4372 532 4413 ma;
578 4357 709 4431 tinge
743 4358 1118 4408 Andromachen
1150 4357 1349 4407 inferias
1388 4359 1549 4407 feren·
1604 4358 1767 4420 ser-ene
1799 4372 1844 4411 te
1867 4364 1950 4421 (cf.
1974 4363 2060 4411 inf.
2087 4364 2206 4427 346)
2231 4370 2343 4415 miles·
2376 4376 2606 4431 tanquam
2637 4388 2752 4419 vem

424 4432 523 4470 tem
570 4430 619 4470 te
658 4420 838 4478 videre,
880 4422 1009 4485 finge
1044 4423 1323 4485 loquentem
1366 4424 1548 4473 audire.
1605 4424 1757 4485 facies
1781 4427 1870 4475 viri
1893 4431 2032 4491 cujus
2053 4430 2270 4494 speciem
2291 4430 2476 4481 habes?
2513 4442 2748 4497 tanquam
