<?xml version="1.0" encoding="UTF-8"?>
<!DOCTYPE html PUBLIC "-//W3C//DTD XHTML 1.0 Transitional//EN"
    "http://www.w3.org/TR/xhtml1/DTD/xhtml1-transitional.dtd">
<html xmlns="http://www.w3.org/1999/xhtml" xml:lang="en" lang="en">
 <head>
  <title>
</title>
<meta http-equiv="Content-Type" content="text/html;charset=utf-8" />
  <meta name='ocr-system' content='tesseract 3.04.00' />
  <meta name='ocr-capabilities' content='ocr_page ocr_carea ocr_par ocr_line ocrx_word'/>
</head>
<body>
  <div class='ocr_page' id='page_1' title='image "./publiivirgiliim00unkngoog_0218.png"; bbox 0 0 3050 4934; ppageno 0'>
   <div class='ocr_carea' id='block_1_1' title="bbox 1273 248 1715 316">
    <p class='ocr_par' dir='ltr' id='par_1_1' title="bbox 1273 248 1715 316">
     <span class='ocr_line' id='line_1_1' title="bbox 1273 248 1715 316; baseline 0.009 -4"><span class='ocrx_word' id='word_1_1' title='bbox 1273 248 1616 315; x_wconf 87' lang='lat' dir='ltr'>LIBER</span> <span class='ocrx_word' id='word_1_2' title='bbox 1660 252 1715 316; x_wconf 93' lang='lat' dir='ltr'><strong>I.</strong></span> 
     </span>
    </p>
   </div>
   <div class='ocr_carea' id='block_1_2' title="bbox 321 390 2355 1083">
    <p class='ocr_par' dir='ltr' id='par_1_2' title="bbox 499 390 1917 483">
     <span class='ocr_line' id='line_1_2' title="bbox 499 390 1917 483; baseline 0.006 -29"><span class='ocrx_word' id='word_1_3' title='bbox 499 390 796 469; x_wconf 85' lang='lat' dir='ltr'><strong>Solabar,</strong></span> <span class='ocrx_word' id='word_1_4' title='bbox 829 394 978 459; x_wconf 82' lang='lat' dir='ltr'><strong>satis</strong></span> <span class='ocrx_word' id='word_1_5' title='bbox 1009 398 1334 461; x_wconf 89' lang='lat' dir='ltr'><strong>contraria</strong></span> <span class='ocrx_word' id='word_1_6' title='bbox 1363 397 1496 463; x_wconf 87' lang='lat' dir='ltr'><strong>fata</strong></span> <span class='ocrx_word' id='word_1_7' title='bbox 1527 401 1917 483; x_wconf 85' lang='lat' dir='ltr'><strong>rependens.</strong></span> 
     </span>
    </p>

    <p class='ocr_par' dir='ltr' id='par_1_3' title="bbox 322 490 2355 784">
     <span class='ocr_line' id='line_1_3' title="bbox 322 490 2075 564; baseline 0.006 -11"><span class='ocrx_word' id='word_1_8' title='bbox 322 490 454 553; x_wconf 74' lang='lat'><strong>240</strong></span> <span class='ocrx_word' id='word_1_9' title='bbox 496 491 694 558; x_wconf 89' lang='lat' dir='ltr'><strong>Nunc</strong></span> <span class='ocrx_word' id='word_1_10' title='bbox 724 496 955 559; x_wconf 87' lang='lat' dir='ltr'><strong>eadem</strong></span> <span class='ocrx_word' id='word_1_11' title='bbox 984 496 1246 561; x_wconf 80' lang='lat' dir='ltr'><strong>fortuna</strong></span> <span class='ocrx_word' id='word_1_12' title='bbox 1274 499 1445 562; x_wconf 87' lang='lat' dir='ltr'><strong>viros</strong></span> <span class='ocrx_word' id='word_1_13' title='bbox 1477 510 1577 563; x_wconf 86' lang='lat' dir='ltr'><strong>tot</strong></span> <span class='ocrx_word' id='word_1_14' title='bbox 1604 501 1863 564; x_wconf 82' lang='lat' dir='ltr'><strong>casibus</strong></span> <span class='ocrx_word' id='word_1_15' title='bbox 1895 511 2075 564; x_wconf 87' lang='lat' dir='ltr'><strong>actos</strong></span> 
     </span>
     <span class='ocr_line' id='line_1_4' title="bbox 498 593 2355 687; baseline 0.006 -30"><span class='ocrx_word' id='word_1_16' title='bbox 498 593 909 679; x_wconf 82' lang='lat' dir='ltr'><strong>Insequitur:</strong></span> <span class='ocrx_word' id='word_1_17' title='bbox 955 621 1150 682; x_wconf 87' lang='lat' dir='ltr'><strong>quem</strong></span> <span class='ocrx_word' id='word_1_18' title='bbox 1179 601 1298 664; x_wconf 87' lang='lat' dir='ltr'><strong>das</strong></span> <span class='ocrx_word' id='word_1_19' title='bbox 1329 600 1548 677; x_wconf 90' lang='lat' dir='ltr'><strong>finem,</strong></span> <span class='ocrx_word' id='word_1_20' title='bbox 1581 623 1699 666; x_wconf 83' lang='lat' dir='ltr'><strong>rex</strong></span> <span class='ocrx_word' id='word_1_21' title='bbox 1726 625 1983 687; x_wconf 81' lang='lat' dir='ltr'><strong>magne,</strong></span> <span class='ocrx_word' id='word_1_22' title='bbox 2015 603 2355 669; x_wconf 69' lang='lat' dir='ltr'><strong>laborum?</strong></span> 
     </span>
     <span class='ocr_line' id='line_1_5' title="bbox 496 693 1941 784; baseline 0.006 -26"><span class='ocrx_word' id='word_1_23' title='bbox 496 693 798 761; x_wconf 79' lang='lat' dir='ltr'><strong>Antenor</strong></span> <span class='ocrx_word' id='word_1_24' title='bbox 826 700 1064 781; x_wconf 88' lang='lat' dir='ltr'><strong>potuit,</strong></span> <span class='ocrx_word' id='word_1_25' title='bbox 1093 700 1322 763; x_wconf 88' lang='lat' dir='ltr'><strong>mediis</strong></span> <span class='ocrx_word' id='word_1_26' title='bbox 1354 700 1617 784; x_wconf 88' lang='lat' dir='ltr'><strong>elapsus</strong></span> <span class='ocrx_word' id='word_1_27' title='bbox 1647 701 1941 779; x_wconf 83' lang='lat' dir='ltr'><strong>Achivis,</strong></span> 
     </span>
    </p>

    <p class='ocr_par' dir='ltr' id='par_1_4' title="bbox 321 793 2272 1083">
     <span class='ocr_line' id='line_1_6' title="bbox 495 793 2070 885; baseline 0.006 -28"><span class='ocrx_word' id='word_1_28' title='bbox 495 793 787 878; x_wconf 83' lang='lat' dir='ltr'><strong>Illyricos</strong></span> <span class='ocrx_word' id='word_1_29' title='bbox 815 810 1163 882; x_wconf 86' lang='lat' dir='ltr'><strong>penetrare</strong></span> <span class='ocrx_word' id='word_1_30' title='bbox 1193 801 1372 863; x_wconf 86' lang='lat' dir='ltr'><strong>sinus</strong></span> <span class='ocrx_word' id='word_1_31' title='bbox 1404 812 1603 885; x_wconf 86' lang='lat' dir='ltr'><strong>atque</strong></span> <span class='ocrx_word' id='word_1_32' title='bbox 1634 803 1859 865; x_wconf 89' lang='lat' dir='ltr'><strong>intima</strong></span> <span class='ocrx_word' id='word_1_33' title='bbox 1888 813 2070 866; x_wconf 86' lang='lat' dir='ltr'><strong>tutus</strong></span> 
     </span>
     <span class='ocr_line' id='line_1_7' title="bbox 496 895 2272 986; baseline 0.004 -24"><span class='ocrx_word' id='word_1_34' title='bbox 496 895 734 981; x_wconf 86' lang='lat' dir='ltr'><strong>Regna</strong></span> <span class='ocrx_word' id='word_1_35' title='bbox 765 898 1229 978; x_wconf 86' lang='lat' dir='ltr'><strong>Liburnorum,</strong></span> <span class='ocrx_word' id='word_1_36' title='bbox 1261 912 1330 965; x_wconf 88' lang='lat' dir='ltr'><strong>et</strong></span> <span class='ocrx_word' id='word_1_37' title='bbox 1356 901 1605 966; x_wconf 87' lang='lat' dir='ltr'><strong>fontem</strong></span> <span class='ocrx_word' id='word_1_38' title='bbox 1636 926 1946 986; x_wconf 87' lang='lat' dir='ltr'><strong>superare</strong></span> <span class='ocrx_word' id='word_1_39' title='bbox 1977 904 2272 983; x_wconf 80' lang='lat' dir='ltr'><strong>Timavi3</strong></span> 
     </span>
     <span class='ocr_line' id='line_1_8' title="bbox 321 994 2271 1083; baseline 0.005 -24"><span class='ocrx_word' id='word_1_40' title='bbox 321 994 452 1059; x_wconf 74' lang='lat'><strong>245</strong></span> <span class='ocrx_word' id='word_1_41' title='bbox 497 996 694 1063; x_wconf 85' lang='lat' dir='ltr'><strong>Unde</strong></span> <span class='ocrx_word' id='word_1_42' title='bbox 725 1021 846 1083; x_wconf 86' lang='lat' dir='ltr'><strong>per</strong></span> <span class='ocrx_word' id='word_1_43' title='bbox 877 1022 993 1064; x_wconf 86' lang='lat' dir='ltr'><strong>ora</strong></span> <span class='ocrx_word' id='word_1_44' title='bbox 1020 1023 1252 1066; x_wconf 85' lang='lat' dir='ltr'><strong>novem</strong></span> <span class='ocrx_word' id='word_1_45' title='bbox 1278 1013 1466 1067; x_wconf 81' lang='lat' dir='ltr'><strong>vasto</strong></span> <span class='ocrx_word' id='word_1_46' title='bbox 1497 1025 1645 1068; x_wconf 90' lang='lat' dir='ltr'><strong>cum</strong></span> <span class='ocrx_word' id='word_1_47' title='bbox 1673 1026 2001 1069; x_wconf 89' lang='lat' dir='ltr'><strong>murmure</strong></span> <span class='ocrx_word' id='word_1_48' title='bbox 2032 1006 2271 1069; x_wconf 86' lang='lat' dir='ltr'><strong>montis</strong></span> 
     </span>
    </p>
   </div>
   <div class='ocr_carea' id='block_1_3' title="bbox 424 1096 2343 1288">
    <p class='ocr_par' dir='ltr' id='par_1_5' title="bbox 424 1096 2343 1288">
     <span class='ocr_line' id='line_1_9' title="bbox 424 1096 2343 1187; baseline -0.007 -2"><span class='ocrx_word' id='word_1_49' title='bbox 424 1096 559 1187; x_wconf 74' lang='lat'><strong>--1¹⁵</strong></span> <span class='ocrx_word' id='word_1_50' title='bbox 587 1122 763 1164; x_wconf 68' lang='lat' dir='ltr'><strong>mare</strong></span> <span class='ocrx_word' id='word_1_51' title='bbox 793 1113 1208 1187; x_wconf 74' lang='lat' dir='ltr'><strong>proruptum,</strong></span> <span class='ocrx_word' id='word_1_52' title='bbox 1237 1115 1308 1167; x_wconf 85' lang='lat' dir='ltr'><strong>et</strong></span> <span class='ocrx_word' id='word_1_53' title='bbox 1337 1103 1575 1187; x_wconf 85' lang='lat' dir='ltr'><strong>pelago</strong></span> <span class='ocrx_word' id='word_1_54' title='bbox 1605 1106 1841 1187; x_wconf 85' lang='lat' dir='ltr'><strong>premit</strong></span> <span class='ocrx_word' id='word_1_55' title='bbox 1870 1127 2025 1168; x_wconf 84' lang='lat' dir='ltr'><strong>arva</strong></span> <span class='ocrx_word' id='word_1_56' title='bbox 2056 1108 2343 1171; x_wconf 83' lang='lat' dir='ltr'><strong>sonanti:</strong></span> 
     </span>
     <span class='ocr_line' id='line_1_10' title="bbox 496 1194 2175 1288; baseline -0.001 -26"><span class='ocrx_word' id='word_1_57' title='bbox 496 1194 627 1262; x_wconf 90' lang='lat' dir='ltr'><strong>Hic</strong></span> <span class='ocrx_word' id='word_1_58' title='bbox 659 1209 874 1264; x_wconf 82' lang='lat' dir='ltr'><strong>tamen</strong></span> <span class='ocrx_word' id='word_1_59' title='bbox 903 1202 1008 1266; x_wconf 90' lang='lat' dir='ltr'><strong>ille</strong></span> <span class='ocrx_word' id='word_1_60' title='bbox 1039 1203 1270 1267; x_wconf 87' lang='lat' dir='ltr'><strong>urbem</strong></span> <span class='ocrx_word' id='word_1_61' title='bbox 1299 1202 1552 1280; x_wconf 79' lang='lat' dir='ltr'><strong>Patavi,</strong></span> <span class='ocrx_word' id='word_1_62' title='bbox 1586 1206 1908 1288; x_wconf 85' lang='lat' dir='ltr'><strong>sedesque</strong></span> <span class='ocrx_word' id='word_1_63' title='bbox 1939 1204 2175 1272; x_wconf 74' lang='lat' dir='ltr'><strong>locavit</strong></span> 
     </span>
    </p>
   </div>
   <div class='ocr_carea' id='block_1_4' title="bbox 493 1296 2249 1389">
    <p class='ocr_par' dir='ltr' id='par_1_6' title="bbox 493 1296 2249 1389">
     <span class='ocr_line' id='line_1_11' title="bbox 493 1296 2249 1389; baseline 0.004 -27"><span class='ocrx_word' id='word_1_64' title='bbox 493 1296 926 1378; x_wconf 85' lang='lat' dir='ltr'><strong>Teucrorum,</strong></span> <span class='ocrx_word' id='word_1_65' title='bbox 957 1314 1026 1366; x_wconf 89' lang='lat' dir='ltr'><strong>et</strong></span> <span class='ocrx_word' id='word_1_66' title='bbox 1052 1304 1234 1386; x_wconf 84' lang='lat' dir='ltr'><strong>genti</strong></span> <span class='ocrx_word' id='word_1_67' title='bbox 1261 1325 1496 1367; x_wconf 89' lang='lat' dir='ltr'><strong>nomen</strong></span> <span class='ocrx_word' id='word_1_68' title='bbox 1527 1304 1733 1382; x_wconf 87' lang='lat' dir='ltr'><strong>dedit,</strong></span> <span class='ocrx_word' id='word_1_69' title='bbox 1765 1326 2072 1389; x_wconf 81' lang='lat' dir='ltr'><strong>armaque</strong></span> <span class='ocrx_word' id='word_1_70' title='bbox 2102 1306 2249 1377; x_wconf 81' lang='lat' dir='ltr'><strong>fixit</strong></span> 
     </span>
    </p>
   </div>
   <div class='ocr_carea' id='block_1_5' title="bbox 301 1512 1446 4071">
    <p class='ocr_par' dir='ltr' id='par_1_7' title="bbox 315 1512 1446 2213">
     <span class='ocr_line' id='line_1_12' title="bbox 385 1512 1440 1576; baseline 0.005 -19"><span class='ocrx_word' id='word_1_71' title='bbox 385 1512 498 1558; x_wconf 82' lang='lat'><strong>238.</strong></span> <span class='ocrx_word' id='word_1_72' title='bbox 538 1514 756 1561; x_wconf 70' lang='lat' dir='ltr'><strong>Oceoeum</strong></span> <span class='ocrx_word' id='word_1_73' title='bbox 793 1514 946 1576; x_wconf 69' lang='lat' dir='ltr'><strong>Tny&#39;ae</strong></span> <span class='ocrx_word' id='word_1_74' title='bbox 976 1516 1160 1562; x_wconf 77' lang='lat' dir='ltr'><strong>solabar</strong></span> <span class='ocrx_word' id='word_1_75' title='bbox 1183 1514 1331 1562; x_wconf 87' lang='lat' dir='ltr'><strong>etiam</strong></span> <span class='ocrx_word' id='word_1_76' title='bbox 1354 1529 1440 1562; x_wconf 87' lang='lat' dir='ltr'><strong>ex-</strong></span> 
     </span>
     <span class='ocr_line' id='line_1_13' title="bbox 315 1574 1444 1641; baseline 0.002 -19"><span class='ocrx_word' id='word_1_77' title='bbox 315 1574 512 1637; x_wconf 88' lang='lat' dir='ltr'><strong>quisite,</strong></span> <span class='ocrx_word' id='word_1_78' title='bbox 548 1584 605 1622; x_wconf 88' lang='lat' dir='ltr'><strong>ut</strong></span> <span class='ocrx_word' id='word_1_79' title='bbox 637 1575 740 1624; x_wconf 81' lang='lat' dir='ltr'><strong>fere</strong></span> <span class='ocrx_word' id='word_1_80' title='bbox 773 1592 969 1641; x_wconf 90' lang='lat' dir='ltr'><strong>semper</strong></span> <span class='ocrx_word' id='word_1_81' title='bbox 1005 1587 1178 1641; x_wconf 80' lang='lat' dir='ltr'><strong>poetae.</strong></span> <span class='ocrx_word' id='word_1_82' title='bbox 1238 1578 1444 1641; x_wconf 85' lang='lat' dir='ltr'><strong>Proprie</strong></span> 
     </span>
     <span class='ocr_line' id='line_1_14' title="bbox 321 1640 1446 1713; baseline 0.003 -27"><span class='ocrx_word' id='word_1_83' title='bbox 321 1642 522 1713; x_wconf 64' lang='lat' dir='ltr'><strong>solamur</strong></span> <span class='ocrx_word' id='word_1_84' title='bbox 538 1642 752 1713; x_wconf 60' lang='lat' dir='ltr'><strong>animam,</strong></span> <span class='ocrx_word' id='word_1_85' title='bbox 777 1640 990 1689; x_wconf 77' lang='lat' dir='ltr'><strong>solamur</strong></span> <span class='ocrx_word' id='word_1_86' title='bbox 1011 1656 1116 1699; x_wconf 87' lang='lat' dir='ltr'><strong>nos,</strong></span> <span class='ocrx_word' id='word_1_87' title='bbox 1130 1643 1178 1689; x_wconf 91' lang='lat' dir='ltr'><strong>h.</strong></span> <span class='ocrx_word' id='word_1_88' title='bbox 1203 1656 1246 1689; x_wconf 89' lang='lat' dir='ltr'><strong>e.</strong></span> <span class='ocrx_word' id='word_1_89' title='bbox 1266 1641 1446 1689; x_wconf 78' lang='lat' dir='ltr'><strong>fractos</strong></span> 
     </span>
     <span class='ocr_line' id='line_1_15' title="bbox 318 1705 1446 1831; baseline 0.002 -18"><span class='ocrx_word' id='word_1_90' title='bbox 318 1717 552 1822; x_wconf 51' lang='lat' dir='ltr'><strong>:igion-zm,</strong></span> <span class='ocrx_word' id='word_1_91' title='bbox 571 1718 1014 1825; x_wconf 53' lang='grc' dir='ltr'><strong>ειιητῗωῖἳσιιοωωιζε</strong></span> <span class='ocrx_word' id='word_1_92' title='bbox 1023 1705 1446 1831; x_wconf 50' lang='grc' dir='ltr'><strong>ὲίοῐὲἒέιῗῗὶὲἓιῗ</strong></span> 
     </span>
     <span class='ocr_line' id='line_1_16' title="bbox 317 1831 1444 1889; baseline 0.003 -12"><span class='ocrx_word' id='word_1_93' title='bbox 317 1832 470 1877; x_wconf 70' lang='lat' dir='ltr'><strong>solata</strong></span> <span class='ocrx_word' id='word_1_94' title='bbox 493 1832 691 1878; x_wconf 71' lang='lat' dir='ltr'><strong>laborm</strong></span> <span class='ocrx_word' id='word_1_95' title='bbox 706 1832 828 1881; x_wconf 81' lang='lat' dir='ltr'><strong>Geo.</strong></span> <span class='ocrx_word' id='word_1_96' title='bbox 847 1831 879 1889; x_wconf 89' lang='lat' dir='ltr'><strong>i,</strong></span> <span class='ocrx_word' id='word_1_97' title='bbox 900 1834 1024 1887; x_wconf 68' lang='lat'><strong>2933</strong></span> <span class='ocrx_word' id='word_1_98' title='bbox 1060 1832 1256 1880; x_wconf 83' lang='lat' dir='ltr'><strong>tandem</strong></span> <span class='ocrx_word' id='word_1_99' title='bbox 1275 1847 1444 1881; x_wconf 84' lang='lat' dir='ltr'><strong>earum</strong></span> 
     </span>
     <span class='ocr_line' id='line_1_17' title="bbox 317 1895 1442 1953; baseline 0.002 -12"><span class='ocrx_word' id='word_1_100' title='bbox 317 1908 484 1941; x_wconf 86' lang='lat' dir='ltr'><strong>rerum</strong></span> <span class='ocrx_word' id='word_1_101' title='bbox 503 1909 688 1953; x_wconf 74' lang='lat' dir='ltr'><strong>causae,</strong></span> <span class='ocrx_word' id='word_1_102' title='bbox 705 1896 832 1943; x_wconf 82' lang='lat' dir='ltr'><strong>mala</strong></span> <span class='ocrx_word' id='word_1_103' title='bbox 846 1904 896 1943; x_wconf 92' lang='lat' dir='ltr'><strong>et</strong></span> <span class='ocrx_word' id='word_1_104' title='bbox 907 1911 1048 1944; x_wconf 81' lang='lat' dir='ltr'><strong>casus</strong></span> <span class='ocrx_word' id='word_1_105' title='bbox 1065 1899 1206 1944; x_wconf 73' lang='lat' dir='ltr'><strong>colari</strong></span> <span class='ocrx_word' id='word_1_106' title='bbox 1219 1895 1442 1952; x_wconf 86' lang='lat' dir='ltr'><strong>dicimur,</strong></span> 
     </span>
     <span class='ocr_line' id='line_1_18' title="bbox 315 1957 1444 2008; baseline 0.003 -4"><span class='ocrx_word' id='word_1_107' title='bbox 315 1957 365 2004; x_wconf 81' lang='lat' dir='ltr'><strong>h.</strong></span> <span class='ocrx_word' id='word_1_108' title='bbox 391 1972 434 2005; x_wconf 88' lang='lat' dir='ltr'><strong>e.</strong></span> <span class='ocrx_word' id='word_1_109' title='bbox 458 1957 660 2005; x_wconf 85' lang='lat' dir='ltr'><strong>solando</strong></span> <span class='ocrx_word' id='word_1_110' title='bbox 692 1968 780 2006; x_wconf 85' lang='lat' dir='ltr'><strong>aut</strong></span> <span class='ocrx_word' id='word_1_111' title='bbox 811 1958 1026 2008; x_wconf 86' lang='lat' dir='ltr'><strong>tollimus</strong></span> <span class='ocrx_word' id='word_1_112' title='bbox 1059 1968 1146 2007; x_wconf 89' lang='lat' dir='ltr'><strong>aut</strong></span> <span class='ocrx_word' id='word_1_113' title='bbox 1176 1959 1444 2007; x_wconf 87' lang='lat' dir='ltr'><strong>minuimus</strong></span> 
     </span>
     <span class='ocr_line' id='line_1_19' title="bbox 316 2019 1436 2078; baseline 0.002 -11"><span class='ocrx_word' id='word_1_114' title='bbox 316 2036 408 2068; x_wconf 83' lang='lat' dir='ltr'><strong>seu</strong></span> <span class='ocrx_word' id='word_1_115' title='bbox 429 2019 572 2078; x_wconf 82' lang='lat' dir='ltr'><strong>mala,</strong></span> <span class='ocrx_word' id='word_1_116' title='bbox 592 2037 680 2069; x_wconf 86' lang='lat' dir='ltr'><strong>seu</strong></span> <span class='ocrx_word' id='word_1_117' title='bbox 701 2037 900 2071; x_wconf 87' lang='lat' dir='ltr'><strong>sensum</strong></span> <span class='ocrx_word' id='word_1_118' title='bbox 922 2023 1174 2071; x_wconf 86' lang='lat' dir='ltr'><strong>malorum.</strong></span> <span class='ocrx_word' id='word_1_119' title='bbox 1227 2022 1308 2071; x_wconf 87' lang='lat' dir='ltr'><strong>Sic</strong></span> <span class='ocrx_word' id='word_1_120' title='bbox 1330 2024 1379 2070; x_wconf 85' lang='lat' dir='ltr'><strong>h.</strong></span> <span class='ocrx_word' id='word_1_121' title='bbox 1405 2022 1436 2069; x_wconf 91' lang='grc'><strong>1.</strong></span> 
     </span>
     <span class='ocr_line' id='line_1_20' title="bbox 315 2085 1440 2146; baseline 0.004 -15"><span class='ocrx_word' id='word_1_122' title='bbox 315 2087 546 2131; x_wconf 68' lang='lat' dir='ltr'><strong>excidium</strong></span> <span class='ocrx_word' id='word_1_123' title='bbox 592 2085 742 2146; x_wconf 69' lang='lat' dir='ltr'><strong>Trqy‘ae</strong></span> <span class='ocrx_word' id='word_1_124' title='bbox 778 2086 962 2135; x_wconf 80' lang='lat' dir='ltr'><strong>solatur</strong></span> <span class='ocrx_word' id='word_1_125' title='bbox 994 2087 1181 2144; x_wconf 87' lang='lat' dir='ltr'><strong>Venus,</strong></span> <span class='ocrx_word' id='word_1_126' title='bbox 1221 2086 1440 2135; x_wconf 86' lang='lat' dir='ltr'><strong>dolorem</strong></span> 
     </span>
     <span class='ocr_line' id='line_1_21' title="bbox 316 2146 1099 2213; baseline 0.008 -19"><span class='ocrx_word' id='word_1_127' title='bbox 316 2146 436 2195; x_wconf 79' lang='lat' dir='ltr'><strong>inde</strong></span> <span class='ocrx_word' id='word_1_128' title='bbox 457 2148 621 2195; x_wconf 87' lang='lat' dir='ltr'><strong>animo</strong></span> <span class='ocrx_word' id='word_1_129' title='bbox 643 2148 934 2213; x_wconf 82' lang='lat' dir='ltr'><strong>conceptum</strong></span> <span class='ocrx_word' id='word_1_130' title='bbox 957 2150 1099 2199; x_wconf 81' lang='lat' dir='ltr'><strong>levat.</strong></span> 
     </span>
    </p>

    <p class='ocr_par' dir='ltr' id='par_1_8' title="bbox 301 2212 1436 2653">
     <span class='ocr_line' id='line_1_22' title="bbox 385 2212 1436 2275; baseline 0.004 -18"><span class='ocrx_word' id='word_1_131' title='bbox 385 2212 494 2258; x_wconf 80' lang='lat'><strong>239.</strong></span> <span class='ocrx_word' id='word_1_132' title='bbox 546 2214 682 2259; x_wconf 76' lang='lat' dir='ltr'><strong>Fatis</strong></span> <span class='ocrx_word' id='word_1_133' title='bbox 731 2216 965 2261; x_wconf 74' lang='lat' dir='ltr'><strong>contras-ia</strong></span> <span class='ocrx_word' id='word_1_134' title='bbox 1004 2212 1120 2275; x_wconf 77' lang='lat' dir='ltr'><strong>fata</strong></span> <span class='ocrx_word' id='word_1_135' title='bbox 1173 2216 1436 2274; x_wconf 76' lang='lat' dir='ltr'><strong>rependens.</strong></span> 
     </span>
     <span class='ocr_line' id='line_1_23' title="bbox 320 2274 1434 2340; baseline 0.004 -20"><span class='ocrx_word' id='word_1_136' title='bbox 320 2274 488 2321; x_wconf 79' lang='lat' dir='ltr'><strong>Etiam</strong></span> <span class='ocrx_word' id='word_1_137' title='bbox 509 2275 600 2322; x_wconf 85' lang='lat' dir='ltr'><strong>hoc</strong></span> <span class='ocrx_word' id='word_1_138' title='bbox 614 2274 781 2324; x_wconf 87' lang='lat' dir='ltr'><strong>docte:</strong></span> <span class='ocrx_word' id='word_1_139' title='bbox 819 2279 1081 2337; x_wconf 73' lang='lat' dir='ltr'><strong>rependens,</strong></span> <span class='ocrx_word' id='word_1_140' title='bbox 1098 2292 1434 2340; x_wconf 77' lang='lat' dir='ltr'><strong>compensans,</strong></span> 
     </span>
     <span class='ocr_line' id='line_1_24' title="bbox 303 2337 1434 2401; baseline 0.004 -16"><span class='ocrx_word' id='word_1_141' title='bbox 303 2337 422 2399; x_wconf 78' lang='lat' dir='ltr'><strong>sata</strong></span> <span class='ocrx_word' id='word_1_142' title='bbox 461 2342 708 2396; x_wconf 73' lang='lat' dir='ltr'><strong>contraria,</strong></span> <span class='ocrx_word' id='word_1_143' title='bbox 755 2340 1076 2401; x_wconf 82' lang='lat' dir='ltr'><strong>Trojanorum</strong></span> <span class='ocrx_word' id='word_1_144' title='bbox 1119 2340 1434 2397; x_wconf 74' lang='lat' dir='ltr'><strong>calamitates,</strong></span> 
     </span>
     <span class='ocr_line' id='line_1_25' title="bbox 301 2401 1434 2463; baseline 0.003 -15"><span class='ocrx_word' id='word_1_145' title='bbox 301 2401 430 2463; x_wconf 73' lang='lat' dir='ltr'><strong>satis</strong></span> <span class='ocrx_word' id='word_1_146' title='bbox 461 2418 527 2449; x_wconf 87' lang='lat' dir='ltr'><strong>sc.</strong></span> <span class='ocrx_word' id='word_1_147' title='bbox 561 2401 858 2461; x_wconf 87' lang='lat' dir='ltr'><strong>melioribus,</strong></span> <span class='ocrx_word' id='word_1_148' title='bbox 897 2419 1024 2451; x_wconf 85' lang='lat' dir='ltr'><strong>novo</strong></span> <span class='ocrx_word' id='word_1_149' title='bbox 1062 2404 1218 2453; x_wconf 72' lang='lat' dir='ltr'><strong>ltaliae</strong></span> <span class='ocrx_word' id='word_1_150' title='bbox 1253 2420 1280 2451; x_wconf 92' lang='lat' dir='ltr'><strong>r</strong></span> <span class='ocrx_word' id='word_1_151' title='bbox 1375 2420 1434 2459; x_wconf 69' lang='grc' dir='ltr'><strong>ος</strong></span> 
     </span>
     <span class='ocr_line' id='line_1_26' title="bbox 315 2466 1432 2529; baseline 0.004 -17"><span class='ocrx_word' id='word_1_152' title='bbox 315 2467 364 2513; x_wconf 77' lang='lat' dir='ltr'><strong>h.</strong></span> <span class='ocrx_word' id='word_1_153' title='bbox 391 2482 434 2513; x_wconf 83' lang='lat' dir='ltr'><strong>e.</strong></span> <span class='ocrx_word' id='word_1_154' title='bbox 454 2481 672 2529; x_wconf 80' lang='lat' dir='ltr'><strong>sperans,</strong></span> <span class='ocrx_word' id='word_1_155' title='bbox 694 2466 938 2515; x_wconf 79' lang='lat' dir='ltr'><strong>fortunam</strong></span> <span class='ocrx_word' id='word_1_156' title='bbox 961 2468 1281 2529; x_wconf 71' lang='lat' dir='ltr'><strong>TroJanorum</strong></span> <span class='ocrx_word' id='word_1_157' title='bbox 1355 2476 1432 2516; x_wconf 91' lang='lat' dir='ltr'><strong>tu-</strong></span> 
     </span>
     <span class='ocr_line' id='line_1_27' title="bbox 313 2529 1436 2579; baseline 0.002 -2"><span class='ocrx_word' id='word_1_158' title='bbox 313 2545 423 2577; x_wconf 87' lang='lat' dir='ltr'><strong>ram</strong></span> <span class='ocrx_word' id='word_1_159' title='bbox 461 2544 567 2577; x_wconf 84' lang='lat' dir='ltr'><strong>esse</strong></span> <span class='ocrx_word' id='word_1_160' title='bbox 609 2538 745 2577; x_wconf 87' lang='lat' dir='ltr'><strong>tanto</strong></span> <span class='ocrx_word' id='word_1_161' title='bbox 780 2529 1029 2579; x_wconf 67' lang='lat' dir='ltr'><strong>laetiorem.</strong></span> <span class='ocrx_word' id='word_1_162' title='bbox 1099 2531 1252 2578; x_wconf 82' lang='lat' dir='ltr'><strong>Plane</strong></span> <span class='ocrx_word' id='word_1_163' title='bbox 1293 2532 1436 2579; x_wconf 84' lang='lat' dir='ltr'><strong>aliter</strong></span> 
     </span>
     <span class='ocr_line' id='line_1_28' title="bbox 313 2592 1289 2653; baseline 0 -12"><span class='ocrx_word' id='word_1_164' title='bbox 313 2592 674 2653; x_wconf 75' lang='lat' dir='ltr'><strong>contrariasata</strong></span> <span class='ocrx_word' id='word_1_165' title='bbox 695 2593 925 2642; x_wconf 89' lang='lat' dir='ltr'><strong>dicuntur</strong></span> <span class='ocrx_word' id='word_1_166' title='bbox 947 2594 1062 2642; x_wconf 86' lang='lat' dir='ltr'><strong>AEn.</strong></span> <span class='ocrx_word' id='word_1_167' title='bbox 1087 2596 1152 2653; x_wconf 84' lang='lat' dir='ltr'><strong>ix,</strong></span> <span class='ocrx_word' id='word_1_168' title='bbox 1184 2595 1289 2641; x_wconf 79' lang='lat'><strong>136.</strong></span> 
     </span>
    </p>

    <p class='ocr_par' dir='ltr' id='par_1_9' title="bbox 315 2657 1432 2847">
     <span class='ocr_line' id='line_1_29' title="bbox 381 2657 1430 2721; baseline 0.002 -18"><span class='ocrx_word' id='word_1_169' title='bbox 381 2658 492 2703; x_wconf 72' lang='lat'><strong>241.</strong></span> <span class='ocrx_word' id='word_1_170' title='bbox 523 2660 664 2709; x_wconf 73' lang='lat' dir='ltr'><strong>Qtoen</strong></span> <span class='ocrx_word' id='word_1_171' title='bbox 682 2660 952 2719; x_wconf 72' lang='lat' dir='ltr'><strong>dasfinem?</strong></span> <span class='ocrx_word' id='word_1_172' title='bbox 975 2674 1078 2721; x_wconf 89' lang='lat' dir='ltr'><strong>pro,</strong></span> <span class='ocrx_word' id='word_1_173' title='bbox 1097 2658 1230 2713; x_wconf 83' lang='lat' dir='ltr'><strong>sacis,</strong></span> <span class='ocrx_word' id='word_1_174' title='bbox 1249 2657 1430 2705; x_wconf 87' lang='lat' dir='ltr'><strong>consti·</strong></span> 
     </span>
     <span class='ocr_line' id='line_1_30' title="bbox 315 2720 1432 2785; baseline 0.002 -18"><span class='ocrx_word' id='word_1_175' title='bbox 315 2720 430 2768; x_wconf 85' lang='lat' dir='ltr'><strong>tuis.</strong></span> <span class='ocrx_word' id='word_1_176' title='bbox 503 2720 714 2769; x_wconf 75' lang='lat' dir='ltr'><strong>Poeticae</strong></span> <span class='ocrx_word' id='word_1_177' title='bbox 748 2722 957 2769; x_wconf 85' lang='lat' dir='ltr'><strong>orationi</strong></span> <span class='ocrx_word' id='word_1_178' title='bbox 997 2732 1048 2769; x_wconf 90' lang='lat' dir='ltr'><strong>et</strong></span> <span class='ocrx_word' id='word_1_179' title='bbox 1079 2722 1170 2769; x_wconf 85' lang='lat' dir='ltr'><strong>hoc</strong></span> <span class='ocrx_word' id='word_1_180' title='bbox 1203 2722 1432 2785; x_wconf 84' lang='lat' dir='ltr'><strong>propius:</strong></span> 
     </span>
     <span class='ocr_line' id='line_1_31' title="bbox 315 2784 957 2847; baseline 0 -16"><span class='ocrx_word' id='word_1_181' title='bbox 315 2786 490 2840; x_wconf 75' lang='grc' dir='ltr'><strong><em>δοῦναι,</em></strong></span> <span class='ocrx_word' id='word_1_182' title='bbox 514 2784 644 2842; x_wconf 83' lang='lat' dir='ltr'><strong>dare,</strong></span> <span class='ocrx_word' id='word_1_183' title='bbox 669 2799 759 2847; x_wconf 88' lang='lat' dir='ltr'><strong>pro</strong></span> <span class='ocrx_word' id='word_1_184' title='bbox 779 2784 957 2833; x_wconf 82' lang='lat' dir='ltr'><strong>faeere.</strong></span> 
     </span>
    </p>

    <p class='ocr_par' dir='ltr' id='par_1_10' title="bbox 310 2848 1438 4071">
     <span class='ocr_line' id='line_1_32' title="bbox 383 2848 1432 2911; baseline 0 -16"><span class='ocrx_word' id='word_1_185' title='bbox 383 2850 479 2895; x_wconf 79' lang='lat'><strong>242</strong></span> <span class='ocrx_word' id='word_1_186' title='bbox 505 2864 607 2910; x_wconf 85' lang='lat' dir='ltr'><strong>sqq.</strong></span> <span class='ocrx_word' id='word_1_187' title='bbox 643 2850 882 2905; x_wconf 80' lang='lat' dir='ltr'><strong>Antenor,</strong></span> <span class='ocrx_word' id='word_1_188' title='bbox 914 2856 964 2896; x_wconf 89' lang='lat' dir='ltr'><strong>et</strong></span> <span class='ocrx_word' id='word_1_189' title='bbox 997 2848 1104 2911; x_wconf 87' lang='lat' dir='ltr'><strong>ipse</strong></span> <span class='ocrx_word' id='word_1_190' title='bbox 1137 2848 1180 2895; x_wconf 87' lang='lat' dir='ltr'>T</span> <span class='ocrx_word' id='word_1_191' title='bbox 1181 2849 1286 2908; x_wconf 86' lang='lat' dir='ltr'><strong>roja</strong></span> <span class='ocrx_word' id='word_1_192' title='bbox 1319 2863 1432 2911; x_wconf 85' lang='lat' dir='ltr'><strong>pro-</strong></span> 
     </span>
     <span class='ocr_line' id='line_1_33' title="bbox 311 2910 1432 2974; baseline 0.002 -16"><span class='ocrx_word' id='word_1_193' title='bbox 311 2910 475 2974; x_wconf 78' lang='lat' dir='ltr'><strong>fugus,</strong></span> <span class='ocrx_word' id='word_1_194' title='bbox 495 2927 645 2960; x_wconf 84' lang='lat' dir='ltr'><strong>novas</strong></span> <span class='ocrx_word' id='word_1_195' title='bbox 677 2912 818 2959; x_wconf 85' lang='lat' dir='ltr'><strong>sedes</strong></span> <span class='ocrx_word' id='word_1_196' title='bbox 840 2926 1010 2961; x_wconf 85' lang='lat' dir='ltr'><strong>nactus</strong></span> <span class='ocrx_word' id='word_1_197' title='bbox 1027 2922 1102 2959; x_wconf 89' lang='lat' dir='ltr'><strong>est</strong></span> <span class='ocrx_word' id='word_1_198' title='bbox 1122 2911 1319 2959; x_wconf 87' lang='lat' dir='ltr'><strong>condito</strong></span> <span class='ocrx_word' id='word_1_199' title='bbox 1338 2912 1432 2960; x_wconf 89' lang='lat' dir='ltr'><strong>Pa-</strong></span> 
     </span>
     <span class='ocr_line' id='line_1_34' title="bbox 313 2975 1428 3038; baseline 0 -15"><span class='ocrx_word' id='word_1_200' title='bbox 313 2975 473 3031; x_wconf 76' lang='lat' dir='ltr'><strong>tavi03</strong></span> <span class='ocrx_word' id='word_1_201' title='bbox 509 2992 596 3023; x_wconf 88' lang='lat' dir='ltr'><strong>cur</strong></span> <span class='ocrx_word' id='word_1_202' title='bbox 613 2976 798 3023; x_wconf 82' lang='lat' dir='ltr'><strong>AEneas</strong></span> <span class='ocrx_word' id='word_1_203' title='bbox 829 2976 978 3023; x_wconf 72' lang='lat' dir='ltr'><strong>nmili</strong></span> <span class='ocrx_word' id='word_1_204' title='bbox 1003 2975 1198 3023; x_wconf 78' lang='lat' dir='ltr'><strong>fortuna</strong></span> <span class='ocrx_word' id='word_1_205' title='bbox 1221 2990 1320 3023; x_wconf 88' lang='lat' dir='ltr'><strong>non</strong></span> <span class='ocrx_word' id='word_1_206' title='bbox 1343 2990 1428 3038; x_wconf 90' lang='lat' dir='ltr'><strong>po-</strong></span> 
     </span>
     <span class='ocr_line' id='line_1_35' title="bbox 313 3038 1430 3096; baseline -0.002 -9"><span class='ocrx_word' id='word_1_207' title='bbox 313 3038 468 3087; x_wconf 76' lang='lat' dir='ltr'><strong>titur?</strong></span> <span class='ocrx_word' id='word_1_208' title='bbox 520 3040 681 3087; x_wconf 88' lang='lat' dir='ltr'><strong>Locus</strong></span> <span class='ocrx_word' id='word_1_209' title='bbox 695 3048 772 3087; x_wconf 84' lang='lat' dir='ltr'><strong>est</strong></span> <span class='ocrx_word' id='word_1_210' title='bbox 785 3039 925 3087; x_wconf 85' lang='lat' dir='ltr'><strong>valde</strong></span> <span class='ocrx_word' id='word_1_211' title='bbox 947 3048 1160 3087; x_wconf 80' lang='lat' dir='ltr'><strong>ornatus.</strong></span> <span class='ocrx_word' id='word_1_212' title='bbox 1210 3038 1380 3086; x_wconf 81' lang='lat' dir='ltr'><strong>Livius</strong></span> <span class='ocrx_word' id='word_1_213' title='bbox 1397 3038 1430 3096; x_wconf 87' lang='lat' dir='ltr'><strong>i,</strong></span> 
     </span>
     <span class='ocr_line' id='line_1_36' title="bbox 315 3106 1432 3161; baseline -0.002 -10"><span class='ocrx_word' id='word_1_214' title='bbox 315 3106 609 3161; x_wconf 69' lang='lat' dir='ltr'><strong>1,—e‹m·bau</strong></span> <span class='ocrx_word' id='word_1_215' title='bbox 625 3106 788 3151; x_wconf 76' lang='lat' dir='ltr'><strong>deinde</strong></span> <span class='ocrx_word' id='word_1_216' title='bbox 800 3106 945 3151; x_wconf 76' lang='lat' dir='ltr'><strong>variis</strong></span> <span class='ocrx_word' id='word_1_217' title='bbox 961 3106 1432 3151; x_wconf 72' lang='lat' dir='ltr'><strong>Antenora—venisse</strong></span> 
     </span>
     <span class='ocr_line' id='line_1_37' title="bbox 311 3166 1431 3215; baseline -0.002 0"><span class='ocrx_word' id='word_1_218' title='bbox 311 3172 362 3215; x_wconf 76' lang='lat' dir='ltr'><strong>in</strong></span> <span class='ocrx_word' id='word_1_219' title='bbox 383 3169 590 3215; x_wconf 66' lang='lat' dir='ltr'><strong>intimum</strong></span> <span class='ocrx_word' id='word_1_220' title='bbox 603 3171 746 3215; x_wconf 73' lang='lat' dir='ltr'><strong>maria</strong></span> <span class='ocrx_word' id='word_1_221' title='bbox 758 3169 996 3215; x_wconf 71' lang='lat' dir='ltr'><strong>Adriatici</strong></span> <span class='ocrx_word' id='word_1_222' title='bbox 1010 3170 1172 3214; x_wconf 63' lang='lat' dir='ltr'><strong>sinum.</strong></span> <span class='ocrx_word' id='word_1_223' title='bbox 1225 3166 1305 3213; x_wconf 87' lang='lat' dir='ltr'><strong>De</strong></span> <span class='ocrx_word' id='word_1_224' title='bbox 1325 3167 1431 3213; x_wconf 84' lang='lat' dir='ltr'><strong>An-</strong></span> 
     </span>
     <span class='ocr_line' id='line_1_38' title="bbox 311 3230 1438 3279; baseline -0.002 0"><span class='ocrx_word' id='word_1_225' title='bbox 311 3242 484 3279; x_wconf 79' lang='lat' dir='ltr'><strong>tenore</strong></span> <span class='ocrx_word' id='word_1_226' title='bbox 651 3246 772 3279; x_wconf 85' lang='lat' dir='ltr'><strong>auca</strong></span> <span class='ocrx_word' id='word_1_227' title='bbox 813 3231 876 3279; x_wconf 86' lang='lat' dir='ltr'><strong>ab</strong></span> <span class='ocrx_word' id='word_1_228' title='bbox 916 3230 1136 3278; x_wconf 86' lang='lat' dir='ltr'><strong>Homero</strong></span> <span class='ocrx_word' id='word_1_229' title='bbox 1170 3238 1438 3277; x_wconf 83' lang='lat' dir='ltr'><strong>memorata</strong></span> 
     </span>
     <span class='ocr_line' id='line_1_39' title="bbox 311 3291 1436 3356; baseline -0.002 -13"><span class='ocrx_word' id='word_1_230' title='bbox 311 3304 442 3343; x_wconf 89' lang='lat' dir='ltr'><strong>sunt.</strong></span> <span class='ocrx_word' id='word_1_231' title='bbox 545 3294 620 3343; x_wconf 88' lang='lat' dir='ltr'><strong>uit</strong></span> <span class='ocrx_word' id='word_1_232' title='bbox 651 3294 782 3343; x_wconf 89' lang='lat' dir='ltr'><strong>inter</strong></span> <span class='ocrx_word' id='word_1_233' title='bbox 807 3294 1024 3343; x_wconf 84' lang='lat' dir='ltr'><strong>seniores</strong></span> <span class='ocrx_word' id='word_1_234' title='bbox 1057 3291 1142 3356; x_wconf 89' lang='lat' dir='ltr'><strong>qui</strong></span> <span class='ocrx_word' id='word_1_235' title='bbox 1176 3292 1436 3356; x_wconf 87' lang='lat' dir='ltr'><strong>prudentia</strong></span> 
     </span>
     <span class='ocr_line' id='line_1_40' title="bbox 313 3357 1436 3417; baseline -0.003 -9"><span class='ocrx_word' id='word_1_236' title='bbox 313 3358 438 3408; x_wconf 79' lang='lat' dir='ltr'><strong>alios</strong></span> <span class='ocrx_word' id='word_1_237' title='bbox 469 3358 816 3407; x_wconf 75' lang='lat' dir='ltr'><strong>antecellebat:</strong></span> <span class='ocrx_word' id='word_1_238' title='bbox 865 3358 1004 3407; x_wconf 81' lang='lat' dir='ltr'><strong>Iliad.</strong></span> <span class='ocrx_word' id='word_1_239' title='bbox 1039 3374 1089 3417; x_wconf 77' lang='grc' dir='ltr'><strong>γ,</strong></span> <span class='ocrx_word' id='word_1_240' title='bbox 1131 3359 1235 3406; x_wconf 79' lang='lat'><strong>148.</strong></span> <span class='ocrx_word' id='word_1_241' title='bbox 1297 3357 1436 3406; x_wconf 83' lang='lat' dir='ltr'><strong>Idem</strong></span> 
     </span>
     <span class='ocr_line' id='line_1_41' title="bbox 310 3419 1430 3483; baseline -0.003 -13"><span class='ocrx_word' id='word_1_242' title='bbox 310 3423 489 3471; x_wconf 80' lang='lat' dir='ltr'><strong>suadet</strong></span> <span class='ocrx_word' id='word_1_243' title='bbox 507 3433 564 3470; x_wconf 90' lang='lat' dir='ltr'><strong>ut</strong></span> <span class='ocrx_word' id='word_1_244' title='bbox 588 3422 784 3471; x_wconf 84' lang='lat' dir='ltr'><strong>Helena</strong></span> <span class='ocrx_word' id='word_1_245' title='bbox 813 3422 1070 3470; x_wconf 81' lang='lat' dir='ltr'><strong>reddatur:</strong></span> <span class='ocrx_word' id='word_1_246' title='bbox 1107 3439 1153 3478; x_wconf 81' lang='grc' dir='ltr'><strong>η,</strong></span> <span class='ocrx_word' id='word_1_247' title='bbox 1178 3419 1273 3470; x_wconf 79' lang='lat'><strong>347</strong></span> <span class='ocrx_word' id='word_1_248' title='bbox 1299 3436 1430 3483; x_wconf 73' lang='lat' dir='ltr'><strong>sqq-z</strong></span> 
     </span>
     <span class='ocr_line' id='line_1_42' title="bbox 317 3486 1437 3550; baseline -0.002 -16"><span class='ocrx_word' id='word_1_249' title='bbox 317 3496 372 3534; x_wconf 91' lang='lat' dir='ltr'><strong>et</strong></span> <span class='ocrx_word' id='word_1_250' title='bbox 385 3486 612 3550; x_wconf 80' lang='lat' dir='ltr'><strong>Ulyssem</strong></span> <span class='ocrx_word' id='word_1_251' title='bbox 627 3502 740 3534; x_wconf 90' lang='lat' dir='ltr'><strong>cum</strong></span> <span class='ocrx_word' id='word_1_252' title='bbox 760 3486 1003 3542; x_wconf 75' lang='lat' dir='ltr'><strong>Menelao,</strong></span> <span class='ocrx_word' id='word_1_253' title='bbox 1023 3494 1281 3547; x_wconf 87' lang='lat' dir='ltr'><strong>antequam</strong></span> <span class='ocrx_word' id='word_1_254' title='bbox 1301 3499 1437 3532; x_wconf 86' lang='lat' dir='ltr'><strong>arma</strong></span> 
     </span>
     <span class='ocr_line' id='line_1_43' title="bbox 313 3548 1433 3613; baseline -0.003 -15"><span class='ocrx_word' id='word_1_255' title='bbox 313 3560 478 3598; x_wconf 83' lang='lat' dir='ltr'><strong>sumta</strong></span> <span class='ocrx_word' id='word_1_256' title='bbox 511 3559 663 3608; x_wconf 88' lang='lat' dir='ltr'><strong>erant,</strong></span> <span class='ocrx_word' id='word_1_257' title='bbox 703 3551 766 3598; x_wconf 82' lang='lat' dir='ltr'><strong>sd</strong></span> <span class='ocrx_word' id='word_1_258' title='bbox 797 3566 876 3597; x_wconf 87' lang='lat' dir='ltr'><strong>res</strong></span> <span class='ocrx_word' id='word_1_259' title='bbox 907 3548 1198 3613; x_wconf 84' lang='lat' dir='ltr'><strong>repetendas</strong></span> <span class='ocrx_word' id='word_1_260' title='bbox 1237 3550 1433 3609; x_wconf 87' lang='lat' dir='ltr'><strong>Trojam</strong></span> 
     </span>
     <span class='ocr_line' id='line_1_44' title="bbox 315 3612 1433 3678; baseline -0.005 -14"><span class='ocrx_word' id='word_1_261' title='bbox 315 3615 521 3664; x_wconf 75' lang='lat' dir='ltr'><strong>missum</strong></span> <span class='ocrx_word' id='word_1_262' title='bbox 542 3613 754 3678; x_wconf 78' lang='lat' dir='ltr'><strong>hospitio</strong></span> <span class='ocrx_word' id='word_1_263' title='bbox 777 3622 1062 3677; x_wconf 81' lang='lat' dir='ltr'><strong>exceperat:</strong></span> <span class='ocrx_word' id='word_1_264' title='bbox 1101 3612 1241 3660; x_wconf 84' lang='lat' dir='ltr'><strong>Iliad.</strong></span> <span class='ocrx_word' id='word_1_265' title='bbox 1265 3628 1316 3671; x_wconf 77' lang='grc' dir='ltr'><strong>γ,</strong></span> <span class='ocrx_word' id='word_1_266' title='bbox 1339 3613 1433 3659; x_wconf 84' lang='grc'><strong>205</strong></span> 
     </span>
     <span class='ocr_line' id='line_1_45' title="bbox 313 3675 1431 3742; baseline -0.003 -16"><span class='ocrx_word' id='word_1_267' title='bbox 313 3694 418 3742; x_wconf 78' lang='lat' dir='ltr'><strong>sqq.</strong></span> <span class='ocrx_word' id='word_1_268' title='bbox 457 3678 632 3741; x_wconf 84' lang='lat' dir='ltr'><strong>Itaque</strong></span> <span class='ocrx_word' id='word_1_269' title='bbox 649 3678 797 3740; x_wconf 70' lang='lat' dir='ltr'><strong>TroJa</strong></span> <span class='ocrx_word' id='word_1_270' title='bbox 813 3694 872 3725; x_wconf 87' lang='lat' dir='ltr'><strong>ca</strong></span> <span class='ocrx_word' id='word_1_271' title='bbox 907 3688 954 3725; x_wconf 85' lang='lat' dir='ltr'><strong>ta</strong></span> <span class='ocrx_word' id='word_1_272' title='bbox 974 3693 1004 3726; x_wconf 88' lang='lat' dir='ltr'><strong>a</strong></span> <span class='ocrx_word' id='word_1_273' title='bbox 1025 3675 1256 3725; x_wconf 87' lang='lat' dir='ltr'><strong>Menelao</strong></span> <span class='ocrx_word' id='word_1_274' title='bbox 1268 3691 1431 3723; x_wconf 85' lang='lat' dir='ltr'><strong>serva-</strong></span> 
     </span>
     <span class='ocr_line' id='line_1_46' title="bbox 315 3738 1436 3802; baseline -0.005 -11"><span class='ocrx_word' id='word_1_275' title='bbox 315 3743 460 3791; x_wconf 77' lang='lat' dir='ltr'><strong>bamr</strong></span> <span class='ocrx_word' id='word_1_276' title='bbox 492 3758 606 3791; x_wconf 86' lang='lat' dir='ltr'><strong>cum</strong></span> <span class='ocrx_word' id='word_1_277' title='bbox 638 3743 816 3791; x_wconf 87' lang='lat' dir='ltr'><strong>sobole.</strong></span> <span class='ocrx_word' id='word_1_278' title='bbox 931 3757 988 3789; x_wconf 90' lang='lat' dir='ltr'><strong>oc</strong></span> <span class='ocrx_word' id='word_1_279' title='bbox 1020 3752 1250 3802; x_wconf 85' lang='lat' dir='ltr'><strong>tanquam</strong></span> <span class='ocrx_word' id='word_1_280' title='bbox 1285 3738 1436 3786; x_wconf 84' lang='lat' dir='ltr'><strong>fundo</strong></span> 
     </span>
     <span class='ocr_line' id='line_1_47' title="bbox 314 3802 1435 3870; baseline -0.004 -16"><span class='ocrx_word' id='word_1_281' title='bbox 314 3816 662 3870; x_wconf 70' lang='lat' dir='ltr'><strong>superstructa</strong></span> <span class='ocrx_word' id='word_1_282' title='bbox 691 3814 808 3854; x_wconf 86' lang='lat' dir='ltr'><strong>sunt</strong></span> <span class='ocrx_word' id='word_1_283' title='bbox 828 3805 976 3853; x_wconf 81' lang='lat' dir='ltr'><strong>variae</strong></span> <span class='ocrx_word' id='word_1_284' title='bbox 997 3804 1185 3861; x_wconf 78' lang='lat' dir='ltr'><strong>fabulae,</strong></span> <span class='ocrx_word' id='word_1_285' title='bbox 1209 3802 1435 3867; x_wconf 87' lang='lat' dir='ltr'><strong>inprimis</strong></span> 
     </span>
     <span class='ocr_line' id='line_1_48' title="bbox 315 3866 1433 3934; baseline -0.004 -17"><span class='ocrx_word' id='word_1_286' title='bbox 315 3870 378 3917; x_wconf 88' lang='lat' dir='ltr'><strong>de</strong></span> <span class='ocrx_word' id='word_1_287' title='bbox 399 3869 676 3934; x_wconf 86' lang='lat' dir='ltr'><strong>proditione</strong></span> <span class='ocrx_word' id='word_1_288' title='bbox 706 3868 840 3917; x_wconf 86' lang='lat' dir='ltr'><strong>urbis</strong></span> <span class='ocrx_word' id='word_1_289' title='bbox 861 3870 922 3918; x_wconf 88' lang='lat' dir='ltr'><strong>ab</strong></span> <span class='ocrx_word' id='word_1_290' title='bbox 945 3884 1004 3917; x_wconf 90' lang='lat' dir='ltr'><strong>eo</strong></span> <span class='ocrx_word' id='word_1_291' title='bbox 1027 3878 1078 3917; x_wconf 87' lang='lat' dir='ltr'><strong>et</strong></span> <span class='ocrx_word' id='word_1_292' title='bbox 1098 3884 1126 3915; x_wconf 86' lang='lat' dir='ltr'><strong>a</strong></span> <span class='ocrx_word' id='word_1_293' title='bbox 1160 3866 1275 3915; x_wconf 85' lang='lat' dir='ltr'><strong>filiis</strong></span> <span class='ocrx_word' id='word_1_294' title='bbox 1293 3867 1433 3914; x_wconf 81' lang='lat' dir='ltr'><strong>facta.</strong></span> 
     </span>
     <span class='ocr_line' id='line_1_49' title="bbox 317 3929 1436 3983; baseline -0.004 -2"><span class='ocrx_word' id='word_1_295' title='bbox 317 3934 398 3981; x_wconf 80' lang='lat' dir='ltr'><strong>Ex</strong></span> <span class='ocrx_word' id='word_1_296' title='bbox 446 3932 524 3983; x_wconf 85' lang='lat' dir='ltr'><strong>his</strong></span> <span class='ocrx_word' id='word_1_297' title='bbox 575 3932 864 3981; x_wconf 86' lang='lat' dir='ltr'><strong>commentis</strong></span> <span class='ocrx_word' id='word_1_298' title='bbox 919 3947 1073 3980; x_wconf 89' lang='lat' dir='ltr'><strong>unum</strong></span> <span class='ocrx_word' id='word_1_299' title='bbox 1116 3930 1210 3979; x_wconf 79' lang='lat' dir='ltr'><strong>suit</strong></span> <span class='ocrx_word' id='word_1_300' title='bbox 1245 3929 1436 3979; x_wconf 67' lang='lat' dir='ltr'><strong>caeteris</strong></span> 
     </span>
     <span class='ocr_line' id='line_1_50' title="bbox 313 3993 1434 4071; baseline -0.004 -26"><span class='ocrx_word' id='word_1_301' title='bbox 313 3997 568 4054; x_wconf 80' lang='lat' dir='ltr'><strong>illustrius,</strong></span> <span class='ocrx_word' id='word_1_302' title='bbox 591 4012 690 4059; x_wconf 90' lang='lat' dir='ltr'><strong>quo</strong></span> <span class='ocrx_word' id='word_1_303' title='bbox 715 3998 950 4071; x_wconf 75' lang='lat' dir='ltr'><strong>profugus</strong></span> <span class='ocrx_word' id='word_1_304' title='bbox 980 4010 1043 4043; x_wconf 81' lang='lat' dir='ltr'><strong>ex</strong></span> <span class='ocrx_word' id='word_1_305' title='bbox 1075 3995 1195 4043; x_wconf 86' lang='lat' dir='ltr'><strong>urbe</strong></span> <span class='ocrx_word' id='word_1_306' title='bbox 1221 4003 1365 4057; x_wconf 83' lang='lat' dir='ltr'><strong>capta</strong></span> <span class='ocrx_word' id='word_1_307' title='bbox 1380 3993 1434 4040; x_wconf 88' lang='lat' dir='ltr'><strong>in</strong></span> 
     </span>
    </p>
   </div>
   <div class='ocr_carea' id='block_1_6' title="bbox 315 4061 1436 4239">
    <p class='ocr_par' dir='ltr' id='par_1_11' title="bbox 315 4061 1436 4239">
     <span class='ocr_line' id='line_1_51' title="bbox 319 4061 1436 4116; baseline -0.004 -7"><span class='ocrx_word' id='word_1_308' title='bbox 319 4061 514 4109; x_wconf 79' lang='lat' dir='ltr'><strong>ltaliam</strong></span> <span class='ocrx_word' id='word_1_309' title='bbox 658 4075 817 4109; x_wconf 72' lang='lat' dir='ltr'><strong>eume</strong></span> <span class='ocrx_word' id='word_1_310' title='bbox 838 4067 1062 4110; x_wconf 80' lang='lat' dir='ltr'><strong>narratus</strong></span> <span class='ocrx_word' id='word_1_311' title='bbox 1084 4066 1172 4116; x_wconf 80' lang='lat' dir='ltr'><strong>est,</strong></span> <span class='ocrx_word' id='word_1_312' title='bbox 1197 4068 1248 4107; x_wconf 85' lang='lat' dir='ltr'><strong>et</strong></span> <span class='ocrx_word' id='word_1_313' title='bbox 1269 4072 1436 4105; x_wconf 89' lang='lat' dir='ltr'><strong>secum</strong></span> 
     </span>
     <span class='ocr_line' id='line_1_52' title="bbox 315 4120 1432 4235; baseline -0.005 -62"><span class='ocrx_word' id='word_1_314' title='bbox 315 4124 514 4173; x_wconf 78' lang='lat' dir='ltr'><strong>duxisse</strong></span> <span class='ocrx_word' id='word_1_315' title='bbox 537 4188 548 4198; x_wconf 47' lang='lat'><strong>·</strong></span> <span class='ocrx_word' id='word_1_316' title='bbox 599 4123 1036 4235; x_wconf 56' lang='lat' dir='ltr'><strong>enetwulum</strong></span> <span class='ocrx_word' id='word_1_317' title='bbox 1073 4120 1432 4187; x_wconf 73' lang='lat' dir='ltr'><strong>Paphlagonioe‚</strong></span> 
     </span>
     <span class='ocr_line' id='line_1_53' title="bbox 316 4186 1430 4239; baseline -0.005 -2"><span class='ocrx_word' id='word_1_318' title='bbox 316 4198 364 4237; x_wconf 83' lang='lat' dir='ltr'><strong>et</strong></span> <span class='ocrx_word' id='word_1_319' title='bbox 380 4190 637 4239; x_wconf 73' lang='lat' dir='ltr'><strong>Patavium</strong></span> <span class='ocrx_word' id='word_1_320' title='bbox 650 4204 742 4236; x_wconf 87' lang='lat' dir='ltr'><strong>con</strong></span> <span class='ocrx_word' id='word_1_321' title='bbox 845 4204 936 4236; x_wconf 85' lang='lat' dir='ltr'><strong>sse.</strong></span> <span class='ocrx_word' id='word_1_322' title='bbox 975 4188 1053 4234; x_wconf 88' lang='lat' dir='ltr'><strong>De</strong></span> <span class='ocrx_word' id='word_1_323' title='bbox 1068 4187 1320 4235; x_wconf 83' lang='lat' dir='ltr'><strong>Antenore</strong></span> <span class='ocrx_word' id='word_1_324' title='bbox 1336 4186 1430 4232; x_wconf 85' lang='lat' dir='ltr'><strong>Pa-</strong></span> 
     </span>
    </p>
   </div>
   <div class='ocr_carea' id='block_1_7' title="bbox 316 4249 1433 4440">
    <p class='ocr_par' dir='ltr' id='par_1_12' title="bbox 316 4249 1433 4440">
     <span class='ocr_line' id='line_1_54' title="bbox 318 4249 1430 4315; baseline -0.004 -16"><span class='ocrx_word' id='word_1_325' title='bbox 318 4251 434 4299; x_wconf 81' lang='lat' dir='ltr'><strong>tavii</strong></span> <span class='ocrx_word' id='word_1_326' title='bbox 457 4252 650 4315; x_wconf 82' lang='lat' dir='ltr'><strong>sepulto</strong></span> <span class='ocrx_word' id='word_1_327' title='bbox 671 4262 812 4301; x_wconf 87' lang='lat' dir='ltr'><strong>vetus</strong></span> <span class='ocrx_word' id='word_1_328' title='bbox 843 4251 939 4299; x_wconf 81' lang='lat' dir='ltr'><strong>fuit</strong></span> <span class='ocrx_word' id='word_1_329' title='bbox 965 4249 1132 4313; x_wconf 87' lang='lat' dir='ltr'><strong>opinio</strong></span> <span class='ocrx_word' id='word_1_330' title='bbox 1146 4268 1159 4305; x_wconf 71' lang='grc' dir='ltr'><strong>ς</strong></span> <span class='ocrx_word' id='word_1_331' title='bbox 1175 4258 1244 4297; x_wconf 85' lang='lat' dir='ltr'><strong>·et</strong></span> <span class='ocrx_word' id='word_1_332' title='bbox 1265 4249 1430 4296; x_wconf 88' lang='lat' dir='ltr'><strong>detec-</strong></span> 
     </span>
     <span class='ocr_line' id='line_1_55' title="bbox 316 4312 1433 4379; baseline -0.004 -16"><span class='ocrx_word' id='word_1_333' title='bbox 316 4328 421 4363; x_wconf 82' lang='lat' dir='ltr'><strong>tum</strong></span> <span class='ocrx_word' id='word_1_334' title='bbox 433 4316 769 4363; x_wconf 79' lang='lat' dir='ltr'><strong>Antenoi-eum</strong></span> <span class='ocrx_word' id='word_1_335' title='bbox 783 4314 1094 4379; x_wconf 84' lang='lat' dir='ltr'><strong>sepulchrum</strong></span> <span class='ocrx_word' id='word_1_336' title='bbox 1115 4313 1292 4363; x_wconf 50' lang='lat'>&amp;1274</span> <span class='ocrx_word' id='word_1_337' title='bbox 1305 4312 1433 4360; x_wconf 88' lang='lat' dir='ltr'><strong>inter</strong></span> 
     </span>
     <span class='ocr_line' id='line_1_56' title="bbox 316 4377 1289 4440; baseline -0.002 -13"><span class='ocrx_word' id='word_1_338' title='bbox 316 4378 614 4429; x_wconf 83' lang='lat' dir='ltr'><strong>recentiores</strong></span> <span class='ocrx_word' id='word_1_339' title='bbox 637 4378 821 4428; x_wconf 76' lang='lat' dir='ltr'><strong>fabulas</strong></span> <span class='ocrx_word' id='word_1_340' title='bbox 843 4379 962 4427; x_wconf 81' lang='lat' dir='ltr'><strong>satis</strong></span> <span class='ocrx_word' id='word_1_341' title='bbox 983 4377 1180 4440; x_wconf 79' lang='lat' dir='ltr'><strong>vulgata</strong></span> <span class='ocrx_word' id='word_1_342' title='bbox 1200 4385 1289 4425; x_wconf 83' lang='lat' dir='ltr'><strong>est.</strong></span> 
     </span>
    </p>
   </div>
   <div class='ocr_carea' id='block_1_8' title="bbox 2404 1158 2511 1296">
    <p class='ocr_par' dir='ltr' id='par_1_13' title="bbox 2404 1158 2511 1296">
     <span class='ocr_line' id='line_1_57' title="bbox 2404 1158 2511 1296; baseline 0 -83"><span class='ocrx_word' id='word_1_343' title='bbox 2404 1158 2511 1296; x_wconf 33' lang='grc' dir='ltr'><strong>ἢ,</strong></span> 
     </span>
    </p>
   </div>
   <div class='ocr_carea' id='block_1_9' title="bbox 1493 1515 2635 4434">
    <p class='ocr_par' dir='ltr' id='par_1_14' title="bbox 1503 1515 2635 2213">
     <span class='ocr_line' id='line_1_58' title="bbox 1575 1515 2635 1587; baseline 0.012 -25"><span class='ocrx_word' id='word_1_344' title='bbox 1575 1516 1685 1563; x_wconf 79' lang='lat'><strong>243.</strong></span> <span class='ocrx_word' id='word_1_345' title='bbox 1724 1515 1824 1563; x_wconf 86' lang='lat' dir='ltr'><strong>Hic</strong></span> <span class='ocrx_word' id='word_1_346' title='bbox 1858 1516 1995 1564; x_wconf 89' lang='lat' dir='ltr'><strong>sinus</strong></span> <span class='ocrx_word' id='word_1_347' title='bbox 2031 1526 2189 1580; x_wconf 63' lang='lat' dir='ltr'><strong>poeta!</strong></span> <span class='ocrx_word' id='word_1_348' title='bbox 2222 1518 2413 1570; x_wconf 86' lang='lat' dir='ltr'><strong>doctius</strong></span> <span class='ocrx_word' id='word_1_349' title='bbox 2448 1525 2635 1587; x_wconf 73' lang='lat' dir='ltr'><strong>Illyrici</strong></span> 
     </span>
     <span class='ocr_line' id='line_1_59' title="bbox 1508 1581 2633 1653; baseline 0.012 -29"><span class='ocrx_word' id='word_1_350' title='bbox 1508 1581 1650 1634; x_wconf 73' lang='lat' dir='ltr'><strong>sinus,</strong></span> <span class='ocrx_word' id='word_1_351' title='bbox 1670 1594 1879 1641; x_wconf 88' lang='lat' dir='ltr'><strong>namque</strong></span> <span class='ocrx_word' id='word_1_352' title='bbox 1902 1596 1951 1627; x_wconf 90' lang='lat' dir='ltr'><strong>m</strong></span> <span class='ocrx_word' id='word_1_353' title='bbox 1985 1581 2073 1628; x_wconf 84' lang='lat' dir='ltr'><strong>’ori</strong></span> <span class='ocrx_word' id='word_1_354' title='bbox 2088 1581 2326 1631; x_wconf 82' lang='lat' dir='ltr'><strong>Adriatici</strong></span> <span class='ocrx_word' id='word_1_355' title='bbox 2344 1586 2481 1635; x_wconf 89' lang='lat' dir='ltr'><strong>sinus</strong></span> <span class='ocrx_word' id='word_1_356' title='bbox 2503 1590 2633 1653; x_wconf 81' lang='lat' dir='ltr'><strong>parti</strong></span> 
     </span>
     <span class='ocr_line' id='line_1_60' title="bbox 1514 1642 2634 1715; baseline 0.012 -27"><span class='ocrx_word' id='word_1_357' title='bbox 1514 1642 1767 1704; x_wconf 85' lang='lat' dir='ltr'><strong>Illyricum</strong></span> <span class='ocrx_word' id='word_1_358' title='bbox 1782 1654 1968 1705; x_wconf 80' lang='lat' dir='ltr'><strong>praeten</strong></span> <span class='ocrx_word' id='word_1_359' title='bbox 2004 1644 2129 1701; x_wconf 64' lang='lat' dir='ltr'><strong>&#39;tun</strong></span> <span class='ocrx_word' id='word_1_360' title='bbox 2158 1645 2289 1694; x_wconf 88' lang='lat' dir='ltr'><strong>idem</strong></span> <span class='ocrx_word' id='word_1_361' title='bbox 2310 1652 2473 1697; x_wconf 76' lang='lat' dir='ltr'><strong>intima</strong></span> <span class='ocrx_word' id='word_1_362' title='bbox 2490 1669 2634 1715; x_wconf 78' lang='lat' dir='ltr'><strong>regna</strong></span> 
     </span>
     <span class='ocr_line' id='line_1_61' title="bbox 1511 1706 2631 1765; baseline 0.012 -13"><span class='ocrx_word' id='word_1_363' title='bbox 1511 1706 1835 1763; x_wconf 74' lang='lat' dir='ltr'><strong>Liburnorum,</strong></span> <span class='ocrx_word' id='word_1_364' title='bbox 1861 1722 1973 1756; x_wconf 87' lang='lat' dir='ltr'><strong>nam</strong></span> <span class='ocrx_word' id='word_1_365' title='bbox 1997 1724 2168 1757; x_wconf 84' lang='lat' dir='ltr'><strong>versus</strong></span> <span class='ocrx_word' id='word_1_366' title='bbox 2186 1707 2447 1761; x_wconf 85' lang='lat' dir='ltr'><strong>interiores</strong></span> <span class='ocrx_word' id='word_1_367' title='bbox 2468 1729 2631 1765; x_wconf 88' lang='lat' dir='ltr'><strong>reces-</strong></span> 
     </span>
     <span class='ocr_line' id='line_1_62' title="bbox 1507 1770 2630 1840; baseline 0.009 -24"><span class='ocrx_word' id='word_1_368' title='bbox 1507 1784 1593 1817; x_wconf 85' lang='lat' dir='ltr'><strong>sus</strong></span> <span class='ocrx_word' id='word_1_369' title='bbox 1622 1770 1907 1818; x_wconf 83' lang='lat' dir='ltr'><strong>habitarunt</strong></span> <span class='ocrx_word' id='word_1_370' title='bbox 1937 1770 2160 1829; x_wconf 87' lang='lat' dir='ltr'><strong>Liburni,</strong></span> <span class='ocrx_word' id='word_1_371' title='bbox 2190 1772 2375 1836; x_wconf 84' lang='lat' dir='ltr'><strong>Illyrici</strong></span> <span class='ocrx_word' id='word_1_372' title='bbox 2404 1779 2630 1840; x_wconf 80' lang='lat' dir='ltr'><strong>populus,</strong></span> 
     </span>
     <span class='ocr_line' id='line_1_63' title="bbox 1509 1832 2634 1901; baseline 0.01 -22"><span class='ocrx_word' id='word_1_373' title='bbox 1509 1841 1615 1880; x_wconf 87' lang='lat' dir='ltr'><strong>tum</strong></span> <span class='ocrx_word' id='word_1_374' title='bbox 1659 1832 1790 1891; x_wconf 85' lang='lat' dir='ltr'><strong>Istri,</strong></span> <span class='ocrx_word' id='word_1_375' title='bbox 1836 1833 1951 1881; x_wconf 80' lang='lat' dir='ltr'><strong>hinc</strong></span> <span class='ocrx_word' id='word_1_376' title='bbox 1990 1834 2169 1882; x_wconf 89' lang='lat' dir='ltr'><strong>Veneti</strong></span> <span class='ocrx_word' id='word_1_377' title='bbox 2208 1846 2257 1883; x_wconf 86' lang='lat' dir='ltr'><strong>et</strong></span> <span class='ocrx_word' id='word_1_378' title='bbox 2295 1838 2532 1901; x_wconf 78' lang='lat' dir='ltr'><strong>Euganei,</strong></span> <span class='ocrx_word' id='word_1_379' title='bbox 2578 1842 2634 1890; x_wconf 88' lang='lat' dir='ltr'><strong>in</strong></span> 
     </span>
     <span class='ocr_line' id='line_1_64' title="bbox 1509 1896 2629 1967; baseline 0.01 -25"><span class='ocrx_word' id='word_1_380' title='bbox 1509 1910 1716 1957; x_wconf 85' lang='lat' dir='ltr'><strong>quorum</strong></span> <span class='ocrx_word' id='word_1_381' title='bbox 1734 1896 1877 1945; x_wconf 87' lang='lat' dir='ltr'><strong>sedes</strong></span> <span class='ocrx_word' id='word_1_382' title='bbox 1892 1898 2073 1945; x_wconf 85' lang='lat' dir='ltr'><strong>Veneti</strong></span> <span class='ocrx_word' id='word_1_383' title='bbox 2095 1913 2441 1949; x_wconf 85' lang='lat' dir='ltr'><strong>successerant.</strong></span> <span class='ocrx_word' id='word_1_384' title='bbox 2478 1904 2629 1967; x_wconf 87' lang='lat' dir='ltr'><strong>Spec-</strong></span> 
     </span>
     <span class='ocr_line' id='line_1_65' title="bbox 1509 1960 2630 2029; baseline 0.01 -23"><span class='ocrx_word' id='word_1_385' title='bbox 1509 1968 1582 2007; x_wconf 88' lang='lat' dir='ltr'><strong>tat</strong></span> <span class='ocrx_word' id='word_1_386' title='bbox 1602 1968 1767 2007; x_wconf 88' lang='lat' dir='ltr'><strong>autem</strong></span> <span class='ocrx_word' id='word_1_387' title='bbox 1783 1960 1844 2007; x_wconf 86' lang='lat' dir='ltr'><strong>ad</strong></span> <span class='ocrx_word' id='word_1_388' title='bbox 1862 1960 2151 2023; x_wconf 77' lang='lat' dir='ltr'><strong>dignitatem</strong></span> <span class='ocrx_word' id='word_1_389' title='bbox 2165 1962 2399 2013; x_wconf 79' lang='lat' dir='ltr'><strong>orationis</strong></span> <span class='ocrx_word' id='word_1_390' title='bbox 2410 1968 2630 2029; x_wconf 78' lang='lat' dir='ltr'><strong>poeticae,</strong></span> 
     </span>
     <span class='ocr_line' id='line_1_66' title="bbox 1503 2022 2632 2097; baseline 0.011 -28"><span class='ocrx_word' id='word_1_391' title='bbox 1503 2031 1561 2070; x_wconf 90' lang='lat' dir='ltr'><strong>ut</strong></span> <span class='ocrx_word' id='word_1_392' title='bbox 1585 2022 1897 2071; x_wconf 86' lang='lat' dir='ltr'><strong>declarentur</strong></span> <span class='ocrx_word' id='word_1_393' title='bbox 1925 2025 2151 2097; x_wconf 72' lang='lat' dir='ltr'><strong>regiones</strong></span> <span class='ocrx_word' id='word_1_394' title='bbox 2180 2041 2279 2073; x_wconf 91' lang='lat' dir='ltr'><strong>non</strong></span> <span class='ocrx_word' id='word_1_395' title='bbox 2302 2028 2507 2091; x_wconf 80' lang='lat' dir='ltr'><strong>vulgari,</strong></span> <span class='ocrx_word' id='word_1_396' title='bbox 2543 2034 2632 2081; x_wconf 86' lang='lat' dir='ltr'><strong>sed</strong></span> 
     </span>
     <span class='ocr_line' id='line_1_67' title="bbox 1503 2086 2630 2213; baseline 0.01 -17"><span class='ocrx_word' id='word_1_397' title='bbox 1503 2086 2164 2213; x_wconf 53' lang='grc' dir='ltr'><strong>ἒὲῗέξέῗῗὲρέιὲωὲῶ·</strong></span> <span class='ocrx_word' id='word_1_398' title='bbox 2178 2105 2323 2207; x_wconf 64' lang='grc' dir='ltr'><strong>ἄζωΐι</strong></span> <span class='ocrx_word' id='word_1_399' title='bbox 2352 2092 2559 2206; x_wconf 54' lang='grc' dir='ltr'><strong>Μ’ἲίι</strong></span> <span class='ocrx_word' id='word_1_400' title='bbox 2572 2112 2630 2145; x_wconf 77' lang='lat'><strong>⁸⁰</strong></span> 
     </span>
    </p>

    <p class='ocr_par' dir='ltr' id='par_1_15' title="bbox 1499 2172 2629 2468">
     <span class='ocr_line' id='line_1_68' title="bbox 2124 2172 2613 2209; baseline 0.02 -10"><span class='ocrx_word' id='word_1_401' title='bbox 2124 2187 2138 2199; x_wconf 94' lang='lat'><strong>.</strong></span> <span class='ocrx_word' id='word_1_402' title='bbox 2344 2172 2462 2205; x_wconf 81' lang='lat' dir='ltr'><strong>vero</strong></span> <span class='ocrx_word' id='word_1_403' title='bbox 2560 2178 2613 2209; x_wconf 71' lang='lat' dir='ltr'><strong>ue</strong></span> 
     </span>
     <span class='ocr_line' id='line_1_69' title="bbox 1503 2195 2629 2281; baseline 0.012 -21"><span class='ocrx_word' id='word_1_404' title='bbox 1503 2228 1593 2261; x_wconf 88' lang='lat' dir='ltr'><strong>seu</strong></span> <span class='ocrx_word' id='word_1_405' title='bbox 1626 2212 1897 2271; x_wconf 81' lang='lat' dir='ltr'><strong>incolumis,</strong></span> <span class='ocrx_word' id='word_1_406' title='bbox 2020 2216 2237 2265; x_wconf 83' lang='lat' dir='ltr'><strong>Venetos</strong></span> <span class='ocrx_word' id='word_1_407' title='bbox 2268 2222 2508 2281; x_wconf 82' lang='lat' dir='ltr'><strong>pervenit,</strong></span> <span class='ocrx_word' id='word_1_408' title='bbox 2536 2195 2629 2273; x_wconf 62' lang='lat' dir='ltr'><strong>hoe</strong></span> 
     </span>
     <span class='ocr_line' id='line_1_70' title="bbox 1502 2276 2627 2340; baseline 0.012 -17"><span class='ocrx_word' id='word_1_409' title='bbox 1502 2276 1794 2340; x_wconf 85' lang='lat' dir='ltr'><strong>simpliciter</strong></span> <span class='ocrx_word' id='word_1_410' title='bbox 1830 2278 1891 2325; x_wconf 84' lang='lat' dir='ltr'><strong>nd</strong></span> <span class='ocrx_word' id='word_1_411' title='bbox 1932 2294 2151 2327; x_wconf 87' lang='lat' dir='ltr'><strong>errorum</strong></span> <span class='ocrx_word' id='word_1_412' title='bbox 2183 2280 2465 2333; x_wconf 83' lang='lat' dir='ltr'><strong>discrimina</strong></span> <span class='ocrx_word' id='word_1_413' title='bbox 2502 2288 2627 2336; x_wconf 79' lang='lat' dir='ltr'><strong>rese-</strong></span> 
     </span>
     <span class='ocr_line' id='line_1_71' title="bbox 1499 2342 2624 2399; baseline 0.011 -12"><span class='ocrx_word' id='word_1_414' title='bbox 1499 2355 1622 2388; x_wconf 86' lang='lat' dir='ltr'><strong>ram.</strong></span> <span class='ocrx_word' id='word_1_415' title='bbox 1682 2342 1893 2389; x_wconf 88' lang='lat' dir='ltr'><strong>Potuere</strong></span> <span class='ocrx_word' id='word_1_416' title='bbox 1928 2350 2091 2390; x_wconf 88' lang='lat' dir='ltr'><strong>tamen</strong></span> <span class='ocrx_word' id='word_1_417' title='bbox 2125 2352 2176 2391; x_wconf 92' lang='lat' dir='ltr'><strong>et</strong></span> <span class='ocrx_word' id='word_1_418' title='bbox 2205 2343 2303 2393; x_wconf 87' lang='lat' dir='ltr'><strong>alia</strong></span> <span class='ocrx_word' id='word_1_419' title='bbox 2334 2362 2441 2395; x_wconf 87' lang='lat' dir='ltr'><strong>esse</strong></span> <span class='ocrx_word' id='word_1_420' title='bbox 2465 2351 2624 2399; x_wconf 85' lang='lat' dir='ltr'><strong>Ante-</strong></span> 
     </span>
     <span class='ocr_line' id='line_1_72' title="bbox 1501 2404 2381 2468; baseline 0.007 -17"><span class='ocrx_word' id='word_1_421' title='bbox 1501 2404 1637 2451; x_wconf 87' lang='lat' dir='ltr'><strong>noris</strong></span> <span class='ocrx_word' id='word_1_422' title='bbox 1660 2405 1774 2461; x_wconf 84' lang='lat' dir='ltr'><strong>fata,</strong></span> <span class='ocrx_word' id='word_1_423' title='bbox 1800 2421 1908 2467; x_wconf 78' lang='lat' dir='ltr'><strong>quae</strong></span> <span class='ocrx_word' id='word_1_424' title='bbox 1931 2421 2060 2453; x_wconf 88' lang='lat' dir='ltr'><strong>nunc</strong></span> <span class='ocrx_word' id='word_1_425' title='bbox 2083 2407 2381 2468; x_wconf 78' lang='lat' dir='ltr'><strong>ignorantur.</strong></span> 
     </span>
    </p>

    <p class='ocr_par' dir='ltr' id='par_1_16' title="bbox 1493 2470 2629 3862">
     <span class='ocr_line' id='line_1_73' title="bbox 1567 2470 2626 2535; baseline 0.009 -20"><span class='ocrx_word' id='word_1_426' title='bbox 1567 2470 1837 2516; x_wconf 75' lang='lat'><strong>244-246,</strong></span> <span class='ocrx_word' id='word_1_427' title='bbox 1875 2470 2137 2517; x_wconf 85' lang='lat' dir='ltr'><strong>Poetarum</strong></span> <span class='ocrx_word' id='word_1_428' title='bbox 2170 2486 2318 2529; x_wconf 90' lang='lat' dir='ltr'><strong>more,</strong></span> <span class='ocrx_word' id='word_1_429' title='bbox 2344 2474 2426 2535; x_wconf 91' lang='lat' dir='ltr'><strong>qui</strong></span> <span class='ocrx_word' id='word_1_430' title='bbox 2456 2490 2486 2521; x_wconf 85' lang='lat' dir='ltr'><strong>a</strong></span> <span class='ocrx_word' id='word_1_431' title='bbox 2514 2477 2626 2525; x_wconf 79' lang='lat' dir='ltr'><strong>fini·</strong></span> 
     </span>
     <span class='ocr_line' id='line_1_74' title="bbox 1501 2530 2627 2590; baseline 0.01 -12"><span class='ocrx_word' id='word_1_432' title='bbox 1501 2530 1635 2579; x_wconf 85' lang='lat' dir='ltr'><strong>timis</strong></span> <span class='ocrx_word' id='word_1_433' title='bbox 1670 2531 1790 2579; x_wconf 88' lang='lat' dir='ltr'><strong>locis</strong></span> <span class='ocrx_word' id='word_1_434' title='bbox 1826 2531 2111 2580; x_wconf 84' lang='lat' dir='ltr'><strong>clarioribus</strong></span> <span class='ocrx_word' id='word_1_435' title='bbox 2140 2543 2226 2580; x_wconf 88' lang='lat' dir='ltr'><strong>aut</strong></span> <span class='ocrx_word' id='word_1_436' title='bbox 2260 2536 2627 2590; x_wconf 85' lang='lat' dir='ltr'><strong>notabilioribus</strong></span> 
     </span>
     <span class='ocr_line' id='line_1_75' title="bbox 1498 2594 2629 2664; baseline 0.01 -23"><span class='ocrx_word' id='word_1_437' title='bbox 1498 2594 1652 2643; x_wconf 82' lang='lat' dir='ltr'><strong>multa</strong></span> <span class='ocrx_word' id='word_1_438' title='bbox 1714 2594 1986 2657; x_wconf 78' lang='lat' dir='ltr'><strong>designant,</strong></span> <span class='ocrx_word' id='word_1_439' title='bbox 2052 2598 2297 2655; x_wconf 62' lang='lat' dir='ltr'><strong>mmmm,</strong></span> <span class='ocrx_word' id='word_1_440' title='bbox 2353 2614 2629 2664; x_wconf 84' lang='lat' dir='ltr'><strong>quanquam</strong></span> 
     </span>
     <span class='ocr_line' id='line_1_76' title="bbox 1497 2658 2627 2721; baseline 0.01 -17"><span class='ocrx_word' id='word_1_441' title='bbox 1497 2658 1663 2721; x_wconf 86' lang='lat' dir='ltr'><strong>paullo</strong></span> <span class='ocrx_word' id='word_1_442' title='bbox 1689 2658 1999 2707; x_wconf 86' lang='lat' dir='ltr'><strong>remotiorem</strong></span> <span class='ocrx_word' id='word_1_443' title='bbox 2034 2659 2251 2717; x_wconf 82' lang='lat' dir='ltr'><strong>fluvium,</strong></span> <span class='ocrx_word' id='word_1_444' title='bbox 2276 2663 2363 2710; x_wconf 86' lang='lat' dir='ltr'><strong>sed</strong></span> <span class='ocrx_word' id='word_1_445' title='bbox 2385 2665 2627 2715; x_wconf 88' lang='lat' dir='ltr'><strong>notiorem</strong></span> 
     </span>
     <span class='ocr_line' id='line_1_77' title="bbox 1501 2722 2624 2791; baseline 0.009 -22"><span class='ocrx_word' id='word_1_446' title='bbox 1501 2730 1553 2769; x_wconf 90' lang='lat' dir='ltr'><strong>et</strong></span> <span class='ocrx_word' id='word_1_447' title='bbox 1582 2730 1801 2770; x_wconf 78' lang='lat' dir='ltr'><strong>veterum</strong></span> <span class='ocrx_word' id='word_1_448' title='bbox 1834 2722 1959 2770; x_wconf 82' lang='lat' dir='ltr'><strong>forte</strong></span> <span class='ocrx_word' id='word_1_449' title='bbox 1992 2732 2247 2786; x_wconf 82' lang='lat' dir='ltr'><strong>poetarum</strong></span> <span class='ocrx_word' id='word_1_450' title='bbox 2274 2741 2367 2774; x_wconf 87' lang='lat' dir='ltr'><strong>usu</strong></span> <span class='ocrx_word' id='word_1_451' title='bbox 2396 2726 2624 2791; x_wconf 82' lang='lat' dir='ltr'><strong>frequen-</strong></span> 
     </span>
     <span class='ocr_line' id='line_1_78' title="bbox 1501 2785 2627 2843; baseline 0.008 -10"><span class='ocrx_word' id='word_1_452' title='bbox 1501 2793 1671 2841; x_wconf 83' lang='lat' dir='ltr'><strong>tatum,</strong></span> <span class='ocrx_word' id='word_1_453' title='bbox 1716 2786 1779 2833; x_wconf 83' lang='lat' dir='ltr'><strong>ad</strong></span> <span class='ocrx_word' id='word_1_454' title='bbox 1825 2785 1973 2833; x_wconf 84' lang='lat' dir='ltr'><strong>situm</strong></span> <span class='ocrx_word' id='word_1_455' title='bbox 2023 2787 2231 2835; x_wconf 89' lang='lat' dir='ltr'><strong>eundem</strong></span> <span class='ocrx_word' id='word_1_456' title='bbox 2284 2789 2627 2843; x_wconf 85' lang='lat' dir='ltr'><strong>declarandum</strong></span> 
     </span>
     <span class='ocr_line' id='line_1_79' title="bbox 1499 2852 2629 2917; baseline 0.011 -23"><span class='ocrx_word' id='word_1_457' title='bbox 1499 2858 1860 2897; x_wconf 86' lang='lat' dir='ltr'><strong>commemorat.</strong></span> <span class='ocrx_word' id='word_1_458' title='bbox 1940 2852 2129 2897; x_wconf 74' lang='lat' dir='ltr'><strong>Fontem</strong></span> <span class='ocrx_word' id='word_1_459' title='bbox 2172 2852 2351 2900; x_wconf 71' lang='lat' dir='ltr'><strong>Tn’mwi</strong></span> <span class='ocrx_word' id='word_1_460' title='bbox 2392 2864 2629 2917; x_wconf 74' lang='lat' dir='ltr'><strong>superavit</strong></span> 
     </span>
     <span class='ocr_line' id='line_1_80' title="bbox 1499 2912 2627 2983; baseline 0.011 -25"><span class='ocrx_word' id='word_1_461' title='bbox 1499 2912 1740 2969; x_wconf 86' lang='lat' dir='ltr'><strong>Antenor,</strong></span> <span class='ocrx_word' id='word_1_462' title='bbox 1779 2922 2018 2975; x_wconf 88' lang='lat' dir='ltr'><strong>quatenus</strong></span> <span class='ocrx_word' id='word_1_463' title='bbox 2056 2913 2208 2963; x_wconf 83' lang='lat' dir='ltr'><strong>classe</strong></span> <span class='ocrx_word' id='word_1_464' title='bbox 2250 2914 2417 2965; x_wconf 83' lang='lat' dir='ltr'><strong>littora</strong></span> <span class='ocrx_word' id='word_1_465' title='bbox 2458 2920 2627 2983; x_wconf 76' lang='lat' dir='ltr'><strong>leg-ens</strong></span> 
     </span>
     <span class='ocr_line' id='line_1_81' title="bbox 1497 2976 2627 3043; baseline 0.011 -22"><span class='ocrx_word' id='word_1_466' title='bbox 1497 2984 1847 3037; x_wconf 72' lang='lat' dir='ltr'><strong>praetervectus</strong></span> <span class='ocrx_word' id='word_1_467' title='bbox 1870 2985 1974 3027; x_wconf 88' lang='lat' dir='ltr'><strong>erat</strong></span> <span class='ocrx_word' id='word_1_468' title='bbox 2004 2976 2167 3025; x_wconf 85' lang='lat' dir='ltr'><strong>sinum</strong></span> <span class='ocrx_word' id='word_1_469' title='bbox 2189 2978 2548 3043; x_wconf 79' lang='lat' dir='ltr'><strong>Tergestinum,</strong></span> <span class='ocrx_word' id='word_1_470' title='bbox 2574 2985 2627 3033; x_wconf 93' lang='lat' dir='ltr'><strong>in</strong></span> 
     </span>
     <span class='ocr_line' id='line_1_82' title="bbox 1497 3038 2629 3110; baseline 0.01 -25"><span class='ocrx_word' id='word_1_471' title='bbox 1497 3052 1643 3099; x_wconf 88' lang='lat' dir='ltr'><strong>quem</strong></span> <span class='ocrx_word' id='word_1_472' title='bbox 1666 3038 1899 3087; x_wconf 84' lang='lat' dir='ltr'><strong>Timavus</strong></span> <span class='ocrx_word' id='word_1_473' title='bbox 1925 3039 2219 3089; x_wconf 85' lang='lat' dir='ltr'><strong>immittitur.</strong></span> <span class='ocrx_word' id='word_1_474' title='bbox 2288 3044 2403 3092; x_wconf 82' lang='lat' dir='ltr'><strong>Non</strong></span> <span class='ocrx_word' id='word_1_475' title='bbox 2434 3046 2579 3110; x_wconf 76' lang='lat' dir='ltr'><strong>long-e</strong></span> <span class='ocrx_word' id='word_1_476' title='bbox 2598 3065 2629 3097; x_wconf 88' lang='lat' dir='ltr'><strong>a</strong></span> 
     </span>
     <span class='ocr_line' id='line_1_83' title="bbox 1498 3101 2623 3161; baseline 0.012 -13"><span class='ocrx_word' id='word_1_477' title='bbox 1498 3102 1622 3149; x_wconf 83' lang='lat' dir='ltr'><strong>mari</strong></span> <span class='ocrx_word' id='word_1_478' title='bbox 1658 3101 1710 3149; x_wconf 91' lang='lat' dir='ltr'><strong>in</strong></span> <span class='ocrx_word' id='word_1_479' title='bbox 1743 3104 2013 3151; x_wconf 84' lang='lat' dir='ltr'><strong>Carnorum</strong></span> <span class='ocrx_word' id='word_1_480' title='bbox 2048 3104 2228 3153; x_wconf 85' lang='lat' dir='ltr'><strong>finibus</strong></span> <span class='ocrx_word' id='word_1_481' title='bbox 2262 3106 2346 3155; x_wconf 86' lang='lat' dir='ltr'><strong>ille</strong></span> <span class='ocrx_word' id='word_1_482' title='bbox 2378 3108 2511 3158; x_wconf 88' lang='lat' dir='ltr'><strong>inter</strong></span> <span class='ocrx_word' id='word_1_483' title='bbox 2540 3126 2623 3161; x_wconf 89' lang='lat' dir='ltr'><strong>ru-</strong></span> 
     </span>
     <span class='ocr_line' id='line_1_84' title="bbox 1498 3165 2627 3237; baseline 0.012 -25"><span class='ocrx_word' id='word_1_484' title='bbox 1498 3165 1637 3229; x_wconf 86' lang='lat' dir='ltr'><strong>pium</strong></span> <span class='ocrx_word' id='word_1_485' title='bbox 1688 3182 1919 3215; x_wconf 81' lang='lat' dir='ltr'><strong>cavernas</strong></span> <span class='ocrx_word' id='word_1_486' title='bbox 1961 3168 2292 3232; x_wconf 87' lang='lat' dir='ltr'><strong>compluribus</strong></span> <span class='ocrx_word' id='word_1_487' title='bbox 2345 3170 2627 3237; x_wconf 78' lang='lat' dir='ltr'><strong>ingentibus</strong></span> 
     </span>
     <span class='ocr_line' id='line_1_85' title="bbox 1499 3230 2627 3303; baseline 0.012 -28"><span class='ocrx_word' id='word_1_488' title='bbox 1499 3243 1735 3291; x_wconf 85' lang='lat' dir='ltr'><strong>aquarum</strong></span> <span class='ocrx_word' id='word_1_489' title='bbox 1756 3230 1971 3279; x_wconf 85' lang='lat' dir='ltr'><strong>fontibus</strong></span> <span class='ocrx_word' id='word_1_490' title='bbox 1988 3232 2213 3295; x_wconf 86' lang='lat' dir='ltr'><strong>erumpit,</strong></span> <span class='ocrx_word' id='word_1_491' title='bbox 2235 3234 2315 3296; x_wconf 89' lang='lat' dir='ltr'><strong>qui</strong></span> <span class='ocrx_word' id='word_1_492' title='bbox 2334 3236 2499 3299; x_wconf 87' lang='lat' dir='ltr'><strong>paullo</strong></span> <span class='ocrx_word' id='word_1_493' title='bbox 2515 3250 2627 3303; x_wconf 86' lang='lat' dir='ltr'><strong>post</strong></span> 
     </span>
     <span class='ocr_line' id='line_1_86' title="bbox 1499 3290 2623 3369; baseline 0.011 -29"><span class='ocrx_word' id='word_1_494' title='bbox 1499 3290 1555 3339; x_wconf 91' lang='lat' dir='ltr'><strong>in</strong></span> <span class='ocrx_word' id='word_1_495' title='bbox 1593 3308 1765 3368; x_wconf 48' lang='lat' dir='ltr'><strong>unum·</strong></span> <span class='ocrx_word' id='word_1_496' title='bbox 1784 3294 1975 3369; x_wconf 51' lang='lat' dir='ltr'><strong>alueum</strong></span> <span class='ocrx_word' id='word_1_497' title='bbox 2014 3294 2163 3343; x_wconf 83' lang='lat' dir='ltr'><strong>delati</strong></span> <span class='ocrx_word' id='word_1_498' title='bbox 2204 3296 2384 3347; x_wconf 82' lang='lat' dir='ltr'><strong>flumen</strong></span> <span class='ocrx_word' id='word_1_499' title='bbox 2424 3300 2623 3363; x_wconf 79' lang='lat' dir='ltr'><strong>faciunt,</strong></span> 
     </span>
     <span class='ocr_line' id='line_1_87' title="bbox 1499 3356 2624 3481; baseline 0.012 -14"><span class='ocrx_word' id='word_1_500' title='bbox 1499 3356 1991 3469; x_wconf 50' lang='lat' dir='ltr'><strong>ssissd&#39;oessi’inv&#39;ss‘mff</strong></span> <span class='ocrx_word' id='word_1_501' title='bbox 2009 3374 2513 3477; x_wconf 56' lang='lat' dir='ltr'><strong>033⁶⁰⁸1231¹322⁸3ffi</strong></span> <span class='ocrx_word' id='word_1_502' title='bbox 2534 3378 2624 3481; x_wconf 62' lang='lat'><strong>{⁸21</strong></span> 
     </span>
     <span class='ocr_line' id='line_1_88' title="bbox 1499 3484 2627 3555; baseline 0.006 -24"><span class='ocrx_word' id='word_1_503' title='bbox 1499 3484 1591 3531; x_wconf 90' lang='lat' dir='ltr'><strong>biti</strong></span> <span class='ocrx_word' id='word_1_504' title='bbox 1626 3493 1742 3532; x_wconf 87' lang='lat' dir='ltr'><strong>sunt</strong></span> <span class='ocrx_word' id='word_1_505' title='bbox 1778 3502 1927 3533; x_wconf 77' lang='lat' dir='ltr'><strong>novem</strong></span> <span class='ocrx_word' id='word_1_506' title='bbox 1943 3504 1961 3538; x_wconf 79' lang='lat'><strong>,-</strong></span> <span class='ocrx_word' id='word_1_507' title='bbox 2003 3502 2066 3533; x_wconf 84' lang='lat' dir='ltr'><strong>ex</strong></span> <span class='ocrx_word' id='word_1_508' title='bbox 2097 3486 2159 3534; x_wconf 87' lang='lat' dir='ltr'><strong>iis</strong></span> <span class='ocrx_word' id='word_1_509' title='bbox 2193 3491 2467 3553; x_wconf 83' lang='lat' dir='ltr'><strong>prorumpit</strong></span> <span class='ocrx_word' id='word_1_510' title='bbox 2502 3508 2627 3555; x_wconf 74' lang='lat' dir='ltr'><strong>aqua</strong></span> 
     </span>
     <span class='ocr_line' id='line_1_89' title="bbox 1498 3548 2625 3610; baseline 0.01 -16"><span class='ocrx_word' id='word_1_511' title='bbox 1498 3562 1677 3610; x_wconf 76' lang='lat' dir='ltr'><strong>magno</strong></span> <span class='ocrx_word' id='word_1_512' title='bbox 1708 3563 1821 3595; x_wconf 90' lang='lat' dir='ltr'><strong>cum</strong></span> <span class='ocrx_word' id='word_1_513' title='bbox 1858 3548 2063 3610; x_wconf 72' lang='lat' dir='ltr'><strong>fragore,</strong></span> <span class='ocrx_word' id='word_1_514' title='bbox 2102 3558 2229 3597; x_wconf 65' lang='lat' dir='ltr'><strong>vasto</strong></span> <span class='ocrx_word' id='word_1_515' title='bbox 2262 3568 2362 3599; x_wconf 76' lang='lat' dir='ltr'><strong>cum</strong></span> <span class='ocrx_word' id='word_1_516' title='bbox 2397 3570 2625 3605; x_wconf 72' lang='lat' dir='ltr'><strong>marmure</strong></span> 
     </span>
     <span class='ocr_line' id='line_1_90' title="bbox 1498 3610 2621 3672; baseline 0.009 -15"><span class='ocrx_word' id='word_1_517' title='bbox 1498 3615 1661 3658; x_wconf 72' lang='lat' dir='ltr'><strong>montis</strong></span> <span class='ocrx_word' id='word_1_518' title='bbox 1676 3630 1693 3664; x_wconf 83' lang='lat'><strong>,-</strong></span> <span class='ocrx_word' id='word_1_519' title='bbox 1738 3610 1997 3672; x_wconf 80' lang='lat' dir='ltr'><strong>statimque</strong></span> <span class='ocrx_word' id='word_1_520' title='bbox 2035 3612 2087 3658; x_wconf 89' lang='lat' dir='ltr'><strong>in</strong></span> <span class='ocrx_word' id='word_1_521' title='bbox 2120 3627 2273 3659; x_wconf 90' lang='lat' dir='ltr'><strong>unum</strong></span> <span class='ocrx_word' id='word_1_522' title='bbox 2304 3614 2487 3663; x_wconf 84' lang='lat' dir='ltr'><strong>flumen</strong></span> <span class='ocrx_word' id='word_1_523' title='bbox 2520 3620 2621 3667; x_wconf 86' lang='lat' dir='ltr'><strong>col·</strong></span> 
     </span>
     <span class='ocr_line' id='line_1_91' title="bbox 1497 3674 2620 3741; baseline 0 -20"><span class='ocrx_word' id='word_1_524' title='bbox 1497 3674 1625 3723; x_wconf 86' lang='lat' dir='ltr'><strong>lecta</strong></span> <span class='ocrx_word' id='word_1_525' title='bbox 1646 3674 1795 3722; x_wconf 87' lang='lat' dir='ltr'><strong>maris</strong></span> <span class='ocrx_word' id='word_1_526' title='bbox 1825 3674 2038 3737; x_wconf 86' lang='lat' dir='ltr'><strong>speciem</strong></span> <span class='ocrx_word' id='word_1_527' title='bbox 2069 3675 2219 3722; x_wconf 81' lang='lat' dir='ltr'><strong>refert</strong></span> <span class='ocrx_word' id='word_1_528' title='bbox 2250 3676 2347 3724; x_wconf 86' lang='lat' dir='ltr'><strong>late</strong></span> <span class='ocrx_word' id='word_1_529' title='bbox 2369 3692 2511 3741; x_wconf 70' lang='lat' dir='ltr'><strong>agros</strong></span> <span class='ocrx_word' id='word_1_530' title='bbox 2544 3682 2620 3730; x_wconf 77' lang='lat' dir='ltr'><strong>in-</strong></span> 
     </span>
     <span class='ocr_line' id='line_1_92' title="bbox 1498 3736 2625 3809; baseline 0.004 -24"><span class='ocrx_word' id='word_1_531' title='bbox 1498 3736 1755 3785; x_wconf 80' lang='lat' dir='ltr'><strong>undantis:</strong></span> <span class='ocrx_word' id='word_1_532' title='bbox 1810 3739 1859 3785; x_wconf 77' lang='lat' dir='ltr'><strong>It</strong></span> <span class='ocrx_word' id='word_1_533' title='bbox 1896 3754 2021 3785; x_wconf 74' lang='lat' dir='ltr'><strong>mare</strong></span> <span class='ocrx_word' id='word_1_534' title='bbox 2050 3746 2335 3799; x_wconf 73' lang='lat' dir='ltr'><strong>proruptam,</strong></span> <span class='ocrx_word' id='word_1_535' title='bbox 2377 3750 2425 3788; x_wconf 81' lang='lat' dir='ltr'><strong>et</strong></span> <span class='ocrx_word' id='word_1_536' title='bbox 2457 3748 2625 3809; x_wconf 74' lang='lat' dir='ltr'><strong>pelago</strong></span> 
     </span>
     <span class='ocr_line' id='line_1_93' title="bbox 1493 3805 2015 3862; baseline 0 -14"><span class='ocrx_word' id='word_1_537' title='bbox 1493 3805 1667 3862; x_wconf 77' lang='lat' dir='ltr'><strong>premit</strong></span> <span class='ocrx_word' id='word_1_538' title='bbox 1688 3818 1801 3849; x_wconf 81' lang='lat' dir='ltr'><strong>arva</strong></span> <span class='ocrx_word' id='word_1_539' title='bbox 1820 3805 2015 3849; x_wconf 73' lang='lat' dir='ltr'><strong>sonanti.</strong></span> 
     </span>
    </p>

    <p class='ocr_par' dir='ltr' id='par_1_17' title="bbox 1497 3864 2625 4434">
     <span class='ocr_line' id='line_1_94' title="bbox 1566 3864 2623 3923; baseline 0.009 -12"><span class='ocrx_word' id='word_1_540' title='bbox 1566 3864 1676 3921; x_wconf 83' lang='lat'><strong>247,</strong></span> <span class='ocrx_word' id='word_1_541' title='bbox 1705 3866 1814 3912; x_wconf 75' lang='lat'><strong>248.</strong></span> <span class='ocrx_word' id='word_1_542' title='bbox 1862 3868 1959 3913; x_wconf 73' lang='lat' dir='ltr'><strong>Hic</strong></span> <span class='ocrx_word' id='word_1_543' title='bbox 1990 3873 2139 3914; x_wconf 72' lang='lat' dir='ltr'><strong>tamen</strong></span> <span class='ocrx_word' id='word_1_544' title='bbox 2155 3884 2171 3911; x_wconf 88' lang='lat'><strong>.-</strong></span> <span class='ocrx_word' id='word_1_545' title='bbox 2210 3866 2311 3914; x_wconf 86' lang='lat' dir='ltr'><strong>noli</strong></span> <span class='ocrx_word' id='word_1_546' title='bbox 2342 3868 2527 3919; x_wconf 74' lang='lat' dir='ltr'><strong>haerere</strong></span> <span class='ocrx_word' id='word_1_547' title='bbox 2561 3874 2623 3923; x_wconf 82' lang='lat' dir='ltr'><strong>ad</strong></span> 
     </span>
     <span class='ocr_line' id='line_1_95' title="bbox 1498 3927 2623 3987; baseline 0.009 -13"><span class='ocrx_word' id='word_1_548' title='bbox 1498 3927 1684 3975; x_wconf 81' lang='lat' dir='ltr'><strong>fontem</strong></span> <span class='ocrx_word' id='word_1_549' title='bbox 1724 3928 1943 3983; x_wconf 75' lang='lat' dir='ltr'><strong>Timavi3</strong></span> <span class='ocrx_word' id='word_1_550' title='bbox 1994 3930 2081 3977; x_wconf 86' lang='lat' dir='ltr'><strong>sed</strong></span> <span class='ocrx_word' id='word_1_551' title='bbox 2121 3929 2281 3987; x_wconf 84' lang='lat' dir='ltr'><strong>latius,</strong></span> <span class='ocrx_word' id='word_1_552' title='bbox 2320 3931 2372 3979; x_wconf 90' lang='lat' dir='ltr'><strong>in</strong></span> <span class='ocrx_word' id='word_1_553' title='bbox 2410 3934 2509 3981; x_wconf 81' lang='lat' dir='ltr'><strong>oris</strong></span> <span class='ocrx_word' id='word_1_554' title='bbox 2544 3937 2623 3985; x_wconf 87' lang='lat' dir='ltr'><strong>his</strong></span> 
     </span>
     <span class='ocr_line' id='line_1_96' title="bbox 1498 3989 2618 4054; baseline 0 -16"><span class='ocrx_word' id='word_1_555' title='bbox 1498 3989 1677 4039; x_wconf 86' lang='lat' dir='ltr'><strong>littoris</strong></span> <span class='ocrx_word' id='word_1_556' title='bbox 1707 3990 1960 4049; x_wconf 87' lang='lat' dir='ltr'><strong>Adriatici,</strong></span> <span class='ocrx_word' id='word_1_557' title='bbox 1988 4001 2039 4039; x_wconf 91' lang='lat' dir='ltr'><strong>et</strong></span> <span class='ocrx_word' id='word_1_558' title='bbox 2070 3993 2281 4054; x_wconf 87' lang='lat' dir='ltr'><strong>quidem,</strong></span> <span class='ocrx_word' id='word_1_559' title='bbox 2305 4009 2417 4042; x_wconf 87' lang='lat' dir='ltr'><strong>cum</strong></span> <span class='ocrx_word' id='word_1_560' title='bbox 2448 3998 2510 4045; x_wconf 84' lang='lat' dir='ltr'><strong>ad</strong></span> <span class='ocrx_word' id='word_1_561' title='bbox 2542 3998 2618 4047; x_wconf 81' lang='lat' dir='ltr'><strong>in-</strong></span> 
     </span>
     <span class='ocr_line' id='line_1_97' title="bbox 1502 4054 2625 4120; baseline 0.007 -17"><span class='ocrx_word' id='word_1_562' title='bbox 1502 4054 1645 4103; x_wconf 88' lang='lat' dir='ltr'><strong>timos</strong></span> <span class='ocrx_word' id='word_1_563' title='bbox 1685 4055 1823 4105; x_wconf 87' lang='lat' dir='ltr'><strong>sinus</strong></span> <span class='ocrx_word' id='word_1_564' title='bbox 1865 4070 2086 4103; x_wconf 85' lang='lat' dir='ltr'><strong>recessus</strong></span> <span class='ocrx_word' id='word_1_565' title='bbox 2131 4066 2449 4120; x_wconf 81' lang='lat' dir='ltr'><strong>penetrasset,</strong></span> <span class='ocrx_word' id='word_1_566' title='bbox 2494 4062 2625 4112; x_wconf 88' lang='lat' dir='ltr'><strong>inter</strong></span> 
     </span>
     <span class='ocr_line' id='line_1_98' title="bbox 1501 4118 2623 4186; baseline 0.008 -21"><span class='ocrx_word' id='word_1_567' title='bbox 1501 4118 1776 4182; x_wconf 78' lang='lat' dir='ltr'><strong>Euganeos,</strong></span> <span class='ocrx_word' id='word_1_568' title='bbox 1820 4118 1903 4181; x_wconf 89' lang='lat' dir='ltr'><strong>qui</strong></span> <span class='ocrx_word' id='word_1_569' title='bbox 1943 4128 2045 4166; x_wconf 87' lang='lat' dir='ltr'><strong>tum</strong></span> <span class='ocrx_word' id='word_1_570' title='bbox 2084 4118 2186 4166; x_wconf 82' lang='lat' dir='ltr'><strong>haec</strong></span> <span class='ocrx_word' id='word_1_571' title='bbox 2226 4119 2335 4168; x_wconf 89' lang='lat' dir='ltr'><strong>loca</strong></span> <span class='ocrx_word' id='word_1_572' title='bbox 2376 4127 2623 4186; x_wconf 82' lang='lat' dir='ltr'><strong>tenebant,</strong></span> 
     </span>
     <span class='ocr_line' id='line_1_99' title="bbox 1499 4182 2623 4247; baseline 0.003 -17"><span class='ocrx_word' id='word_1_573' title='bbox 1499 4183 1756 4230; x_wconf 78' lang='lat' dir='ltr'><strong>Patavium</strong></span> <span class='ocrx_word' id='word_1_574' title='bbox 1799 4182 1883 4230; x_wconf 91' lang='lat' dir='ltr'><strong>ille</strong></span> <span class='ocrx_word' id='word_1_575' title='bbox 1934 4182 2164 4239; x_wconf 87' lang='lat' dir='ltr'><strong>condidit,</strong></span> <span class='ocrx_word' id='word_1_576' title='bbox 2208 4194 2259 4231; x_wconf 87' lang='lat' dir='ltr'><strong>et</strong></span> <span class='ocrx_word' id='word_1_577' title='bbox 2296 4190 2427 4247; x_wconf 74' lang='lat' dir='ltr'><strong>genti</strong></span> <span class='ocrx_word' id='word_1_578' title='bbox 2467 4205 2623 4239; x_wconf 72' lang='lat' dir='ltr'><strong>nomen</strong></span> 
     </span>
     <span class='ocr_line' id='line_1_100' title="bbox 1497 4248 2619 4313; baseline -0.001 -20"><span class='ocrx_word' id='word_1_579' title='bbox 1497 4249 1628 4294; x_wconf 72' lang='lat' dir='ltr'><strong>dedit</strong></span> <span class='ocrx_word' id='word_1_580' title='bbox 1642 4264 1659 4299; x_wconf 89' lang='grc'><strong>.·</strong></span> <span class='ocrx_word' id='word_1_581' title='bbox 1704 4248 1970 4293; x_wconf 70' lang='lat' dir='ltr'><strong>Venetorum</strong></span> <span class='ocrx_word' id='word_1_582' title='bbox 1992 4260 2185 4303; x_wconf 86' lang='lat' dir='ltr'><strong>nomen,</strong></span> <span class='ocrx_word' id='word_1_583' title='bbox 2209 4248 2339 4308; x_wconf 89' lang='lat' dir='ltr'><strong>quod</strong></span> <span class='ocrx_word' id='word_1_584' title='bbox 2366 4250 2511 4313; x_wconf 80' lang='lat' dir='ltr'><strong>vulgo</strong></span> <span class='ocrx_word' id='word_1_585' title='bbox 2535 4270 2619 4302; x_wconf 74' lang='lat' dir='ltr'><strong>ve-</strong></span> 
     </span>
     <span class='ocr_line' id='line_1_101' title="bbox 1498 4309 2619 4383; baseline -0.001 -26"><span class='ocrx_word' id='word_1_586' title='bbox 1498 4318 1627 4359; x_wconf 88' lang='lat' dir='ltr'><strong>teres</strong></span> <span class='ocrx_word' id='word_1_587' title='bbox 1658 4311 1719 4357; x_wconf 87' lang='lat' dir='ltr'><strong>ab</strong></span> <span class='ocrx_word' id='word_1_588' title='bbox 1750 4312 1945 4358; x_wconf 71' lang='lat' dir='ltr'><strong>Heneti-s</strong></span> <span class='ocrx_word' id='word_1_589' title='bbox 1979 4309 2339 4383; x_wconf 62' lang='lat' dir='ltr'><strong>Paphlagoniae,</strong></span> <span class='ocrx_word' id='word_1_590' title='bbox 2365 4327 2487 4374; x_wconf 86' lang='lat' dir='ltr'><strong>quos</strong></span> <span class='ocrx_word' id='word_1_591' title='bbox 2514 4318 2619 4365; x_wconf 86' lang='lat' dir='ltr'><strong>An-</strong></span> 
     </span>
     <span class='ocr_line' id='line_1_102' title="bbox 1499 4372 2623 4434; baseline 0.004 -13"><span class='ocrx_word' id='word_1_592' title='bbox 1499 4372 1657 4423; x_wconf 83' lang='lat' dir='ltr'><strong>tenori</strong></span> <span class='ocrx_word' id='word_1_593' title='bbox 1690 4372 1782 4422; x_wconf 73' lang='lat' dir='ltr'><strong>viae</strong></span> <span class='ocrx_word' id='word_1_594' title='bbox 1811 4372 1967 4422; x_wconf 85' lang='lat' dir='ltr'><strong>socios</strong></span> <span class='ocrx_word' id='word_1_595' title='bbox 1998 4373 2149 4422; x_wconf 82' lang='lat' dir='ltr'><strong>smsse</strong></span> <span class='ocrx_word' id='word_1_596' title='bbox 2181 4374 2389 4434; x_wconf 81' lang='lat' dir='ltr'><strong>aiebant,</strong></span> <span class='ocrx_word' id='word_1_597' title='bbox 2423 4378 2623 4430; x_wconf 83' lang='lat' dir='ltr'><strong>ductum</strong></span> 
     </span>
    </p>
   </div>
  </div>
 </body>
</html>
