3050 4934
1172 254 1512 321 LIBER
1557 256 1659 321 11.

2451 258 2571 363 2⁷³

435 401 586 468 Hoc
617 414 783 481 erat,
815 404 980 469 alma
1009 392 1246 489 parens
1251 452 1270 483 ,
1303 407 1482 491 quod
1511 428 1615 471 me
1644 428 1767 491 per
1794 407 1945 485 tela,
1975 429 2098 492 per
2126 410 2311 493 ignes

251 502 388 567 665
433 503 684 589 Eripis,
716 516 789 570 ut
817 507 1044 571 mediis
1075 507 1330 572 hostem
1361 509 1426 571 in
1455 508 1927 592 penetralibus,
1960 520 2162 595 utque

431 604 812 684 Ascanium,
838 618 1222 692 patremque
1251 631 1487 685 meum,
1510 610 1835 693 juxtaque
1866 610 2206 688 Creusam,

429 703 730 771 Alterum
758 709 826 772 in
856 706 1122 773 alterius
1151 721 1468 775 mactatos
1501 712 1815 795 sanguine
1846 734 2105 777 cernam
2122 716 2151 776 ἓ

430 804 657 885 Arma,
687 810 829 888 viri,
860 809 1028 875 ferte
1058 833 1270 875 arina:
1317 822 1505 877 vocat
1535 811 1650 875 lux
1676 811 1900 876 ultima
1929 814 2153 877 victos·

429 907 722 974 Reddite
749 932 852 973 me
885 910 1174 987 Danais3
1223 914 1412 976 sinite
1441 910 1803 977 instaurata
1832 915 2109 978 revisam

248 1006 386 1070 670
431 1006 694 1073 Proelia.
770 1009 1128 1094 Nunquam
1157 1032 1378 1074 omnes
1411 1013 1609 1076 hodie
1637 1014 1985 1077 moriemur
2011 1013 2219 1078 inulti.

517 1109 694 1173 Hinc
723 1109 898 1175 ferro
927 1112 1229 1195 accingor
1256 1133 1508 1189 rursus,
1542 1111 1881 1197 clipeoque
1912 1116 2235 1181 sinistram

430 1208 838 1275 Insertabam
867 1221 1125 1295 aptanS,
1155 1234 1388 1296 meque
1417 1224 1607 1277 extra
1636 1224 1811 1278 tecta
1841 1214 2151 1279 ferebam.

427 1308 608 1375 Ecce
637 1322 856 1377 autem
885 1312 1224 1398 complexa
1251 1314 1457 1397 pedes
1489 1314 1555 1378 in
1585 1313 1799 1379 limine
1830 1316 2070 1399 conjux

424 1410 767 1490 Haerebat,
800 1436 1198 1499 parvumque
1219 1417 1401 1500 patri
1431 1416 1747 1481 tendebat
1774 1416 2022 1481 Iulum:

243 1512 380 1576 675
425 1512 500 1576 Si
527 1515 856 1597 periturus
887 1516 1052 1593 abis,
1083 1527 1152 1581 et
1180 1538 1299 1580 nos
1330 1537 1488 1601 rape
1519 1518 1585 1580 in
1616 1519 1827 1581 omnia
1856 1530 2106 1597 tecum;

425 1613 542 1677 Sin
571 1614 850 1699 aliquam
877 1628 1192 1701 expertus
1223 1620 1448 1681 sumtis
1481 1640 1663 1702 spem
1692 1620 1881 1702 ponis
1912 1620 1979 1683 in
2008 1622 2225 1697 armiS,

423 1715 616 1782 Hanc
647 1717 922 1800 primum
951 1729 1165 1783 tutare
1195 1720 1478 1783 domum.
1558 1718 1682 1783 Cui
1711 1742 1950 1803 parvus
1984 1720 2186 1798 Inlue,

424 1815 550 1881 Cui
577 1828 790 1902 pater,
821 1829 890 1883 et
918 1820 1060 1903 conj
1069 1841 1160 1883 ux
1188 1820 1516 1903 quondam
1546 1830 1659 1883 tua
1689 1820 1864 1885 dicta
1893 1820 2265 1905 relinquor?

419 1916 610 1981 Talia
639 1917 997 1984 vociferans
1027 1922 1272 2004 gemitu
1301 1930 1547 1985 tectum
1577 1942 1763 1985 omne
1792 1921 2127 2005 replebat:

239 2019 378 2082 680
424 2018 646 2091 Quum
677 2021 960 2084 subitum
989 2021 1296 2104 dictuque
1329 2023 1537 2086 oritur
1564 2022 1855 2086 mirabile
1878 2022 2268 2087 monstrum.

421 2120 726 2204 Namque
753 2144 982 2185 manus
1011 2123 1203 2199 inter,
1235 2134 1746 2207 moestorumque
1779 2146 1895 2188 ora
1922 2135 2290 2209 parentum,

423 2221 602 2287 Ecce
633 2221 791 2287 levis
823 2246 1070 2287 summo
1101 2224 1186 2287 de
1215 2226 1456 2288 vertice
1486 2225 1662 2288 visus
1694 2224 1821 2289 Iuli

419 2321 726 2388 Fundere
756 2324 974 2389 lumen
1005 2346 1198 2409 apex,
1233 2337 1541 2410 tactuque
1570 2328 1833 2390 innoxia
1860 2326 2082 2391 molles

421 2422 744 2490 Lambere
776 2425 1032 2490 flamma
1061 2448 1300 2504 comas,
1333 2438 1400 2490 et
1431 2428 1672 2491 circum
1704 2437 1999 2511 tempora
2026 2430 2228 2511 pasci.

239 2526 375 2588 685
415 2525 562 2589 Nos
592 2527 812 2610 pavidi
840 2528 1170 2610 trepidare
1199 2538 1398 2604 metu,
1432 2528 1803 2611 crinemque
1834 2527 2215 2611 flagrantem

419 2626 777 2704 Excutere,
811 2638 878 2691 et
909 2640 1168 2692 sanctos
1201 2630 1608 2712 restinguere
1638 2629 1927 2692 fontibus
1956 2630 2164 2712 ignes.

417 2726 514 2791 At
541 2738 732 2811 pater
758 2727 1084 2793 Anchises
1116 2728 1338 2793 oculos
1367 2729 1453 2792 ad
1486 2729 1701 2792 sidera
1730 2727 1918 2791 laetus

417 2827 700 2906 Extulit,
731 2840 798 2893 et
827 2829 993 2894 coelo
1025 2829 1268 2914 palmas
1301 2852 1448 2893 cum
1477 2852 1635 2894 voce
1668 2831 1979 2893 tetendit:

416 2930 680 3015 Jupiter
707 2932 1135 3015 omnipotenS,
1165 2930 1472 3015 precibus
1505 2932 1561 2993 si
1590 2930 1869 2995 flecteris
1900 2929 2069 3006 ullis„

235 3206 530 3253 miserebitur
559 3205 702 3251 hostis
733 3210 822 3249 etc.
877 3204 1030 3248 Multo
1050 3202 1106 3247 ds
1126 3204 1362 3263 sauguine,

234 3282 352 3317 cum
371 3267 554 3315 dilectu
586 3266 800 3330 positum
823 3264 1089 3329 epitheton,
1115 3278 1258 3325 quem
1292 3264 1361 3311 ef-

234 3332 367 3381 fudit
385 3332 494 3381 sine
517 3330 651 3378 omni
672 3329 805 3379 senis
825 3328 1152 3377 miseratione.

303 3398 417 3445 668.
451 3398 611 3453 Arna,
634 3398 741 3452 viv-⁸⁸,
773 3410 838 3442 sc.
864 3408 972 3456 quae
1001 3392 1250 3455 ingressus
1276 3391 1362 3439 do-

235 3476 374 3511 mum
397 3460 701 3524 depomerat.
761 3460 900 3507 Vocat
925 3460 1006 3505 lus·
1025 3460 1188 3503 suino
1207 3460 1362 3512 victos,

234 3536 425 3589 quanto
515 3523 696 3572 tentim
724 3538 884 3586 quam,
909 3530 1076 3569 manet
1106 3535 1196 3568 nos
1218 3535 1363 3577 mors,

235 3588 430 3639 morien
465 3604 548 3637 mn
601 3590 704 3636 est!
769 3587 961 3635 Vocant
1000 3600 1088 3633 nos
1129 3599 1236 3647 quae
1277 3598 1366 3633 nos

235 3662 502 3719 expectant
522 3653 600 3700 vel
623 3651 888 3716 excipiunt.

301 3720 415 3769 67⁰.
451 3720 696 3779 Nunquam
724 3732 815 3781 pro
845 3730 958 3773 non,
981 3724 1038 3762 ut
1061 3712 1166 3761 Ecl.
1191 3711 1260 3769 iii,
1285 3712 1362 3759 49.

233 3782 543 3833 Sententiam
571 3780 769 3844 gravius
791 3777 966 3828 extulit
990 3778 1195 3825 Homer.
1223 3774 1363 3825 Iliad.

233 3866 278 3911 x
315 3910 591 3963 6⁷2—676.
649 3910 784 3959 Ante
835 3907 1002 3956 oculos
1043 3904 1194 3953 fuisse
1238 3905 1286 3953 h.
1331 3904 1362 3952 1.

237 3976 530 4033 Homerum,
565 3982 798 4021 notarunt
825 3974 928 4034 jam
950 3970 1044 4019 viri
1069 3969 1227 4017 docti:
1263 3967 1360 4016 vid.

235 4040 378 4091 Iliad.
405 4038 445 4101 3’,
471 4040 572 4088 394
586 4054 690 4100 sqq.
717 4038 812 4086 899
834 4052 934 4099 sqq.
992 4037 1226 4083 Tendebat
1247 4032 1360 4081 doc-

233 4106 336 4155 tius
359 4120 506 4168 quam
535 4104 814 4159 ostendebat,
839 4110 892 4149 et
914 4103 1046 4162 pam·
1069 4113 1213 4171 quam
1235 4100 1360 4171 wilaf.

233 4173 472 4232 &penus
510 4166 758 4215 additum:
808 4180 871 4213 ex
905 4162 1129 4228 pristinis
1168 4170 1363 4210 virtutis

233 4240 642 4359 “ml-ww&
675 4297 898 4357 quondm
929 4302 1012 4341 esa
1049 4295 1191 4348 dicta,
1233 4290 1279 4337 h.
1317 4306 1360 4338 e.

370 4376 524 4410 eram.
583 4360 700 4407 Non
720 4357 1071 4421 argutandum:
1107 4364 1164 4403 ut
1193 4362 1364 4401 notum

231 4376 1216 4485 ἣκιὶσὴνκεκλῆσθωᾶκατυλιο.
1240 4433 1360 4465 esse.

1434 3203 1522 3247 Cui
1560 3202 1821 3262 relinquor,-
1860 3216 1972 3249 cum
2004 3201 2203 3250 notione
2242 3204 2407 3251 tuteloe
2420 3222 2435 3251 ε
2470 3204 2556 3251 inf.

1431 3262 1496 3322 iv,
1517 3266 1628 3322 323,
1650 3268 1725 3311 eui
1746 3282 1815 3313 ms
1832 3268 2143 3314 moribundam
2162 3270 2347 3324 deseris,
2366 3270 2558 3329 hospes?

1497 3328 1771 3376 oso—684.
1824 3330 1989 3377 Mutat
2022 3331 2265 3379 Anchises
2300 3331 2559 3381 consilium

1432 3391 1595 3439 omine
1630 3392 1804 3441 oblato.
1863 3392 2083 3442 Flamma
2118 3410 2145 3441 e
2178 3395 2337 3471 capite
2370 3395 2559 3443 micans

1429 3455 1609 3503 ostenti
1631 3466 1681 3504 et
1702 3456 1927 3519 praesagii
1958 3458 2105 3519 regiae
2127 3458 2379 3531 dignitatis
2401 3474 2557 3520 genus

1430 3520 1506 3567 vel
1548 3534 1613 3567 ex
1648 3520 1925 3568 narratione
1964 3521 2027 3568 de
2062 3522 2233 3568 Semo
2268 3520 2432 3568 Tullio
2464 3537 2553 3569 no-

1431 3592 1562 3631 mm:
1598 3582 1658 3630 cf.
1690 3582 1775 3631 inf.
1808 3583 1891 3641 vii,
1918 3584 1979 3633 73
2008 3598 2110 3645 sqq.
2170 3584 2357 3631 Doctus
2391 3594 2556 3632 autem

1832 3648 1948 3694 ralis
1973 3646 2190 3694 scientiae
2213 3646 2423 3694 Veneris
2444 3663 2553 3695 mu-

1878 3726 1957 3757 ma
1978 3710 2031 3758 in
2049 3709 2237 3773 apicem
2255 3711 2553 3760 acuminata:

1431 3646 1673 3695 Anchises
1702 3662 1765 3694 su

1431 3727 1563 3759 nere.
1597 3714 1743 3772 Apex,

1431 3774 1565 3823 visus
1596 3775 1639 3823 is
1670 3784 1745 3823 est
1763 3772 1967 3837 sundere
1999 3776 2149 3822 flumen
2180 3778 2234 3822 de
2256 3778 2423 3823 vertice
2445 3777 2557 3833 Iuli,

1431 3840 1477 3887 h.
1503 3856 1545 3887 e.
1569 3839 1760 3895 luceres
1796 3848 1852 3887 ut
1874 3839 2015 3887 ovid.
2041 3839 2170 3887 Fast-
2196 3838 2259 3896 vi,
2287 3838 2397 3895 636,
2420 3842 2557 3900 inque

1430 3907 1803 3964 comaflamffleus
1825 3908 1943 3952 arsit
1966 3920 2095 3965 aper.
2148 3904 2295 3951 Hanc
2316 3902 2556 3951 rationem

1428 3968 1659 4017 damnare
1682 3967 1905 4031 equidem
1928 3968 2103 4023 nolim3
2133 3977 2185 4016 et
2204 3968 2275 4015 sic
2298 3971 2409 4015 levis
2430 3969 2555 4015 bene
2620 4008 2625 4021 ,

1427 4031 1489 4080 de
1521 4032 1729 4081 flamma.
1798 4035 2009 4080 Flamma
2040 4036 2141 4079 visa
2181 4034 2376 4078 lambere
2411 4038 2553 4089 taen,

1427 4105 1668 4153 contactu,
1690 4096 1759 4143 ita
1780 4107 1836 4145 ut
1856 4100 2043 4145 innodo
2062 4105 2205 4153 esset,
2226 4110 2317 4159 pro
2338 4094 2551 4143 innoxie.

1427 4162 1665 4235 Lambere,
1691 4164 1837 4222 pasci,
1860 4176 1951 4225 pro
1977 4160 2162 4217 ardere,
2188 4174 2333 4222 quam
2353 4162 2551 4207 ornate!

1429 4234 1874 4345 θχδῑέἒεέοἶῖἔὲ,
1906 4288 2047 4336 docte
2076 4302 2167 4351 pro
2201 4286 2348 4343 fonte,
2378 4295 2428 4335 et
2461 4288 2555 4335 hoc

1426 4369 1518 4417 pro
1552 4368 1690 4415 squa-
1759 4354 1947 4401 Ornate
1980 4360 2143 4400 autem
2174 4351 2365 4426 singula
2394 4350 2552 4399 dicta:

1428 4418 1488 4465 cf.
1511 4416 1835 4466 imitationem
1858 4416 2043 4465 Valerii
2070 4414 2231 4465 Flacci
2254 4432 2285 4474 ι,
2310 4416 2407 4466 570
2427 4432 2531 4478 sqq.
