3050 4934
1208 148 1550 215 LIBER
1597 150 1740 215 111.

2515 160 2635 223 129

484 300 729 363 Omnia
748 300 887 383 jam
918 297 1217 384 vulgata:
1264 302 1411 384 quis
1442 314 1560 366 aut
1589 302 1966 387 Eurysthea
1995 306 2254 386 durum,

384 398 431 459 5
476 396 625 462 Aut
654 399 943 464 illaudati
975 402 1183 465 nescit
1214 400 1537 465 Busiridis
1571 408 1762 469 aras?

478 499 608 563 Cui
640 524 771 565 non
800 503 1015 565 dictus
1047 501 1259 586 Hylas
1290 526 1478 587 puer,
1512 515 1580 567 et
1612 504 1890 570 Latonia
1921 506 2153 585 Delos,

478 600 1057 686 Hippodameque,
1089 602 1490 687 humeroque
1524 604 1764 691 Pelops
1793 608 2062 692 insignis
2094 612 2367 691 eburn0,

476 700 659 765 Acer
689 704 919 787 equis?
966 703 1317 768 Tentanda
1347 706 1449 768 via
1478 716 1604 781 est,
1639 729 1769 789 qua
1797 730 1898 773 me
1931 732 2191 794 quoque
2223 714 2468 796 possim

478 801 747 867 Tollere
776 804 997 881 hum0,
1029 806 1362 889 victorque
1390 804 1600 869 virfim
1627 805 1893 871 volitare
1927 830 2045 893 per
2074 832 2208 874 ora.

342 903 431 965 lo
482 903 741 969 Primus
770 926 896 988 ego
926 906 990 968 in
1020 906 1297 989 patriam
1326 928 1601 983 mecum,
1633 908 1829 971 modo
1857 910 1988 973 vita
2017 914 2324 995 supersit,

480 1002 699 1069 Aonio
730 1006 989 1071 rediens
1020 1007 1340 1071 deducam
1370 1008 1612 1071 vertice
1643 1006 1912 1086 Musas;

482 1108 740 1173 Primus
772 1107 1093 1174 Idumaeas
1122 1110 1400 1175 referam
1430 1112 1573 1187 tibi,
1607 1110 1907 1189 Mantua,
1941 1112 2224 1197 palmas;

484 1209 577 1273 Et
602 1210 792 1274 viridi
821 1212 888 1273 in
919 1232 1147 1296 campo
1175 1210 1487 1296 templum
1514 1212 1599 1277 de
1631 1236 1947 1279 marmore
1976 1237 2216 1301 ponam

482 1310 765 1395 Propter
794 1334 1051 1395 aquam,
1084 1312 1289 1375 tardis
1320 1312 1550 1396 ingens
1579 1315 1692 1378 ubi
1722 1314 2002 1379 flexibus
2032 1327 2208 1380 errat

340 1414 431 1475 15
482 1412 792 1489 MinciuS,
822 1422 891 1476 et
921 1422 1144 1477 tenera
1173 1414 1479 1497 praetexit
1508 1415 1826 1480 arundine
1856 1416 2052 1500 ripas·

362 1624 514 1671 4—8.
542 1622 677 1669 Dum
697 1624 1003 1695 Eurystheum
1026 1631 1277 1679 memorat,
1298 1622 1430 1672 Her-

292 1687 427 1734 culis
450 1686 641 1735 labores
664 1686 906 1749 intelhgit.
974 1686 1165 1735 Eodem
1191 1687 1433 1735 referendi

294 1749 499 1799 Busiris
544 1760 595 1798 et
634 1748 805 1814 Hylas.
873 1752 1234 1798 Commemorat
1270 1760 1431 1799 autem

296 1814 490 1863 rabulas
530 1830 651 1877 quas
687 1830 716 1861 a
754 1814 872 1862 satis
906 1812 1073 1863 multis
1107 1814 1265 1878 poetis
1306 1825 1428 1863 trac-

296 1889 429 1927 tatas
462 1895 572 1927 esse
606 1880 883 1927 constabat:
927 1878 1041 1926 hinc
1082 1882 1170 1927 Cm'
1204 1896 1289 1927 non
1328 1882 1426 1927 dic-

296 1946 415 1991 tu?
480 1946 652 1991 Dicere
698 1942 829 1991 enim
874 1941 937 1991 de
983 1942 1143 2007 poetis
1196 1944 1430 1992 sollenne.

298 2006 475 2056 Fuisse
517 2023 713 2071 quoque
756 2022 957 2055 necesse
1000 2017 1077 2055 est
1115 2008 1332 2056 carmina
1370 2008 1431 2056 de

298 2071 445 2130 Delo,
470 2081 523 2120 et
548 2072 609 2120 de
634 2070 832 2136 Pelope,
857 2074 1057 2134 ejusque
1086 2087 1233 2120 cursu
1258 2072 1429 2129 curuli,

298 2152 399 2198 quo
432 2136 505 2185 Hi
544 2134 821 2200 podamiam
854 2136 1083 2184 OEnomai
1116 2136 1267 2184 filiam
1304 2136 1428 2185 obti-

300 2200 424 2248 nuit.
548 2216 577 2248 e
608 2202 849 2259 inundato,
883 2200 931 2247 h.
963 2200 1263 2257 detestando,
1299 2200 1431 2248 omni

298 2264 635 2329 disputatione
653 2264 845 2329 potiora
860 2274 977 2313 sunt
992 2264 1077 2312 illa
1096 2263 1245 2312 Gellii
1260 2266 1428 2313 verba:

300 2332 559 2378 almadana
586 2338 657 2377 est
686 2332 819 2391 quasi
849 2331 1136 2377 illaudabilit
1165 2337 1213 2376 et
1238 2331 1428 2376 innomi-

298 2397 485 2451 nabilis,
504 2397 585 2455 φη·
602 2410 745 2455 neque
764 2397 986 2441 mentione
1008 2401 1091 2440 aut
1107 2397 1319 2441 memoria
1334 2396 1433 2441 ulla

297 2460 482 2520 dignus,
537 2474 678 2518 neque
733 2475 765 2505 a
826 2474 929 2504 uam
982 2459 1293 2505 memorandus
1346 2464 1428 2504 est.

298 2520 564 2585 Expressit
598 2530 763 2569 autem
858 2520 1011 2568 omeri
1047 2520 1133 2568 οὐκ
1166 2518 1434 2581 ὀνομαστὸν

296 2585 473 2649 Odyss-
508 2603 555 2642 τ,
593 2584 703 2641 260,
740 2584 849 2635 597.
912 2588 1037 2632 Acer
1067 2588 1209 2647 equis,
1242 2584 1291 2631 h.
1326 2592 1431 2633 arte

294 2648 530 2712 equestri,
554 2648 803 2711 quadrigis
826 2648 1060 2697 ducendis
1080 2658 1322 2707 strenuus,
1344 2662 1428 2695 ex-

295 2713 501 2771 cellens,
526 2710 689 2762 δεινός.

365 2781 412 2835 8,
451 2780 497 2826 9.
560 2775 1066 2840 Circumspiciendum
1119 2776 1241 2825 mihi
1286 2792 1429 2839 argu-

295 2854 540 2898 mentum,
565 2843 705 2903 cujua
733 2840 1018 2889 tractatione
1049 2856 1227 2888 nomen
1258 2854 1429 2887 conse-

292 2922 435 2968 quar.
489 2908 646 2953 Victor
667 2904 860 2968 poetico
882 2914 1057 2953 ornatu
1078 2904 1335 2966 adiectum,
1359 2904 1433 2951 uti

292 2970 476 3027 solent,
502 2970 544 3019 si
567 2970 629 3017 de
662 2984 838 3032 magno
867 2968 1028 3032 aliquo
1050 2984 1197 3043 opere
1220 2976 1431 3043 peracto,

532 3049 589 3082 re
642 3049 789 3095 quam
832 3042 1081 3081 assecutus
1128 3049 1212 3091 sis,
1258 3044 1431 3095 agitur.

296 3099 419 3147 Non
442 3098 571 3146 male
596 3097 809 3153 Servius,
832 3100 990 3155 victor,
1014 3098 1197 3158 effector
1212 3099 1436 3159 propositi

291 3173 345 3211 et
358 3166 467 3211 wei.
514 3162 707 3210 Lucret-
726 3161 759 3217 i,
784 3161 861 3218 76,
886 3164 1024 3209 Omne
1042 3166 1301 3208 immensum
1319 3176 1427 3222 per-

292 3230 491 3290 agravit
518 3229 832 3288 Epicurus,—
842 3228 971 3273 Unde
1003 3222 1145 3285 refert
1175 3228 1303 3272 nobis
1334 3228 1427 3272 vic-

298 3300 389 3349 tor,
412 3294 529 3353 quid
541 3294 691 3351 pouit
711 3292 839 3347 oriri,
865 3298 955 3337 etc.
1020 3290 1231 3336 Virorum
1248 3304 1334 3350 per
1349 3305 1431 3336 ora

293 3358 507 3412 volitare,
524 3352 742 3402 ornatius
758 3368 903 3415 quam
922 3352 1035 3401 ferri
1046 3368 1143 3417 per
1161 3366 1260 3408 ora,
1275 3352 1329 3399 in
1347 3368 1431 3399 ore

294 3419 522 3467 omnium
545 3433 668 3466 esse.
725 3417 910 3465 Notum
929 3426 1093 3465 autem
1112 3416 1265 3463 Ennii
1283 3416 1426 3464 illud=

295 3487 438 3531 volito
462 3486 589 3530 νέω
604 3498 693 3543 per
713 3498 792 3529 ora
814 3478 975 3529 ’ω’νιιπι.
1034 3479 1264 3529 Sollenne
1286 3494 1432 3544 porro

296 3546 481 3595 famam
503 3544 811 3608 nominisque
833 3544 1164 3593 celebritatem
1186 3560 1276 3608 per
1296 3543 1429 3592 vola-

298 3624 405 3660 tum
437 3609 702 3659 declarari:
738 3608 933 3658 ornavit
964 3608 1213 3656 notionem
1240 3608 1363 3655 Hor.
1396 3606 1433 3654 ii

299 3676 467 3724 Carm-
493 3676 573 3722 20.

370 3740 579 3787 10-12.
618 3736 816 3785 Primus
848 3752 940 3800 ego
971 3738 1102 3785 inter
1136 3736 1434 3811 Mantuanos

296 3811 655 3915 Μειοωωὲἒοὲἑῗ
670 3798 1435 3930 oeffl'qssz‘sss‘ss‘ssffi‘ffiflz‘ffi

454 3946 539 3979 um
560 3938 707 3993 poeta
734 3928 969 3984 clarescit,
995 3928 1038 3977 is
1064 3928 1235 3977 Musas
1265 3942 1433 3976 secum

296 4012 351 4043 m
380 3995 595 4059 patriam
624 3996 845 4042 deducere
872 3992 970 4041 dici
1000 4000 1176 4057 potest,
1208 4000 1257 4039 et
1286 4004 1428 4039 orna·
1462 4000 1467 4005 ’

296 4060 399 4108 tius
432 4060 495 4107 ab
530 4056 787 4115 Helicone,
820 4056 1040 4115 Boeotiae,
1073 4058 1279 4104 Aonibus
1316 4054 1432 4102 olim

296 4122 547 4177 habitate,
587 4130 781 4177 monte;
832 4120 964 4168 idem
1006 4118 1179 4181 referre
1220 4118 1429 4175 laudem,

298 4186 527 4299 fflofim
544 4183 984 4248 premia,victoriae
994 4184 1223 4247 insignia,
1233 4186 1437 4247 palmam

334 4251 399 4298 ‘ci
422 4258 602 4314 potest,
627 4257 853 4313 respectu
878 4248 1201 4296 certaminum
1224 4246 1433 4295 musico-

298 4330 429 4371 rum,
464 4329 575 4375 quae
606 4312 737 4362 inter
768 4312 967 4362 Graecos
997 4312 1165 4361 haberi
1199 4311 1435 4360 solebant.

1499 1624 1728 1671 Idumam
1750 1632 1910 1671 autem
1939 1627 2116 1687 palum
2135 1626 2328 1701 poetico
2347 1628 2492 1693 plane
2520 1629 2623 1695 epi·

1500 1687 1636 1736 theto
1668 1687 1945 1751 appellavit,
1980 1704 2009 1736 a
2045 1690 2196 1737 nobili
2230 1691 2394 1753 aliquo
2428 1710 2624 1756 genere,

1497 1752 1689 1799 Idumen
1712 1760 1869 1815 poetae
1890 1766 1982 1816 pro
2005 1753 2220 1801 Idumaea
2251 1770 2308 1803 ac
2331 1765 2434 1803 tota
2453 1758 2628 1805 Judaea

1498 1814 1694 1871 dicunt;
1730 1830 1874 1877 quam
1898 1816 2094 1879 quidem
2123 1818 2300 1881 palmis
2321 1819 2626 1881 frequentem

1492 1878 1646 1927 fuisse
1687 1890 1856 1928 notum
1896 1889 1982 1929 est.
2066 1880 2230 1930 Debet
2271 1892 2434 1931 autem
2479 1884 2626 1945 huius

1497 1956 1669 1992 versus
1698 1944 2001 2003 suavitatem,
2037 1954 2093 1994 ut
2125 1947 2387 2010 unicuique
2427 1948 2626 1996 obvium

1497 2017 1572 2055 est
1609 2008 1692 2071 qui
1737 2018 1996 2072 utrumque
2038 2020 2234 2073 poetam
2279 2010 2412 2075 leg-it,
2459 2021 2626 2061 noster

1497 2071 1728 2120 Lucretio
1750 2088 1839 2121 suo
1861 2074 1893 2131 i,
1924 2075 2028 2121 118.

1579 2138 1638 2183 13
1681 2152 1784 2199 sqq.
1840 2139 1966 2191 Quae
2015 2147 2298 2201 sequuntur,
2349 2150 2400 2187 et
2452 2140 2626 2205 templi

1494 2199 1641 2262 huius
1675 2201 1944 2259 aedificatio,
1975 2216 2122 2264 quam
2149 2202 2387 2251 rationem
2415 2220 2472 2253 sc
2504 2220 2621 2253 con-

1490 2264 1797 2326 junctionem
1841 2281 1952 2313 cum
1996 2266 2184 2314 coeteris
2226 2267 2452 2325 babeant,
2498 2269 2620 2316 omi—

1496 2338 1670 2377 serunt
1712 2344 1910 2377 monere
1955 2328 2262 2392 interpretes.
2334 2330 2530 2379 Scilicet
2571 2332 2623 2380 in

1498 2408 1557 2439 eo
1579 2392 1860 2441 substiterat
1881 2402 2039 2457 poeta,
2063 2402 2120 2441 ut
2149 2392 2342 2440 laudem
2364 2394 2619 2457 poeticam,

1496 2470 1641 2518 quam
1661 2456 1712 2503 in
1725 2457 1933 2520 patriam
1953 2472 2090 2505 suam
2105 2454 2262 2504 redux
2277 2457 2494 2514 referret,
2508 2472 2622 2506 cum

1496 2518 1700 2568 victoria
1742 2536 1850 2568 com
1885 2528 2058 2577 araret,
2099 2534 2244 2582 quam
2282 2520 2458 2583 aliquis
2494 2520 2626 2569 inter

1495 2585 1770 2633 Graecos.ex
1781 2536 1987 2633 mllenni
2003 2583 2270 2632 certamine
2279 2583 2434 2632 victor
2450 2599 2476 2632 r
2569 2601 2618 2634 r-

1497 2656 1637 2696 taret.
1698 2649 1884 2697 Notum
1912 2657 2077 2696 autem
2109 2656 2196 2706 est,
2225 2646 2414 2696 nullum
2443 2664 2498 2697 so
2535 2664 2621 2697 en-

1497 2712 1635 2759 nium
1673 2711 1898 2760 ludorum
1937 2712 1990 2759 in
2031 2712 2225 2759 Graecia
2261 2726 2418 2775 genus
2458 2712 2623 2770 fuisse,

1497 2775 1551 2823 in
1575 2790 1670 2837 quo
1694 2790 1790 2823 non
1814 2792 1873 2823 eo
1893 2785 1990 2823 tem
2055 2790 2108 2823 re
2131 2776 2315 2851 ingenii
2339 2776 2622 2835 certamina,

1498 2838 1680 2900 ἀγῶνες
1707 2840 1937 2899 μουσικοὶ,
1967 2856 1994 2887 e
2014 2848 2268 2901 oquentiae,
2292 2841 2508 2903 poetices
2543 2841 2621 2888 in-

1497 2902 1685 2967 primis,
1718 2903 2104 2951 instituerentur.
2174 2904 2253 2950 De
2295 2903 2536 2967 Olympiis
2575 2914 2626 2951 et

1497 2967 1687 3015 caeteris
1721 2967 2022 3016 sollennibus
2057 2982 2194 3029 aeque
2223 2976 2412 3015 certum
2445 2976 2533 3024 est,
2567 2982 2625 3015 ac

1498 3032 1561 3079 de
1586 3031 1850 3095 Dionysiis,
1877 3030 2218 3079 Panathenaeis
2250 3040 2340 3078 etc.
2398 3030 2625 3079 Victores

1498 3104 1662 3143 autem
1689 3110 1752 3143 ex
1773 3095 2044 3159 olympicis
2064 3110 2122 3143 ac
2146 3094 2336 3143 caeteris
2363 3093 2494 3143 ludis
2525 3109 2623 3143 non

1495 3159 1642 3207 modo
1661 3159 1868 3207 sollenni
1885 3174 2062 3223 pompa
2081 3160 2252 3208 urbem
2273 3173 2412 3207 suam
2432 3158 2620 3221 ingres-

1494 3239 1576 3271 sos
1615 3238 1735 3281 esse,
1773 3238 1942 3271 verum
1983 3223 2131 3271 etiam
2170 3221 2388 3271 victoriae
2423 3222 2626 3286 praemia

1495 3286 1592 3334 diis
1608 3302 1930 3346 consecrasse,
1945 3286 2192 3335 interdum
2211 3286 2358 3335 etiam
2376 3285 2481 3335 sive
2499 3295 2621 3334 tem-

1494 3352 1634 3415 plum
1655 3351 1760 3399 sive
1789 3366 1923 3399 aram
1953 3350 2146 3399 aliudve
2175 3358 2546 3399 monumentum
2569 3350 2623 3397 in

1494 3415 1713 3463 victoriae
1737 3415 2021 3463 memoriam
2047 3414 2338 3469 condidisse,
2363 3413 2529 3461 multis
2559 3427 2624 3460 ex

1495 3478 1784 3540 antiquitate
1795 3478 2032 3551 exemplis
2040 3493 2096 3525 ac
2107 3477 2262 3525 titulis
2275 3476 2432 3523 adhuc
2449 3490 2621 3538 super-

1496 3542 1693 3589 stitibus
1713 3540 1948 3588 declarari
1969 3549 2144 3603 potest.
2211 3541 2334 3593 Quae
2355 3538 2552 3599 quidem
2580 3538 2624 3585 si

1497 3604 1795 3661 memineris,
1836 3603 1958 3650 nihil
1998 3602 2194 3665 quidem
2235 3602 2501 3649 abhorrens
2539 3609 2625 3649 aut

1494 3668 1714 3717 insolens
1746 3668 1796 3715 in
1830 3676 1932 3715 toto
1959 3676 2118 3741 poetae
2143 3664 2358 3713 carmine
2387 3673 2623 3713 occurret.

1498 3732 1683 3782 Laudis
1726 3748 1782 3781 ac
1818 3730 2032 3780 victonae
2066 3744 2168 3779 suae
2204 3727 2409 3794 poeticae
2447 3742 2620 3776 monu-

1496 3807 1717 3846 mentum
1735 3804 1956 3845 exstruet
1972 3794 2221 3860 templum,
2240 3793 2292 3840 in
2312 3807 2407 3855 quo
2423 3792 2626 3854 praemia

1497 3870 1746 3925 reportata
1801 3870 2029 3924 tanquam
2084 3858 2284 3907 donaria
2302 3919 2313 3929 ·
2343 3865 2622 3903 consecret:

1496 3934 1596 3974 tem
1631 3926 1733 3974 lum
1765 3932 1929 3975 autem
1950 3924 2203 3987 ingeniose
2225 3929 2343 3969 sans
2374 3918 2446 3967 ita
2466 3928 2621 3980 ornat,

1495 3999 1554 4037 ut
1581 3942 1804 4053 teng-usto
1838 4004 1936 4037 non
1967 3987 2110 4035 modo
2141 3984 2429 4041 dedicatum,
2458 3982 2546 4031 sed
2575 3992 2626 4032 et

1497 4053 1724 4102 omnibus
1747 4052 1808 4101 iis
1829 4052 2120 4099 instructum
2153 4058 2204 4095 et
2235 4047 2482 4095 excultum
2517 4062 2624 4095 esse

1491 4118 1675 4179 jubeat,
1697 4132 1804 4180 quae
1831 4114 1893 4163 ad
1915 4112 2125 4175 Augusti
2158 4111 2324 4159 laudes
2352 4110 2622 4175 praedican-

1501 4180 1590 4229 das
1623 4181 1751 4229 viam
1784 4192 1956 4242 parare
1987 4183 2226 4239 poterant.
2293 4176 2419 4223 Cum
2461 4184 2626 4223 autem

1500 4244 1632 4293 inter
1652 4242 1844 4292 divinos
1875 4242 2084 4288 honores
2111 4238 2257 4288 etiam
2279 4238 2503 4287 ludorum
2526 4238 2622 4286 sol-

1502 4307 1666 4357 lennia
1699 4306 1811 4362 sint,
1840 4304 1987 4351 etiam
2017 4301 2120 4351 haec
2152 4303 2204 4351 in
2229 4302 2440 4365 Augusti
2470 4301 2622 4349 hono-
