3050 4934
489 265 619 327 410

1377 248 1909 316 AENEIDOS

666 411 1003 494 Lugentes
1034 404 1278 488 campi:
1329 403 1420 466 sic
1449 399 1593 464 illos
1624 399 1880 462 nomine
1910 397 2158 462 dicunt.

663 511 818 586 Hic,
850 530 1015 592 quos
1047 506 1252 570 durus
1284 524 1464 566 amor
1491 498 1743 565 crudeli
1772 499 1925 562 tabe
1954 497 2238 582 peredit,

664 611 914 675 Secreti
945 607 1158 672 celant
1185 603 1404 680 calles,
1436 615 1506 667 et
1534 611 1785 684 myrtea
1814 601 2058 664 circum
2349 618 2373 648 ο

664 713 838 776 Silva
865 711 1060 793 tegit:
1109 728 1285 772 curae
1315 728 1447 769 non
1477 705 1621 789 ipsa
1652 705 1719 766 in
1747 713 1955 767 morte
1986 699 2382 784 relinquunt.

492 817 622 879 445
665 813 794 878 His
825 809 1178 874 Phaedram
1207 807 1611 889 Procrinque
1638 803 1823 878 locis,
1854 812 2283 885 moestamquc
2316 797 2677 884 Eriphylen

665 911 966 978 Crudelis
997 909 1133 974 nati
1164 917 1631 972 monstrantem
1660 904 1929 968 vulnera
1958 904 2187 980 cernit,

666 1014 1140 1095 Evadnenque,
1171 1019 1242 1074 et
1271 1007 1683 1091 Pasiphaen3
1730 1006 1833 1069 his
1867 1004 2225 1069 Laodamia

665 1118 730 1182 It
757 1137 998 1191 comeS,
1031 1124 1100 1178 et
1119 1112 1378 1198 juvenis
1409 1111 1761 1195 quondam,
1794 1131 1967 1173 nunc
1994 1107 2257 1184 femina,
2290 1105 2527 1181 Coenis,

667 1219 928 1283 Rursus
959 1227 1028 1278 et
1055 1216 1124 1277 in
1149 1223 1437 1276 veterem
1464 1211 1601 1275 fato
1630 1209 1924 1274 revoluta
1950 1209 2250 1292 figuram.

492 1322 622 1385 450
667 1320 850 1384 Inter
881 1339 1044 1401 quas
1077 1314 1426 1378 Phoenissa
1452 1333 1681 1377 recens
1714 1335 1754 1374 a
1784 1309 2049 1374 vulnere
2082 1309 2264 1374 Dido

676 1419 970 1483 Errabat
1001 1414 1160 1478 silva
1188 1416 1256 1478 in
1285 1435 1555 1498 magna3
1600 1433 1796 1496 quam
1825 1411 2071 1476 Troius
2100 1410 2321 1486 heros,

668 1521 766 1586 Ut
793 1521 1072 1605 primum
1091 1519 1288 1602 juxta
1317 1518 1521 1593 stetit,
1552 1516 1945 1601 agnovitque
1976 1537 2097 1599 per
2124 1515 2387 1578 umbras

669 1623 1062 1696 Obscuram,
1097 1617 1354 1703 qualem
1381 1619 1591 1703 primo
1622 1618 1733 1701 qui
1766 1637 2035 1700 surgere
2062 1637 2284 1680 mense

667 1721 810 1788 Aut
838 1722 1038 1797 videt,
1071 1730 1187 1785 aut
1213 1720 1454 1783 vidisse
1480 1729 1694 1803 putat,
1728 1740 1849 1802 per
1876 1717 2101 1782 nubila
2128 1716 2369 1794 lunam,

492 1827 622 1890 455
668 1825 950 1888 Demisit
977 1821 1298 1898 lacrimas,
1331 1820 1635 1904 dulcique
1666 1819 1905 1883 affatus
1937 1841 2155 1882 amore
2184 1828 2323 1882 est:

665 1924 902 1989 Infelix
933 1922 1138 1998 Dido,
1171 1944 1364 1986 verus
1395 1920 1554 1984 mihi
1581 1920 1848 1984 nuntius
1880 1941 2041 2003 ergo

669 2025 964 2089 Venerat
992 2023 1400 2097 exstinctam,
1434 2020 1739 2104 ferroque
1770 2030 2061 2084 extrema
2090 2029 2379 2082 secutam
2398 2042 2421 2091 z,

664 2126 941 2190 Funeris
971 2123 1106 2186 heu
1135 2123 1253 2186 tibi
1281 2145 1478 2186 causa
1509 2121 1648 2185 fui?
1723 2119 1857 2184 Per
1884 2121 2100 2200 sidera
2119 2120 2296 2204 juro,

670 2224 804 2290 Per
835 2245 1134 2308 superos,
1168 2235 1234 2287 et
1267 2223 1321 2285 si
1350 2244 1480 2306 qua
1509 2221 1678 2286 fides
1710 2221 1941 2287 tellure
1974 2222 2097 2286 sub
2126 2221 2255 2285 ima
2283 2233 2412 2298 cst,

493 2329 624 2394 460
669 2326 942 2400 InvituS,
976 2325 1223 2407 regina,
1257 2335 1372 2387 tuo
1403 2324 1487 2387 de
1515 2321 1733 2386 littore
1767 2324 1955 2387 cessi.

667 2430 802 2494 Sed
835 2449 936 2492 me
958 2427 1148 2511 jussa
1177 2425 1394 2501 defim,
1425 2447 1574 2510 quoe
1604 2447 1775 2489 nunc
1804 2425 1925 2488 has
1954 2425 2049 2488 ire
2078 2444 2197 2509 per
2228 2425 2514 2500 umbras,

667 2529 800 2595 Per
826 2528 972 2593 loca
1003 2537 1188 2591 senta
1220 2527 1348 2590 situ
1379 2536 1624 2610 cogunt
1650 2537 2036 2610 noctemque
2064 2523 2478 2610 profundam,

667 2629 962 2714 Imperiis
993 2649 1188 2712 egere
1221 2629 1390 2704 suis3
1436 2647 1558 2692 nec
1588 2627 1859 2691 credere
1887 2626 2065 2710 quivi

667 2731 865 2796 Hunc
894 2738 1144 2792 tantum
1177 2727 1294 2791 tibi
1325 2748 1424 2790 me
1457 2727 1753 2791 discessu
1784 2727 1953 2791 ferre
1986 2726 2297 2792 dolorem.

559 3013 652 3060 441
679 3027 780 3073 sqq.
827 3013 989 3071 Campi
1028 3012 1246 3071 lugentes.
1289 3007 1495 3056 Ponitur
1531 3009 1623 3056 hoc

493 3075 640 3138 vulgo
657 3074 718 3122 sb
737 3072 1103 3136 interpretibus,
1125 3071 1284 3120 locum
1303 3071 1434 3120 hunc
1453 3087 1619 3120 aman-

493 3148 568 3186 tes
591 3145 782 3186 tentum
803 3135 1010 3184 feminas
1031 3151 1234 3200 capere:
1261 3151 1447 3194 verum,
1466 3150 1619 3198 quau·

493 3210 600 3250 tum
623 3199 861 3263 intellig-o,
885 3199 1084 3248 omnino
1111 3198 1266 3248 invito
1387 3209 1449 3248 ta.
1511 3200 1619 3248 He-

491 3265 656 3315 roinss
683 3263 970 3312 memoravit
991 3263 1166 3326 priscis
1195 3279 1276 3326 my
1331 3263 1375 3312 is
1401 3263 1615 3313 celebra-

491 3338 580 3387 tas,
599 3343 804 3391 quarum
823 3343 1002 3375 nomen
1021 3327 1206 3391 insigni
1226 3327 1388 3390 aliquo
1405 3328 1618 3377 facinore

489 3394 676 3443 clarum
713 3391 834 3448 fuit3
875 3391 1116 3440 nefarium
1149 3407 1363 3440 amorem
1401 3393 1619 3440 Phaedrae

489 3459 543 3507 in
579 3455 908 3521 Hippolytum
939 3455 1232 3520 privignum,
1269 3466 1318 3504 et
1353 3455 1620 3520 Pasiphaes

487 3521 804 3572 libidinosum
830 3535 1046 3570 amorem
1067 3534 1212 3568 nemo
1237 3519 1456 3584 ignotam
1496 3521 1615 3569 Pro—

488 3585 586 3636 cris
617 3586 680 3635 de
712 3585 876 3634 mariti
909 3585 1006 3633 fide
1039 3585 1167 3633 male
1199 3583 1407 3633 sollicita
1435 3583 1621 3633 infelici

488 3667 606 3700 casu
627 3649 844 3706 interiit;
868 3659 1038 3698 conti-a
1057 3649 1264 3698 Evsdne
1287 3659 1339 3697 et
1355 3648 1621 3697 Laodamia

489 3715 585 3764 fide
623 3723 676 3762 et
715 3713 988 3762 constantis
1026 3712 1080 3760 in
1120 3713 1406 3762 maritorum
1446 3713 1619 3762 funere
1648 3773 1657 3781 ·

487 3779 630 3828 clarae
659 3787 801 3834 sunt3
838 3776 1000 3826 Caenis
1023 3777 1148 3826 mira
1175 3793 1322 3826 sexus
1349 3777 1402 3825 in
1423 3777 1617 3826 virilem

487 3842 756 3892 mutatione
792 3849 844 3890 et
874 3840 1028 3897 fectis,
1061 3856 1168 3902 quoe
1199 3843 1290 3890 sub
1324 3841 1490 3890 Caenei
1523 3857 1613 3889 no-

486 3908 619 3956 mine
643 3903 809 3962 edidit,
833 3903 1073 3953 notabilis-
1111 3905 1234 3953 Late
1252 3920 1370 3953 vero
1390 3915 1616 3980 patentes

485 3987 685 4038 campos
709 3969 839 4026 tacit,
865 3978 922 4017 ut
943 3967 1256 4017 solitudinem
1284 3968 1338 4017 in
1369 3969 1444 4027 iis,
1469 3985 1616 4032 quam

487 4043 726 4099 querunt,
749 4034 964 4082 habeant
983 4042 1220 4081 amantes.

551 4099 823 4148 445-449.
849 4095 990 4146 Alias
1013 4112 1143 4145 nunc
1161 4095 1390 4146 heminas
1411 4098 1615 4157 subjun-

484 4164 559 4276 gt
579 4172 738 4276 ᾔδεε,
763 4162 1048 4274 οι-ξὶνοῖυ
1059 4160 1308 4274 ιῗοιᾶιίεειῖἶ
1323 4160 1614 4274 ειξιαιιῑὸὺιρῖ

487 4241 1286 4353 Μῖῐωοῗῗῧοεζωῆῗιάοεοέοεε
1309 4240 1615 4338 ιγπξιὲοηέιιιιι

483 4369 584 4404 non
613 4367 813 4402 necesse
845 4357 934 4402 e'st.
997 4355 1214 4402 Moestan
1237 4367 1294 4403 ut
1317 4354 1468 4403 Hom.
1494 4371 1611 4403 στυ-

483 4417 646 4480 γερὴν,
677 4415 725 4463 h.
761 4431 803 4462 e.
837 4415 1059 4474 μωνη-ὴν,
1083 4417 1358 4480 exprimere
1389 4417 1613 4475 voluerit,

1688 3023 1889 3057 necesse
1922 3024 2022 3057 non
2058 3021 2147 3067 est,
2182 3011 2275 3074 etsi
2308 3010 2545 3072 στυγερὸν
2574 3027 2633 3060 eo
2664 3027 2805 3061 sensu

1688 3072 1803 3135 poni
1828 3087 1973 3121 nemo
1994 3073 2137 3121 facile
2160 3073 2361 3122 dubitet.

1716 3200 1727 3210 .
1752 3139 1849 3184 450
1862 3153 1979 3249 sqql.²
1991 3137 2281 3249 Edpisodium
2297 3139 2389 3186 hoc
2402 3138 2464 3186 de
2480 3139 2691 3198 Didone,
2704 3156 2799 3188 me·-

1686 3209 1783 3248 rito
1812 3216 1901 3248 suo
2044 3211 2332 3260 aussimum,
2359 3202 2422 3250 ad
2453 3203 2661 3252 Homeri
2690 3205 2801 3253 duc·

1684 3273 1803 3376 Run-
1832 3265 1896 3312 de
1936 3267 2086 3328 AJsce
2132 3265 2307 3329 odyss.
2352 3275 2401 3324 λ,
2448 3269 2545 3315 ⁵42
2588 3285 2691 3330 sqq.
2736 3269 2800 3318 ef-

1720 3341 1842 3377 mut.

1748 3393 2022 3440 452—454.
2060 3393 2235 3442 Suavis
2260 3395 2573 3458 comparatio,
2588 3396 2803 3446 ‘Didonis

1684 3471 1813 3520 ogre
1846 3472 1938 3520 per
1969 3459 2191 3506 umbram
2212 3457 2331 3506 visae
2362 3474 2475 3507 cum
2506 3474 2634 3509 nova
2662 3461 2800 3517 lunn

1684 3521 1839 3584 petita
1870 3523 1931 3569 ab
1954 3521 2181 3585 Apollon-
2206 3521 2269 3579 ἰν,
2300 3521 2439 3580 1479,
2468 3525 2607 3582 1480,
2630 3533 2689 3572 ut
2707 3528 2805 3587 jem

1684 3584 1771 3633 alii
1792 3593 2039 3634 notarunt.

1749 3649 1859 3697 456.
1907 3651 2115 3698 Nuntius
2155 3665 2221 3698 ex
2252 3649 2461 3699 flammis
2507 3652 2799 3702 lucentibusz

1685 3729 1857 3852 aaz&
1870 3728 1961 3826 PE&
1980 3779 2024 3825 si
2044 3781 2267 3840 quafidss
2290 3781 2452 3827 teum
2477 3783 2563 3828 sub
2586 3785 2679 3830 ina
2706 3791 2773 3829 est
2786 3801 2802 3830 .-

1680 3857 1725 3891 s1
1746 3842 1864 3904 quid
1886 3842 2016 3904 apud
2044 3841 2229 3890 inferos
2244 3842 2391 3900 aliud,
2416 3844 2546 3905 quod
2568 3844 2715 3894 fidem
2734 3845 2801 3894 fs-

1680 3921 1791 3955 cere
1829 3905 2015 3966 juranti
2055 3915 2244 3970 potest3
2296 3906 2347 3954 id
2392 3907 2525 3956 enim
2564 3918 2615 3956 et
2643 3909 2802 3974 ipsum

1667 3973 1790 4030 fidu
1810 3969 1909 4019 dici
1930 3969 2081 4019 solet:
2118 3970 2177 4018 cf.
2202 3986 2263 4019 su
2296 4005 2309 4018 .
2333 3970 2385 4028 ii,
2416 3973 2522 4020 142.

1745 4035 1857 4082 462.
1892 4036 2021 4082 Sim
2053 4047 2129 4083 est
2149 4033 2229 4082 inc
2285 4045 2347 4084 ιε
2366 4035 2557 4085 telluris
2586 4052 2677 4085 nee
2702 4053 2799 4086 ma-

1680 4113 1833 4146 nuum
1920 4113 2005 4147 era
2029 4107 2175 4148 motae
2198 4100 2394 4162 squalor
2422 4109 2475 4148 et
2500 4101 2688 4160 horror,
2712 4117 2802 4164 quo

1682 4162 1741 4210 fit
1772 4172 1827 4210 ut
1858 4178 1887 4210 ο
1952 4173 2125 4212 ucatur
2164 4163 2323 4212 solum
2360 4164 2596 4222 sentibus,
2630 4165 2801 4224 dumis,

1683 4225 1837 4274 filice:
1864 4241 2039 4338 aspen
2057 4227 2225 4290 itaque
2246 4228 2353 4276 loca
2374 4237 2425 4276 et
2445 4229 2643 4278 horrida
2660 4231 2800 4292 (ὠχ-

1676 4289 1830 4366 μηρᾲν
1856 4309 1895 4352 χ
1932 4291 2041 4352 ραν)
2069 4307 2134 4340 ex
2164 4291 2301 4340 cultu
2328 4291 2567 4355 neglecto,
2590 4294 2803 4358 adeoque

1678 4370 1741 4402 ex
1759 4365 1871 4412 situ,
1894 4355 1977 4416 qui
1996 4355 2138 4417 εὐρὺς
2160 4365 2261 4412 est-3
2287 4355 2521 4421 exprimit
2536 4357 2671 4407 enim
2694 4359 2801 4406 Ho-

1678 4417 1915 4468 mericum
1937 4417 2101 4468 Ἀΐδου
2123 4417 2269 4480 δόμον
2291 4421 2536 4482 ὠρύονται.
