3050 4934
1316 261 1658 327 LIBER
1704 263 1757 326 1.

554 409 972 474 Nutrimenta
999 411 1206 488 dedit,
1238 413 1585 495 rapuitque
1613 414 1679 475 in
1709 412 1930 476 fomite
1960 413 2297 476 flammam.

552 507 728 572 Tum
757 509 1063 574 Cererem
1091 522 1466 594 corruptam
1493 513 1685 576 undis
1716 513 2140 597 Cerealiaque
2168 536 2345 577 arma

554 607 960 694 Expediunt,
992 611 1150 675 fessi
1178 633 1430 689 rerum3
1475 610 1830 697 frugesque
1860 627 2159 698 receptas

555 709 650 774 Et
677 720 926 776 torrere
954 723 1192 796 parant
1215 712 1486 776 flammis
1516 724 1585 777 et
1614 712 1915 796 frangere
1946 737 2127 778 saxo.

382 809 516 873 180
637 811 888 876 AEneas
921 812 1260 898 scopulum
1287 815 1538 878 interea
1566 815 1963 890 conscendit,
1998 825 2065 878 et
2095 837 2345 879 omnem

553 911 984 996 Prospectum
1012 913 1143 978 late
1173 913 1408 998 pelago
1437 915 1641 997 petit3
1686 912 1953 978 Anthea
1984 915 2037 978 si
2066 937 2259 997 quem

551 1011 882 1076 Jactatum
910 1024 1104 1078 vento
1133 1015 1374 1090 videat,
1407 1013 1862 1097 Phrygiasque
1892 1015 2197 1091 biremes,

551 1111 696 1177 Aut
725 1113 976 1198 Capyn,
1009 1125 1124 1179 aut
1151 1114 1342 1179 celsis
1373 1115 1437 1178 in
1467 1116 1801 1198 puppibus
1832 1138 2011 1179 arma
2040 1115 2237 1179 Caici.

551 1211 806 1278 Navem
834 1217 900 1278 in
931 1226 1287 1300 conspectu
1316 1214 1580 1292 nullam,
1604 1225 1739 1278 tres
1768 1214 1985 1279 littore
2016 1237 2243 1280 cervos

381 1313 510 1376 185
551 1311 880 1396 Prospicit
909 1326 1239 1392 errantes3
1286 1315 1407 1378 hos
1438 1325 1579 1379 tota
1607 1327 1899 1380 armenta
1928 1327 2289 1400 sequuntur

400 1475 478 1495 -μ,

550 1412 616 1477 Α
646 1425 859 1498 tergo,
889 1425 959 1480 et
984 1416 1248 1500 longum
1277 1438 1400 1499 per
1427 1415 1624 1480 valles
1655 1417 1947 1499 pascitur
1975 1439 2227 1500 agmen.

551 1515 860 1579 Constitit
885 1516 1014 1593 hic,
1046 1537 1395 1600 arcumque
1425 1539 1617 1580 manu
1648 1516 2022 1601 celeresque
2055 1520 2323 1602 sagittas

552 1616 906 1700 Corripuit,
935 1617 1112 1681 fidus
1144 1639 1292 1702 quoe
1320 1615 1452 1680 tela
1481 1619 1753 1700 gerebat
1780 1615 2111 1694 Achates3

549 1715 1014 1801 Ductoresque
1043 1719 1222 1802 ipsos
1253 1717 1552 1801 primum,
1583 1719 1797 1800 capita
1825 1717 1957 1781 alta
1985 1719 2269 1782 ferentes

383 1819 508 1882 190
550 1817 876 1882 Cornibus
909 1819 1223 1895 arbor-eie,
1258 1819 1523 1895 sternit3

1571 1828 1706 1880 tum
1734 1817 1990 1902 vulgus,
2020 1830 2088 1883 et
2118 1843 2370 1883 omnem

550 1917 794 1983 Miscet
823 1940 1024 2001 agens
1057 1918 1200 1982 telis
1231 1941 1495 1982 nemora
1522 1919 1691 1982 inter
1719 1917 1993 1983 frondea
2025 1921 2299 1983 turbam.

549 2018 698 2082 Nec
724 2019 906 2103 prius
939 2019 1216 2095 absistit,
1249 2041 1442 2102 quam
1474 2029 1725 2102 septem
1752 2020 2039 2102 ingentia
2066 2020 2271 2084 victor

379 2179 488 2218 tum
511 2168 708 2217 lectoris
735 2166 954 2217 animum
982 2169 1340 2281 proesgigffim.
1407 2169 1506 2216 Sed

375 2235 529 2282 lubet
555 2242 702 2298 poeta
732 2231 1064 2294 unusquisque
1245 2232 1256 2242 '
1293 2231 1368 2280 sui
1400 2233 1501 2280 Ge-

377 2297 536 2354 nium,
567 2296 648 2344 eui
679 2295 734 2344 in
765 2295 1014 2344 nonnullis
1047 2305 1123 2344 est
1150 2296 1418 2352 litandum;
1455 2305 1506 2345 et

375 2363 638 2410 verborum
675 2369 962 2408 ornamenta
1004 2359 1100 2410 alia
1142 2359 1416 2424 splendoris
1456 2369 1506 2408 et

375 2423 692 2474 sublimitatis
718 2432 847 2480 sunt,
871 2425 966 2472 alia
989 2424 1244 2487 elegantiae
1270 2433 1321 2471 et
1341 2423 1502 2472 suavi-

377 2489 511 2547 tatis,
529 2504 650 2551 quae,
669 2497 724 2536 ut
745 2487 798 2535 in
819 2488 912 2536 hoc
934 2497 987 2536 et
1001 2487 1241 2536 similibus
1261 2486 1382 2535 locis
1403 2487 1502 2535 fac-

379 2565 504 2609 tum,
527 2561 658 2600 recte
677 2552 826 2601 rebus
857 2551 1006 2600 etiam
1024 2551 1292 2601 humilibus
1314 2567 1501 2600 accom-

379 2616 570 2666 modari
589 2625 808 2680 possunt.

453 2681 558 2731 178.
594 2683 856 2742 Rapuitqnoe
883 2679 1105 2742 insumite
1120 2681 1366 2740 flammam,
1391 2695 1444 2728 ra

381 2745 472 2794 tim
656 2743 699 2792 it
721 2743 754 2791 1·
825 2742 869 2792 is
897 2743 1046 2792 aridis
1071 2759 1162 2808 pro
1193 2743 1358 2791 fomite
1388 2759 1448 2791 su

375 2760 723 2882 ‚eetisemffns
739 2759 892 2882 ῗοῗκεε
929 2812 1054 2870 rapit
1079 2810 1325 2868 flammam,
1361 2822 1506 2869 quam

381 2884 563 2936 raptim
585 2881 813 2936 concipit.

455 2937 724 2988 177-179,
761 2933 861 2983 Hic
885 2935 1020 2983 vides
1049 2935 1320 2998 priscorum
1346 2934 1502 2982 homi-

383 3017 504 3050 num
527 3000 768 3054 rationem
791 3009 842 3074 et
861 3008 1016 3047 artem
1037 2999 1180 3073 panis
1201 2997 1504 3055 conficiendi,

383 3081 496 3178 3⁰¹²
519 3063 940 3190 aarum
1027 3061 1508 3188 ”terma

383 3195 602 3268 lumnam
624 3191 698 3268 ‘ad
739 3192 872 3240 huuc
889 3191 1096 3267 ‘cultum
1131 3205 1388 3264 progressa
1427 3189 1504 3247 sit,

381 3263 728 3370 ¹vllatznmmnle:
756 3254 1509 3378 :uplpgffeqlgisgquolaeffi

383 3385 606 3452 cupiunt.
663 3387 854 3446 Fruges,
885 3384 932 3430 h.
966 3399 1008 3430 e.
1038 3397 1204 3444 grana,
1233 3388 1452 3442 receptas,
1482 3395 1509 3427 e

384 3449 512 3500 mari
533 3457 763 3504 servatus,
788 3455 975 3504 torrent,
998 3455 1056 3494 ut
1085 3453 1266 3494 exuant
1329 3444 1511 3492 lumam

385 3525 438 3563 et
454 3511 646 3562 heilius
665 3511 930 3560 comminui
946 3510 1148 3574 possint,
1168 3519 1272 3556 tum
1335 3516 1514 3572 angunt

383 3597 512 3634 anto,
553 3587 610 3626 ut
651 3575 790 3626 multi
835 3574 1006 3640 populi
1049 3574 1316 3622 etiamnum
1359 3587 1512 3634 grana

385 3642 522 3691 axis
539 3639 858 3690 contundunt.
911 3641 1121 3687 Cerealia
1139 3654 1282 3694 armo,
1297 3637 1345 3683 h.
1367 3645 1508 3682 uten-

385 3706 513 3764 silia,
537 3706 874 3762 instrumenta,
898 3703 962 3752 ad
981 3701 1276 3766 pinsendum
1293 3699 1508 3748 frumen-

389 3781 512 3828 tum,
535 3779 586 3818 et
613 3770 675 3830 ad
705 3768 1008 3831 coquendum
1035 3781 1227 3830 panem,
1255 3771 1378 3826 puta
1407 3777 1513 3810 esse

385 3837 492 3884 hnc
505 3833 614 3898 ipsa
625 3848 764 3887 saxu
783 3846 932 3896 porro
944 3839 1190 3886 mactram,
1202 3843 1289 3876 seu
1303 3827 1509 3883 alveum,

385 3915 488 3962 quo
499 3897 654 3946 Carina
666 3895 986 3958 abigeretur.
1037 3895 1114 3941 De
1129 3893 1366 3940 fermento
1381 3890 1512 3938 enim

387 3962 608 4011 nondum
651 3959 952 4023 cogitabam
999 3957 1086 4006 sed
1129 3955 1336 4004 farinam
1379 3954 1512 4002 illam

387 4027 654 4082 nib-cnm,
687 4039 776 4073 seu
808 4021 1010 4086 pultem,
1037 4019 1271 4069 continuo
1305 4018 1358 4065 in
1393 4033 1510 4080 qua-

387 4091 588 4138 dnrum
603 4085 1040 4136 formamibcinere
1051 4084 1336 4146 coquebant.
1383 4083 1514 4129 resa·

387 4171 558 4210 rerem,
592 4168 654 4201 ex
688 4149 1043 4201 calamitatibus
1081 4157 1132 4196 et
1165 4147 1358 4195 casibus
1395 4160 1516 4207 quos

387 4218 639 4266 abierant
659 4215 754 4279 (ita
767 4229 842 4262 res
857 4212 1055 4277 poetis),
1075 4211 1299 4286 exhausti
1313 4208 1512 4265 viribus,

389 4297 502 4344 qun
647 4289 780 4328 terea
801 4277 911 4326 cibo
931 4286 1074 4325 erant
1091 4273 1379 4324 reficiendae.

460 4346 728 4418 tao—382.
769 4345 952 4390 Omen·
967 4347 1252 4402 prospectum
1278 4341 1370 4386 late
1393 4340 1518 4398 petit

385 4411 584 4472 pelago.-
619 4423 670 4458 m
701 4421 863 4472 prosa,
887 4413 1198 4470 prospectum
1231 4401 1376 4466 capit,
1400 4415 1512 4465 pro-

1568 2177 1770 2280 {pegtgg
1786 2178 2022 2282 quzntff}
2042 2170 2282 2283 licet‚tpgg
2300 2187 2376 2219 om
2383 2173 2688 2286 nespelggeus:

1570 2311 1674 2358 pro,
1700 2249 1947 2354 υἶῖῗᾱεέιτ,
1970 2251 2179 2346 8011εὲᾹὲ
2202 2251 2582 2357 ιηοτὲξιὶίοιςιεῐὶ
2605 2249 2691 2350 εἶ’

1571 2360 2267 2487 ἓῗὲἒεῑῶἓιωζῖἷῗζῗὲΐίἒὲἒ
2299 2364 2489 2475 Ξίἱᾶῗ
2498 2365 2690 2414 ‘ndum’

1638 2489 1745 2534 183.
1788 2489 1887 2534 Aut
1928 2491 2115 2536 Caicum
2152 2489 2275 2538 debe
2338 2500 2359 2537 t
2397 2490 2573 2548 dicere,
2616 2492 2693 2540 vel

1570 2550 1706 2598 Caici
1738 2566 1939 2606 navem3
1982 2566 2112 2600 nunc
2145 2553 2286 2616 ponit
2316 2569 2447 2600 arma
2482 2557 2613 2602 Caici
2645 2559 2694 2603 iu

1564 2618 1797 2676 puppibus
1816 2617 1964 2662 celsis.
2019 2618 2167 2663 Arma
2188 2625 2273 2664 aut
2304 2617 2366 2664 de
2398 2617 2695 2681 aplustribus

1572 2677 1869 2742 simpliciter,
1899 2687 1984 2726 aut
2005 2679 2066 2726 de
2096 2680 2249 2728 tutela
2270 2680 2407 2728 navis
2430 2689 2535 2730 erat
2565 2682 2691 2730 acci-

1572 2743 1833 2807 piendutm
1868 2741 1989 2790 illud
2024 2743 2219 2805 quidem
2253 2744 2441 2792 melius.
2508 2746 2693 2796 Verum

1570 2805 1763 2870 poetico
1786 2815 1961 2854 ornatu
1981 2806 2181 2855 omnino
2201 2806 2331 2855 dicta
2351 2819 2471 2872 puto
2493 2826 2623 2856 arma
2645 2814 2695 2858 in

1566 2873 1811 2932 puppibus,
1836 2885 1927 2932 pro
1948 2869 2095 2920 armis
2115 2871 2295 2935 puppis
2318 2887 2355 2919 s.
2380 2872 2519 2921 navis
2542 2873 2693 2931 Caici,

1572 2943 1629 2982 ut
1649 2949 1782 2982 anna
1804 2933 1956 2990 navis,
1980 2949 2068 2983 seu
2096 2945 2409 2992 armamenta,
2434 2935 2561 2984 dicta
2594 2938 2697 2985 sint

1572 3013 1662 3109 ,3ὲο
1700 2997 1808 3060 ipsa
1843 2997 1969 3056 navi,
2008 3014 2152 3060 quam
2188 2999 2467 3062 prospicere
2502 2999 2695 3048 volebat

1642 3076 1773 3110 neas.

1640 3127 1745 3172 184.
1794 3129 1955 3174 Cervos
1991 3142 2055 3174 ex
2088 3127 2297 3174 Homeri
2328 3128 2518 3190 capreis
2549 3128 2691 3176 fecit:

1572 3188 1669 3236 vid.
1694 3204 1799 3263 sup.
1824 3190 1885 3237 ad
1913 3192 2019 3238 159.
2068 3191 2245 3239 Nullos
2268 3199 2431 3240 tamen
2452 3209 2621 3241 cervos
2644 3193 2695 3240 in

1573 3252 1741 3300 Africa
1762 3253 1973 3301 inveniri
1998 3253 2294 3313 Herodotus,
2318 3256 2622 3314 Aristoteles,
2647 3267 2697 3304 et

1575 3315 1766 3365 Plinius
1794 3325 1906 3381 post
1930 3317 2039 3366 illos
2074 3317 2173 3376 viii,
2203 3321 2278 3376 33,
2310 3335 2348 3368 s.
2384 3321 2460 3377 51,
2484 3321 2693 3368 affirma-

1576 3391 1764 3428 verunt.
1824 3381 2010 3430 Firmat
2027 3391 2188 3430 tamen
2210 3399 2263 3430 se
2284 3381 2445 3446 ipsum
2462 3383 2697 3446 Virgilius

1577 3445 1691 3492 AEn.
1717 3444 1781 3500 iv,
1810 3447 1929 3499 1543
1966 3455 2015 3492 et
2042 3446 2224 3492 Lucan.
2248 3445 2315 3502 ix,
2340 3447 2449 3493 921.
2508 3447 2693 3510 Oppia-

1578 3522 1695 3555 num
1716 3518 1768 3555 et
1789 3507 2137 3556 Philostratum
2160 3517 2431 3555 memorant
2494 3519 2698 3556 raeterea

1576 3571 1736 3618 cerda
1764 3578 1815 3617 et
1836 3569 1933 3618 alii.
1992 3571 2137 3618 Forte
2162 3585 2243 3616 eos
2271 3585 2383 3616 cum
2410 3585 2439 3616 a
2474 3570 2699 3620 versariis

1576 3633 1647 3682 ita
1676 3633 1729 3680 in
1750 3633 1955 3696 gratiam
1978 3649 2190 3689 revoces,
2216 3641 2272 3680 ut
2292 3643 2377 3680 aut
2396 3647 2567 3681 cervos
2588 3643 2701 3696 post

1578 3697 1893 3747 Aristotelem
1922 3697 1975 3745 in
2002 3694 2219 3744 Africam
2250 3694 2423 3753 illatos,
2450 3707 2537 3745 aut
2564 3697 2701 3746 cervi

1578 3776 1757 3810 nomen
1779 3760 1924 3809 latius
1945 3761 2007 3808 ab
2024 3760 2085 3808 iis
2102 3769 2388 3834 usurpatum
2405 3759 2550 3808 dicas.
2596 3761 2696 3808 Ve-

1578 3841 1687 3873 rum
1708 3841 1877 3874 cervos
1898 3823 2046 3872 etiam
2066 3836 2265 3888 proprie
2282 3823 2437 3871 dictos
2458 3838 2589 3871 nunc
2612 3839 2701 3886 per

1578 3904 1689 3937 oras
1702 3888 1881 3936 Africae
1898 3903 2066 3938 versus
2082 3887 2463 3950 septentrionem
2483 3886 2601 3935 sitas
2620 3903 2697 3936 er-

1578 3952 1824 4072 mfa‘ffl',
1792 3961 1932 4064 1331*t
1952 3953 2578 4064 mzss'zssfflffssa.
2617 4013 2700 4074 vn,

1582 4081 1659 4138 ³0,
1686 4096 1863 4127 ramosa
1895 4096 2075 4126 cornua.
2145 4079 2312 4138 Capita
2343 4081 2443 4126 alta
2474 4082 2699 4138 cornibus,

1582 4143 1769 4206 vulgari
1798 4143 2000 4199 ratione,
2024 4142 2185 4215 capita
2214 4140 2325 4190 altis
2355 4141 2597 4200 cornibus,
2621 4143 2701 4192 vel

1580 4207 1677 4254 alta
1706 4221 1887 4254 cornua
1906 4207 2147 4255 habentia.
2210 4205 2374 4254 Etiam
2383 4204 2591 4267 ferentes
2612 4222 2702 4271 pro

1581 4270 1699 4318 exili
1721 4285 1852 4328 voce,
1877 4274 2105 4318 habentes.

1650 4334 1915 4383 191—194.
1945 4335 2113 4382 Miscet
2132 4350 2273 4396 agene
2294 4337 2489 4392 turbam,
2518 4345 2701 4394 ornate,

1580 4414 1671 4462 pro
1696 4398 1809 4461 agit,
1834 4397 1997 4460 agitat,
2021 4399 2287 4461 perturbat,
2310 4399 2487 4457 κλονεῖ,
2510 4408 2568 4448 ut
2586 4415 2697 4464 pro·
