3050 4934
493 240 622 301 602

1390 236 1917 302 AENEIDOS

492 389 620 451 645
666 386 838 452 Acta
871 390 1107 464 tremit,
1140 388 1560 472 duplicatque
1590 388 1794 450 virum
1827 384 2142 451 transfixa
2173 384 2418 448 dolore.

664 488 987 553 Funditur
1018 501 1159 553 ater
1188 491 1432 574 ubique
1462 511 1691 553 cruor:
1739 490 1900 551 dant
1927 486 2160 550 funera
2189 485 2364 550 ferro

664 591 1031 667 CertanteS,
1064 590 1528 674 pulchramque
1560 599 1794 674 petunt
1823 610 1942 672 per
1973 586 2241 651 vulnera
2269 596 2564 650 mortem.

755 690 851 754 At
881 691 1125 754 medias
1158 693 1325 755 inter
1353 692 1570 755 caedes
1601 688 1888 754 exsultat
1915 686 2232 764 Amazon,

670 792 891 855 Unum
920 802 1181 856 exserta
1211 792 1381 855 latus
1412 813 1676 876 pugnoe,
1709 789 2090 874 pharetrata
2119 787 2421 864 Camilla3

494 893 624 956 650
670 892 764 955 Et
792 914 961 955 nunc
992 891 1169 955 lenta
1196 914 1389 955 manu
1418 913 1736 976 spargens
1767 889 2026 954 hastilia
2053 891 2322 967 denset;

675 993 871 1057 Nunc
904 991 1179 1056 validam
1208 993 1445 1056 dextra
1474 993 1648 1076 rapit
1676 990 2006 1079 indefessa
2032 992 2399 1075 bipennem.

667 1094 933 1158 Aureus
964 1116 1045 1157 ex
1076 1092 1347 1157 humero
1380 1102 1570 1156 sonat
1599 1114 1814 1167 arena,
1847 1104 1915 1155 et
1945 1114 2122 1155 arma
2154 1090 2408 1155 Dianae.

670 1193 790 1257 Illa
821 1195 1037 1269 etiam,
1070 1195 1123 1255 si
1150 1193 1415 1277 quando
1444 1194 1512 1256 in
1543 1203 1799 1275 tergum
1829 1191 2019 1275 pulsa
2046 1193 2340 1269 recessit,

669 1294 937 1380 Spicula
965 1277 1281 1358 converso
1304 1294 1621 1377 fugientia
1651 1293 1872 1376 dirigit
1897 1314 2077 1355 arcu.

494 1398 623 1460 655
669 1395 764 1458 At
794 1397 1035 1459 circum
1064 1394 1251 1459 lectae
1282 1395 1573 1469 comiteS,
1607 1392 1980 1476 Larinaque
2010 1394 2216 1477 virg0,

668 1496 1020 1579 Tullaque,
1051 1506 1118 1559 et
1149 1506 1413 1559 aeratam
1442 1496 1741 1578 quatiens
1773 1494 2064 1577 Tarpeia
2093 1514 2408 1569 securem,

669 1596 935 1661 Italides
960 1624 975 1673 ;
1022 1618 1184 1678 quas
1216 1597 1358 1680 ipsa
1389 1596 1590 1659 decus
1623 1595 1746 1657 sibi
1777 1594 1887 1658 dia
1915 1593 2183 1658 Camilla

668 1697 959 1781 Delegit,
990 1698 1301 1781 pacisque
1332 1698 1539 1760 bonas
1570 1694 1851 1779 bellique
1881 1697 2242 1759 ministras:

670 1798 917 1871 Quales
950 1798 1277 1861 Threiciae
1307 1819 1455 1861 cum
1484 1797 1748 1860 flumina
1770 1791 2281 1860 Thermodontis

494 1902 624 1963 660
668 1899 944 1963 Pulsant
970 1909 1038 1962 et
1067 1900 1258 1981 pictis
1289 1897 1618 1961 bellantur
1645 1895 2012 1960 Amazones
2043 1896 2234 1958 armis
2259 1920 2276 1971 ς

670 2002 805 2064 Seu
834 2002 1075 2063 circum
1105 1998 1538 2082 Hippolyten,
1573 2019 1686 2060 seu
1716 2018 1914 2079 quum
1945 2018 2016 2059 se
2050 1994 2296 2060 Martia
2324 2016 2518 2059 curru

670 2098 1087 2163 Penthesilea
1118 2098 1331 2174 refert,
1365 2119 1726 2181 magnoque
1755 2096 2044 2160 ululante
2073 2095 2353 2159 tumultu

670 2201 977 2264 Feminea
1001 2198 1333 2262 exsultant
1355 2197 1594 2261 lunatis
1627 2198 1880 2281 agmina
1902 2196 2117 2281 peltis.

671 2302 887 2374 Quem
912 2298 1043 2363 telo
1073 2301 1387 2381 primum,
1405 2320 1598 2381 quem
1625 2308 2047 2381 postremum,
2079 2318 2314 2381 aspera
2341 2298 2548 2381 virgo,

498 2406 627 2468 665
673 2402 971 2486 Dejicis?
1018 2410 1133 2463 aut
1160 2410 1322 2483 quot
1344 2399 1524 2461 humi
1551 2400 1890 2462 morientia
1919 2421 2196 2482 corpora
2223 2396 2488 2462 fundis?

673 2504 995 2568 Eunaeum
1026 2500 1239 2584 Clytio
1268 2502 1546 2583 primum
1576 2510 1798 2581 patre3
1847 2501 2032 2583 cujus
2063 2510 2358 2583 apertum

668 2605 954 2669 Adversi
985 2602 1181 2683 longa
1209 2601 1693 2665 transverberat
1723 2601 1935 2664 abiete
1967 2609 2218 2683 pectuS.

498 2800 707 2845 terrent,-
744 2800 900 2839 tantm
923 2794 971 2837 in
1003 2806 1133 2837 arma
1159 2796 1304 2851 patet,
1329 2798 1431 2837 arte
1462 2790 1620 2836 cohae-
1649 2809 1654 2818 ·

498 2866 611 2905 rent
632 2871 743 2903 cum
764 2855 875 2911 illis,
895 2856 1015 2901 nudo
1031 2857 1106 2901 cui
1127 2856 1293 2900 vertice
1303 2850 1443 2913 sulm
1468 2854 1621 2900 C'aesa-

498 2925 606 2977 ries,
630 2921 827 2979 nudique
850 2921 1039 2965 humi.
1091 2918 1319 2964 Habebat
1336 2916 1523 2963 nudum
1541 2931 1621 2963 ca-

498 2992 589 3045 put
612 2992 663 3029 et
681 2983 911 3029 humeros
935 2981 1103 3037 nudos,
1131 2990 1184 3026 ut
1210 2978 1327 3027 satis
1350 2988 1621 3043 appareret,

1691 2797 1821 2835 esset
1857 2785 1920 2834 ad
1960 2787 2289 2851 pugnandum.
2349 2790 2580 2851 Spar-geas
2617 2792 2788 2839 denset
2807 2810 2824 2838 .-

1691 2852 1741 2898 id
1763 2862 1850 2907 est,
1876 2852 2026 2898 dense
2049 2850 2247 2914 spargit,
2266 2851 2400 2912 Jacit.
2533 2888 2544 2902 .

1755 2916 1864 2971 653,
1889 2916 1998 2963 654.
2033 2917 2094 2962 In
2113 2923 2289 2977 tergum
2303 2919 2444 2977 pulsa
2463 2920 2652 2964 recessit
2666 2937 2684 2965 .·
2719 2919 2822 2966 eti-

1689 2994 1766 3026 am
1799 2980 1891 3026 hoc
1923 2995 1952 3027 a
1983 2978 2168 3041 vulgari
2211 2978 2398 3029 ratione
2434 2979 2660 3037 deflexit;
2698 2997 2822 3031 nam

499 3062 611 3093 eum
624 3046 827 3093 vulnera
845 3058 943 3090 non
961 3043 1153 3097 timere3
1176 3052 1378 3099 tantum,
1394 3052 1529 3091 tanta
1544 3043 1620 3090 sui
1685 3042 1884 3104 vulgare
1904 3052 1991 3100 est,
2017 3043 2059 3091 si
2082 3052 2272 3117 tergum
2296 3044 2454 3101 vertit,
2478 3044 2575 3092 dat.
2622 3048 2826 3106 spicula

498 3118 650 3173 parte,
666 3108 863 3171 patebat
877 3106 928 3153 in
942 3106 1157 3163 vulnera,
1174 3122 1209 3154 s.
1230 3106 1283 3153 in
1298 3106 1396 3154 tela
1408 3107 1619 3155 hostilia.
1672 3104 1927 3169 fugientia,
1952 3107 2058 3170 ipsa
2085 3107 2291 3169 fugiens.

564 3174 674 3219 645.
712 3174 933 3233 Duplicat
949 3174 1095 3217 virum
1111 3189 1127 3217 .-
1160 3181 1292 3218 recte
1309 3170 1467 3218 Guell.
1492 3171 1616 3218 acci-

498 3236 573 3300 pit
590 3244 641 3283 et
658 3251 769 3284 cum
790 3250 848 3283 eo
866 3234 1039 3292 Cerda‚
1060 3234 1295 3293 incurvat,
1314 3245 1373 3282 ut
1390 3234 1623 3284 reddatur

501 3299 823 3350 Homericum
867 3298 1033 3348 ι’δνοΰν.
1114 3299 1304 3356 ’ἰδνώθη
1351 3316 1407 3347 τε
1462 3302 1624 3348 πεσὸν

502 3365 640 3414 Iliad.
668 3382 707 3423 ν,
733 3366 843 3412 618.
902 3364 973 3410 Ut
993 3363 1055 3411 iis
1086 3362 1411 3411 accedendum
1444 3363 1523 3420 sit,
1547 3364 1618 3412 fa-

496 3430 567 3478 cit
586 3428 829 3491 adjectum
852 3430 1017 3475 dolore.

562 3494 672 3551 646,
704 3493 815 3543 647.
852 3492 976 3539 Haec
1005 3490 1068 3539 ad
1098 3490 1311 3552 reliquos
1344 3488 1621 3554 pugnantes

496 3566 750 3623 spectant:
788 3566 993 3605 mortem
1017 3553 1136 3602 dant
1156 3564 1209 3601 et
1228 3554 1488 3617 accipiunt.

564 3624 658 3669 648
682 3638 781 3684 sqq.
821 3621 901 3667 De
923 3619 1131 3668 Camilla
1150 3618 1421 3681 episodium
1444 3627 1521 3666 est
1541 3617 1617 3665 in-

496 3698 573 3733 ter
598 3684 941 3733 elaboratiores
970 3682 1199 3731 carminis
1228 3692 1405 3746 partes.
1472 3685 1622 3729 Unum

496 3757 679 3798 exserta
702 3752 837 3804 latus,
862 3762 1150 3795 mammam:
1188 3746 1273 3794 inf.
1299 3748 1407 3803 803,
1433 3749 1519 3794 sub
1539 3763 1618 3793 ex-

496 3822 665 3862 sertam
678 3814 903 3873 papillam
917 3830 933 3857 :
968 3826 1073 3874 sup.
1094 3811 1126 3867 i,
1144 3811 1255 3867 492,
1274 3827 1416 3857 aurea
1428 3814 1618 3858 subnec-

500 3886 597 3926 tens
633 3884 823 3924 exserta
843 3878 1029 3937 cingula
1061 3892 1275 3921 mammae.
1353 3874 1623 3938 Disputant

496 3940 671 4005 intpp..
686 3950 845 3989 utram
860 3938 1143 3987 exseruerit.
1174 3938 1334 3986 Cerda
1346 3938 1415 3986 ait
1431 3938 1618 3995 laevam,

497 4020 612 4054 nam
641 4005 813 4052 dextra
846 4003 900 4050 in
932 4002 1261 4050 Amazonibus
1291 4012 1396 4050 erat
1430 4012 1616 4051 exusta.

498 4070 668 4117 Recte.
706 4069 891 4115 Verum
907 4066 1204 4129 comparatio
1218 4064 1491 4113 instituitur
1506 4076 1614 4113 tan-

498 4142 603 4181 tum
626 4133 687 4180 ad
709 4130 1025 4180 nudationem
1046 4144 1294 4179 mammae:
1332 4128 1383 4176 in
1401 4129 1614 4177 venatri-

496 4196 635 4244 cibus
656 4205 819 4244 autem
844 4203 893 4243 et
914 4192 1257 4249 bellatricibus,
1283 4202 1338 4240 ut
1369 4192 1527 4241 Diana
1563 4210 1618 4241 ac

498 4259 757 4323 Nymphis,
787 4259 1013 4307 dextrum
1041 4266 1228 4332 pectus,
1265 4257 1491 4305 dextrum
1524 4258 1616 4305 hu—

496 4337 699 4379 merum,
738 4323 973 4370 nudatum
1006 4322 1227 4369 Videmus
1273 4320 1325 4369 in
1369 4321 1532 4370 numis
1563 4338 1620 4371 ao

494 4386 681 4434 statuis.
728 4388 919 4447 Pugna»,
940 4385 1001 4433 ad
1021 4400 1251 4447 pugnam,
1270 4395 1326 4434 ut
1346 4386 1622 4449 expeditior

1752 3171 1861 3219 659.
1901 3174 2124 3219 Threicia
2154 3175 2420 3228 Amazones,
2445 3187 2535 3235 pro
2571 3172 2824 3234 Scythicis

1687 3236 1765 3283 vel
1788 3235 2070 3283 Sarmaticis
2101 3234 2241 3292 dixit,
2267 3244 2494 3299 tanquam
2523 3244 2684 3299 poeta,
2699 3240 2823 3297 jure

1687 3314 1788 3347 suo.
1857 3302 1968 3347 Cum
1991 3302 2188 3359 flumina
2215 3302 2556 3347 Thermodontis
2583 3302 2780 3360 pulsant
2801 3320 2820 3347 .-

1685 3380 1776 3427 pro
1798 3363 1920 3427 ripis
1947 3363 2130 3411 fiumen
2161 3362 2346 3411 dictum
2391 3364 2620 3427 opinatur
2649 3364 2822 3413 cerda

1687 3438 1738 3475 et
1759 3428 1856 3485 alii,
1881 3436 1936 3474 ut
1955 3443 2000 3474 v.
2024 3443 2066 3474 c.
2099 3428 2218 3475 Geo.
2251 3427 2301 3484 ii,
2331 3429 2405 3486 11,
2435 3429 2508 3483 12,
2529 3427 2639 3475 alia·
2665 3430 2816 3476 arbo—

1685 3506 1765 3539 res
1803 3494 1980 3551 campos
2017 3498 2064 3537 et
2093 3494 2290 3550 flumina
2325 3494 2419 3539 lats
2454 3494 2607 3540 can-va
2639 3500 2815 3540 tenent.

1687 3554 1816 3602 Mihi
1843 3563 2006 3602 tamen
2035 3568 2148 3601 cum
2179 3554 2288 3617 ipsa
2318 3570 2399 3603 res
2431 3556 2696 3619 persuadet
2731 3558 2820 3619 agi

1685 3618 1745 3665 de
1764 3617 1964 3665 flumine
1982 3617 2138 3679 glacie
2153 3619 2376 3677 obducto,
2395 3628 2500 3667 tum
2522 3634 2639 3667 vero
2661 3620 2819 3669 etiam

1687 3681 1944 3730 Claudiani
1959 3681 2180 3739 imitatio,
2201 3681 2283 3743 qui
2306 3699 2404 3732 non
2423 3683 2564 3732 aJiter
2579 3683 2816 3733 intellex-

1685 3746 1783 3794 isse
1806 3746 2026 3794 videtur:
2065 3746 2199 3794 Pros-
2225 3747 2372 3810 Rapt.
2397 3746 2448 3803 ii,
2468 3748 2677 3796 62—66.

1751 3810 2022 3858 660—662.
2063 3812 2310 3857 Bellatum·
2339 3826 2432 3873 pro
2460 3811 2655 3859 bellant.
2727 3812 2818 3861 Sic

1685 3878 1886 3923 nutritor
1915 3889 2006 3938 pro
2037 3873 2222 3922 nutrito
2245 3875 2364 3922 Geo.
2402 3874 2453 3932 ii,
2489 3876 2600 3923 425.
2656 3876 2822 3925 Pictis

1685 3942 1840 3993 amis,
1861 3953 1980 3985 auro
1995 3948 2292 4000 argentoque
2314 3938 2572 3995 distinctis,
2591 3938 2816 3990 maxime

1681 4001 1844 4112 gielta:
1881 4001 1940 4049 cf.
1965 4016 2071 4065 sup.
2096 4002 2158 4049 ad
2180 4001 2282 4057 viii,
2307 4004 2416 4049 588.
2470 4005 2528 4051 Se
2548 4002 2712 4064 refert,
2731 4020 2816 4052 re-

1755 4099 1769 4112 .
1832 4068 2046 4113 Tumultus
2067 4069 2286 4124 ululante,
2310 4066 2524 4124 invertit,
2545 4068 2818 4179 eumuifsae

2719 4148 2814 4179 m..

1681 4129 1874 4177 ululent
1887 4144 1998 4177 cum
2023 4129 2247 4187 tumultu,
2267 4144 2358 4194 pro
2379 4131 2592 4178 tumultu
2613 4130 2662 4179 ul

1687 4193 1822 4241 tium.
1873 4195 2056 4241 Martia
2077 4196 2366 4242 Penthesilea
2385 4194 2596 4258 proprie.

1749 4258 2021 4307 666—669.
2059 4260 2280 4306 Esnaeam
2295 4258 2383 4306 int.
2409 4274 2437 4305 e
2453 4258 2693 4320 Troianis,
2719 4262 2812 4307 Li-

1685 4326 1774 4370 rim
1799 4325 2116 4385 Pagasumque
2145 4337 2208 4369 ex
2239 4322 2488 4371 Etruscis:
2525 4322 2742 4384 reliquos
2763 4341 2812 4373 v.

1687 4387 1782 4437 673
1815 4402 1918 4448 sqq.
1953 4386 2130 4435 iterum
2165 4386 2428 4448 Trojanos;
2466 4403 2493 4435 e
2525 4385 2702 4449 quibus
2737 4392 2812 4436 A·
