<?xml version="1.0" encoding="UTF-8"?>
<!DOCTYPE html PUBLIC "-//W3C//DTD XHTML 1.0 Transitional//EN"
    "http://www.w3.org/TR/xhtml1/DTD/xhtml1-transitional.dtd">
<html xmlns="http://www.w3.org/1999/xhtml" xml:lang="en" lang="en">
 <head>
  <title>
</title>
<meta http-equiv="Content-Type" content="text/html;charset=utf-8" />
  <meta name='ocr-system' content='tesseract 3.04.00' />
  <meta name='ocr-capabilities' content='ocr_page ocr_carea ocr_par ocr_line ocrx_word'/>
</head>
<body>
  <div class='ocr_page' id='page_1' title='image "./publiivirgiliim00unkngoog_0628.png"; bbox 0 0 3050 4934; ppageno 0'>
   <div class='ocr_carea' id='block_1_1' title="bbox 1158 265 1725 333">
    <p class='ocr_par' dir='ltr' id='par_1_1' title="bbox 1158 265 1725 333">
     <span class='ocr_line' id='line_1_1' title="bbox 1158 265 1725 333; baseline 0 -1"><span class='ocrx_word' id='word_1_1' title='bbox 1158 265 1497 333; x_wconf 88' lang='lat' dir='ltr'><strong>LIBER</strong></span> <span class='ocrx_word' id='word_1_2' title='bbox 1545 267 1725 332; x_wconf 84' lang='lat' dir='ltr'><strong>XII.</strong></span> 
     </span>
    </p>
   </div>
   <div class='ocr_carea' id='block_1_2' title="bbox 2471 267 2599 328">
    <p class='ocr_par' dir='ltr' id='par_1_2' title="bbox 2471 267 2599 328">
     <span class='ocr_line' id='line_1_2' title="bbox 2471 267 2599 328; baseline 0 0"><span class='ocrx_word' id='word_1_3' title='bbox 2471 267 2599 328; x_wconf 81' lang='lat'><strong>617</strong></span> 
     </span>
    </p>
   </div>
   <div class='ocr_carea' id='block_1_3' title="bbox 286 412 2532 2724">
    <p class='ocr_par' dir='ltr' id='par_1_3' title="bbox 446 412 1910 502">
     <span class='ocr_line' id='line_1_3' title="bbox 446 412 1910 502; baseline 0.001 -24"><span class='ocrx_word' id='word_1_4' title='bbox 446 412 623 479; x_wconf 91' lang='lat' dir='ltr'><strong>Alba</strong></span> <span class='ocrx_word' id='word_1_5' title='bbox 651 437 835 478; x_wconf 88' lang='lat' dir='ltr'><strong>rosa:</strong></span> <span class='ocrx_word' id='word_1_6' title='bbox 888 416 1031 481; x_wconf 86' lang='lat' dir='ltr'><strong>talis</strong></span> <span class='ocrx_word' id='word_1_7' title='bbox 1064 419 1245 502; x_wconf 85' lang='lat' dir='ltr'><strong>virgo</strong></span> <span class='ocrx_word' id='word_1_8' title='bbox 1274 420 1473 483; x_wconf 89' lang='lat' dir='ltr'><strong>dabat</strong></span> <span class='ocrx_word' id='word_1_9' title='bbox 1501 441 1614 482; x_wconf 90' lang='lat' dir='ltr'><strong>ore</strong></span> <span class='ocrx_word' id='word_1_10' title='bbox 1643 417 1910 482; x_wconf 75' lang='lat' dir='ltr'><strong>colores,</strong></span> 
     </span>
    </p>

    <p class='ocr_par' dir='ltr' id='par_1_4' title="bbox 318 515 2251 904">
     <span class='ocr_line' id='line_1_4' title="bbox 318 515 2083 606; baseline 0.004 -29"><span class='ocrx_word' id='word_1_11' title='bbox 318 515 403 577; x_wconf 83' lang='lat'><strong>70</strong></span> <span class='ocrx_word' id='word_1_12' title='bbox 447 515 636 581; x_wconf 89' lang='lat' dir='ltr'><strong>Illum</strong></span> <span class='ocrx_word' id='word_1_13' title='bbox 666 521 889 584; x_wconf 86' lang='lat' dir='ltr'><strong>turbat</strong></span> <span class='ocrx_word' id='word_1_14' title='bbox 918 543 1122 599; x_wconf 89' lang='lat' dir='ltr'><strong>amor,</strong></span> <span class='ocrx_word' id='word_1_15' title='bbox 1154 521 1425 606; x_wconf 85' lang='lat' dir='ltr'><strong>figitque</strong></span> <span class='ocrx_word' id='word_1_16' title='bbox 1457 523 1523 584; x_wconf 90' lang='lat' dir='ltr'><strong>in</strong></span> <span class='ocrx_word' id='word_1_17' title='bbox 1553 522 1800 604; x_wconf 85' lang='lat' dir='ltr'><strong>virgine</strong></span> <span class='ocrx_word' id='word_1_18' title='bbox 1830 519 2083 596; x_wconf 84' lang='lat' dir='ltr'><strong>vultus3</strong></span> 
     </span>
     <span class='ocr_line' id='line_1_5' title="bbox 445 615 2251 707; baseline 0.003 -26"><span class='ocrx_word' id='word_1_19' title='bbox 445 615 661 683; x_wconf 90' lang='lat' dir='ltr'><strong>Ardet</strong></span> <span class='ocrx_word' id='word_1_20' title='bbox 687 620 753 683; x_wconf 90' lang='lat' dir='ltr'><strong>in</strong></span> <span class='ocrx_word' id='word_1_21' title='bbox 784 643 962 684; x_wconf 89' lang='lat' dir='ltr'><strong>arma</strong></span> <span class='ocrx_word' id='word_1_22' title='bbox 990 623 1216 706; x_wconf 75' lang='lat' dir='ltr'><strong>magiS,</strong></span> <span class='ocrx_word' id='word_1_23' title='bbox 1250 623 1609 707; x_wconf 83' lang='lat' dir='ltr'><strong>paucisque</strong></span> <span class='ocrx_word' id='word_1_24' title='bbox 1640 621 1878 686; x_wconf 84' lang='lat' dir='ltr'><strong>affatur</strong></span> <span class='ocrx_word' id='word_1_25' title='bbox 1909 619 2251 686; x_wconf 82' lang='lat' dir='ltr'>Amatam:</span> 
     </span>
     <span class='ocr_line' id='line_1_6' title="bbox 442 717 2082 803; baseline 0.001 -21"><span class='ocrx_word' id='word_1_26' title='bbox 442 717 573 796; x_wconf 89' lang='lat' dir='ltr'><strong>Ne,</strong></span> <span class='ocrx_word' id='word_1_27' title='bbox 605 742 850 803; x_wconf 81' lang='lat' dir='ltr'><strong>quaesO,</strong></span> <span class='ocrx_word' id='word_1_28' title='bbox 883 743 965 785; x_wconf 87' lang='lat' dir='ltr'><strong>ne</strong></span> <span class='ocrx_word' id='word_1_29' title='bbox 994 745 1097 786; x_wconf 88' lang='lat' dir='ltr'><strong>me</strong></span> <span class='ocrx_word' id='word_1_30' title='bbox 1129 721 1428 800; x_wconf 77' lang='lat' dir='ltr'><strong>lacrimiS,</strong></span> <span class='ocrx_word' id='word_1_31' title='bbox 1462 745 1624 787; x_wconf 87' lang='lat' dir='ltr'><strong>neve</strong></span> <span class='ocrx_word' id='word_1_32' title='bbox 1658 724 1866 787; x_wconf 88' lang='lat' dir='ltr'><strong>omine</strong></span> <span class='ocrx_word' id='word_1_33' title='bbox 1899 733 2082 785; x_wconf 87' lang='lat' dir='ltr'><strong>tanto</strong></span> 
     </span>
     <span class='ocr_line' id='line_1_7' title="bbox 440 817 2090 904; baseline 0.003 -23"><span class='ocrx_word' id='word_1_34' title='bbox 440 817 849 904; x_wconf 85' lang='lat' dir='ltr'><strong>Prosequere</strong></span> <span class='ocrx_word' id='word_1_35' title='bbox 880 822 947 885; x_wconf 91' lang='lat' dir='ltr'><strong>in</strong></span> <span class='ocrx_word' id='word_1_36' title='bbox 977 823 1125 886; x_wconf 89' lang='lat' dir='ltr'><strong>duri</strong></span> <span class='ocrx_word' id='word_1_37' title='bbox 1156 825 1505 888; x_wconf 88' lang='lat' dir='ltr'><strong>certamina</strong></span> <span class='ocrx_word' id='word_1_38' title='bbox 1537 823 1774 886; x_wconf 90' lang='lat' dir='ltr'><strong>Martis</strong></span> <span class='ocrx_word' id='word_1_39' title='bbox 1805 833 2090 898; x_wconf 88' lang='lat' dir='ltr'><strong>euntem,</strong></span> 
     </span>
    </p>

    <p class='ocr_par' dir='ltr' id='par_1_5' title="bbox 441 919 2216 1006">
     <span class='ocr_line' id='line_1_8' title="bbox 441 919 2216 1006; baseline 0.001 -22"><span class='ocrx_word' id='word_1_40' title='bbox 441 919 506 983; x_wconf 92' lang='lat' dir='ltr'>O</span> <span class='ocrx_word' id='word_1_41' title='bbox 535 933 775 999; x_wconf 83' lang='lat' dir='ltr'><strong>mater3</strong></span> <span class='ocrx_word' id='word_1_42' title='bbox 822 944 1035 1006; x_wconf 90' lang='lat' dir='ltr'><strong>neque</strong></span> <span class='ocrx_word' id='word_1_43' title='bbox 1067 925 1237 987; x_wconf 88' lang='lat' dir='ltr'><strong>enim</strong></span> <span class='ocrx_word' id='word_1_44' title='bbox 1264 923 1495 987; x_wconf 79' lang='lat' dir='ltr'><strong>Turno</strong></span> <span class='ocrx_word' id='word_1_45' title='bbox 1528 946 1708 987; x_wconf 91' lang='lat' dir='ltr'><strong>mora</strong></span> <span class='ocrx_word' id='word_1_46' title='bbox 1737 923 1942 987; x_wconf 90' lang='lat' dir='ltr'><strong>libera</strong></span> <span class='ocrx_word' id='word_1_47' title='bbox 1969 924 2216 988; x_wconf 88' lang='lat' dir='ltr'><strong>mortis.</strong></span> 
     </span>
    </p>

    <p class='ocr_par' dir='ltr' id='par_1_6' title="bbox 313 1019 2532 1510">
     <span class='ocr_line' id='line_1_9' title="bbox 313 1019 2176 1108; baseline 0.003 -26"><span class='ocrx_word' id='word_1_48' title='bbox 313 1019 396 1083; x_wconf 84' lang='lat'><strong>75</strong></span> <span class='ocrx_word' id='word_1_49' title='bbox 439 1019 732 1086; x_wconf 86' lang='lat' dir='ltr'><strong>Nuntius</strong></span> <span class='ocrx_word' id='word_1_50' title='bbox 764 1022 907 1086; x_wconf 85' lang='lat' dir='ltr'><strong>haec</strong></span> <span class='ocrx_word' id='word_1_51' title='bbox 939 1022 1171 1087; x_wconf 88' lang='lat' dir='ltr'>Idmon</span> <span class='ocrx_word' id='word_1_52' title='bbox 1202 1023 1491 1108; x_wconf 86' lang='lat' dir='ltr'><strong>Phrygio</strong></span> <span class='ocrx_word' id='word_1_53' title='bbox 1521 1035 1666 1089; x_wconf 87' lang='lat' dir='ltr'><strong>mea</strong></span> <span class='ocrx_word' id='word_1_54' title='bbox 1696 1025 1870 1088; x_wconf 85' lang='lat' dir='ltr'><strong>dicta</strong></span> <span class='ocrx_word' id='word_1_55' title='bbox 1899 1035 2176 1108; x_wconf 84' lang='lat' dir='ltr'><strong>tyranno</strong></span> 
     </span>
     <span class='ocr_line' id='line_1_10' title="bbox 436 1120 2314 1208; baseline 0.003 -23"><span class='ocrx_word' id='word_1_56' title='bbox 436 1120 641 1186; x_wconf 89' lang='lat' dir='ltr'><strong>Haud</strong></span> <span class='ocrx_word' id='word_1_57' title='bbox 672 1122 989 1207; x_wconf 87' lang='lat' dir='ltr'><strong>placitura</strong></span> <span class='ocrx_word' id='word_1_58' title='bbox 1020 1123 1227 1188; x_wconf 84' lang='lat' dir='ltr'><strong>refer:</strong></span> <span class='ocrx_word' id='word_1_59' title='bbox 1277 1123 1499 1198; x_wconf 83' lang='lat' dir='ltr'><strong>Quum</strong></span> <span class='ocrx_word' id='word_1_60' title='bbox 1531 1126 1807 1208; x_wconf 90' lang='lat' dir='ltr'><strong>primum</strong></span> <span class='ocrx_word' id='word_1_61' title='bbox 1835 1127 2118 1190; x_wconf 85' lang='lat' dir='ltr'><strong>crastina</strong></span> <span class='ocrx_word' id='word_1_62' title='bbox 2147 1126 2314 1190; x_wconf 91' lang='lat' dir='ltr'><strong>coelo</strong></span> 
     </span>
     <span class='ocr_line' id='line_1_11' title="bbox 438 1221 1862 1302; baseline 0.003 -16"><span class='ocrx_word' id='word_1_63' title='bbox 438 1221 740 1288; x_wconf 85' lang='lat' dir='ltr'><strong>Puniceis</strong></span> <span class='ocrx_word' id='word_1_64' title='bbox 772 1224 1025 1288; x_wconf 83' lang='lat' dir='ltr'><strong>invecta</strong></span> <span class='ocrx_word' id='word_1_65' title='bbox 1055 1225 1213 1289; x_wconf 87' lang='lat' dir='ltr'><strong>rotis</strong></span> <span class='ocrx_word' id='word_1_66' title='bbox 1246 1221 1509 1288; x_wconf 87' lang='lat' dir='ltr'><strong>Aurora</strong></span> <span class='ocrx_word' id='word_1_67' title='bbox 1539 1227 1862 1302; x_wconf 82' lang='lat' dir='ltr'><strong>rubescit3</strong></span> 
     </span>
     <span class='ocr_line' id='line_1_12' title="bbox 432 1322 2532 1411; baseline 0.002 -24"><span class='ocrx_word' id='word_1_68' title='bbox 432 1322 589 1388; x_wconf 89' lang='lat' dir='ltr'><strong>Non</strong></span> <span class='ocrx_word' id='word_1_69' title='bbox 618 1324 916 1389; x_wconf 86' lang='lat' dir='ltr'><strong>Teucros</strong></span> <span class='ocrx_word' id='word_1_70' title='bbox 947 1335 1099 1409; x_wconf 88' lang='lat' dir='ltr'><strong>agat</strong></span> <span class='ocrx_word' id='word_1_71' title='bbox 1124 1326 1191 1388; x_wconf 91' lang='lat' dir='ltr'><strong>in</strong></span> <span class='ocrx_word' id='word_1_72' title='bbox 1223 1324 1532 1389; x_wconf 72' lang='lat' dir='ltr'><strong>Rutulos·</strong></span> <span class='ocrx_word' id='word_1_73' title='bbox 1600 1324 1934 1390; x_wconf 73' lang='lat' dir='ltr'><strong>Teucrt‘im</strong></span> <span class='ocrx_word' id='word_1_74' title='bbox 1963 1349 2142 1390; x_wconf 86' lang='lat' dir='ltr'><strong>arma</strong></span> <span class='ocrx_word' id='word_1_75' title='bbox 2171 1329 2532 1411; x_wconf 80' lang='lat' dir='ltr'><strong>quiescant,</strong></span> 
     </span>
     <span class='ocr_line' id='line_1_13' title="bbox 434 1424 2265 1510; baseline 0.002 -22"><span class='ocrx_word' id='word_1_76' title='bbox 434 1425 527 1490; x_wconf 91' lang='lat' dir='ltr'><strong>Et</strong></span> <span class='ocrx_word' id='word_1_77' title='bbox 555 1425 897 1490; x_wconf 74' lang='lat' dir='ltr'><strong>Rutulfim.</strong></span> <span class='ocrx_word' id='word_1_78' title='bbox 971 1424 1222 1490; x_wconf 88' lang='lat' dir='ltr'><strong>Nostro</strong></span> <span class='ocrx_word' id='word_1_79' title='bbox 1252 1427 1623 1491; x_wconf 77' lang='lat' dir='ltr'><strong>dirimamus</strong></span> <span class='ocrx_word' id='word_1_80' title='bbox 1658 1427 1972 1510; x_wconf 87' lang='lat' dir='ltr'><strong>sanguine</strong></span> <span class='ocrx_word' id='word_1_81' title='bbox 2002 1426 2265 1492; x_wconf 90' lang='lat' dir='ltr'><strong>bellum.</strong></span> 
     </span>
    </p>

    <p class='ocr_par' dir='ltr' id='par_1_7' title="bbox 303 1525 1773 1613">
     <span class='ocr_line' id='line_1_14' title="bbox 303 1525 1773 1613; baseline 0.002 -24"><span class='ocrx_word' id='word_1_82' title='bbox 303 1525 392 1589; x_wconf 88' lang='grc'><strong>80</strong></span> <span class='ocrx_word' id='word_1_83' title='bbox 434 1525 555 1590; x_wconf 88' lang='grc' dir='ltr'><strong>ΠΙο</strong></span> <span class='ocrx_word' id='word_1_84' title='bbox 586 1538 919 1610; x_wconf 81' lang='lat' dir='ltr'><strong>quaeratur</strong></span> <span class='ocrx_word' id='word_1_85' title='bbox 948 1527 1188 1611; x_wconf 84' lang='lat' dir='ltr'><strong>conjux</strong></span> <span class='ocrx_word' id='word_1_86' title='bbox 1221 1525 1493 1592; x_wconf 80' lang='lat' dir='ltr'><strong>Lavinia</strong></span> <span class='ocrx_word' id='word_1_87' title='bbox 1520 1549 1773 1613; x_wconf 76' lang='lat' dir='ltr'><strong>campo,</strong></span> 
     </span>
    </p>

    <p class='ocr_par' dir='ltr' id='par_1_8' title="bbox 428 1625 2330 1914">
     <span class='ocr_line' id='line_1_15' title="bbox 515 1625 2330 1713; baseline 0.001 -23"><span class='ocrx_word' id='word_1_88' title='bbox 515 1625 683 1691; x_wconf 84' lang='lat' dir='ltr'><strong>Haec</strong></span> <span class='ocrx_word' id='word_1_89' title='bbox 710 1627 825 1692; x_wconf 88' lang='lat' dir='ltr'><strong>ubi</strong></span> <span class='ocrx_word' id='word_1_90' title='bbox 854 1627 1029 1692; x_wconf 89' lang='lat' dir='ltr'><strong>dicta</strong></span> <span class='ocrx_word' id='word_1_91' title='bbox 1058 1627 1264 1704; x_wconf 85' lang='lat' dir='ltr'><strong>dedit,</strong></span> <span class='ocrx_word' id='word_1_92' title='bbox 1293 1628 1694 1713; x_wconf 85' lang='lat' dir='ltr'><strong>rapidusque</strong></span> <span class='ocrx_word' id='word_1_93' title='bbox 1722 1629 1788 1692; x_wconf 89' lang='lat' dir='ltr'><strong>in</strong></span> <span class='ocrx_word' id='word_1_94' title='bbox 1819 1639 1992 1693; x_wconf 89' lang='lat' dir='ltr'><strong>tecta</strong></span> <span class='ocrx_word' id='word_1_95' title='bbox 2019 1630 2289 1693; x_wconf 83' lang='lat' dir='ltr'><strong>recessit</strong></span> <span class='ocrx_word' id='word_1_96' title='bbox 2313 1655 2330 1706; x_wconf 72' lang='grc' dir='ltr'><strong>ς</strong></span> 
     </span>
     <span class='ocr_line' id='line_1_16' title="bbox 428 1726 2271 1812; baseline 0.002 -21"><span class='ocrx_word' id='word_1_97' title='bbox 428 1726 652 1792; x_wconf 87' lang='lat' dir='ltr'><strong>Poscit</strong></span> <span class='ocrx_word' id='word_1_98' title='bbox 679 1750 907 1812; x_wconf 86' lang='lat' dir='ltr'><strong>equos,</strong></span> <span class='ocrx_word' id='word_1_99' title='bbox 938 1730 1313 1812; x_wconf 84' lang='lat' dir='ltr'><strong>gaudetque</strong></span> <span class='ocrx_word' id='word_1_100' title='bbox 1345 1741 1536 1793; x_wconf 84' lang='lat' dir='ltr'><strong>tuens</strong></span> <span class='ocrx_word' id='word_1_101' title='bbox 1569 1741 1720 1794; x_wconf 88' lang='lat' dir='ltr'><strong>ante</strong></span> <span class='ocrx_word' id='word_1_102' title='bbox 1753 1751 1867 1794; x_wconf 84' lang='lat' dir='ltr'><strong>ora</strong></span> <span class='ocrx_word' id='word_1_103' title='bbox 1897 1729 2271 1806; x_wconf 85' lang='lat' dir='ltr'><strong>frementes,</strong></span> 
     </span>
     <span class='ocr_line' id='line_1_17' title="bbox 429 1827 1919 1914; baseline 0.001 -22"><span class='ocrx_word' id='word_1_104' title='bbox 429 1827 728 1893; x_wconf 88' lang='lat' dir='ltr'><strong>Pilumno</strong></span> <span class='ocrx_word' id='word_1_105' title='bbox 758 1851 921 1912; x_wconf 83' lang='lat' dir='ltr'><strong>quos</strong></span> <span class='ocrx_word' id='word_1_106' title='bbox 952 1831 1096 1914; x_wconf 89' lang='lat' dir='ltr'><strong>ipsa</strong></span> <span class='ocrx_word' id='word_1_107' title='bbox 1126 1831 1327 1894; x_wconf 89' lang='lat' dir='ltr'><strong>decus</strong></span> <span class='ocrx_word' id='word_1_108' title='bbox 1360 1830 1544 1896; x_wconf 87' lang='lat' dir='ltr'><strong>dedit</strong></span> <span class='ocrx_word' id='word_1_109' title='bbox 1575 1829 1919 1913; x_wconf 82' lang='lat' dir='ltr'><strong>Orithyia;</strong></span> 
     </span>
    </p>

    <p class='ocr_par' dir='ltr' id='par_1_9' title="bbox 427 1917 2040 2008">
     <span class='ocr_line' id='line_1_18' title="bbox 427 1917 2040 2008; baseline 0.001 -14"><span class='ocrx_word' id='word_1_110' title='bbox 427 1929 563 2002; x_wconf 84' lang='lat' dir='ltr'><strong>Qui</strong></span> <span class='ocrx_word' id='word_1_111' title='bbox 592 1917 875 1994; x_wconf 80' lang='lat' dir='ltr'><strong>candore</strong></span> <span class='ocrx_word' id='word_1_112' title='bbox 904 1931 1084 1994; x_wconf 83' lang='lat' dir='ltr'><strong>nives</strong></span> <span class='ocrx_word' id='word_1_113' title='bbox 1116 1932 1459 2008; x_wconf 81' lang='lat' dir='ltr'><strong>anteirent,</strong></span> <span class='ocrx_word' id='word_1_114' title='bbox 1492 1932 1794 1996; x_wconf 84' lang='lat' dir='ltr'><strong>cursibus</strong></span> <span class='ocrx_word' id='word_1_115' title='bbox 1825 1953 2040 1996; x_wconf 73' lang='lat' dir='ltr'><strong>auras·</strong></span> 
     </span>
    </p>

    <p class='ocr_par' dir='ltr' id='par_1_10' title="bbox 296 2029 2274 2521">
     <span class='ocr_line' id='line_1_19' title="bbox 296 2029 2274 2119; baseline 0.003 -26"><span class='ocrx_word' id='word_1_116' title='bbox 296 2029 383 2094; x_wconf 87' lang='grc'><strong>85</strong></span> <span class='ocrx_word' id='word_1_117' title='bbox 427 2029 863 2098; x_wconf 87' lang='lat' dir='ltr'><strong>Circumstant</strong></span> <span class='ocrx_word' id='word_1_118' title='bbox 890 2036 1157 2119; x_wconf 87' lang='lat' dir='ltr'><strong>properi</strong></span> <span class='ocrx_word' id='word_1_119' title='bbox 1187 2035 1453 2119; x_wconf 63' lang='lat' dir='ltr'><strong>aurigae,</strong></span> <span class='ocrx_word' id='word_1_120' title='bbox 1485 2035 1915 2118; x_wconf 84' lang='lat' dir='ltr'><strong>manibusque</strong></span> <span class='ocrx_word' id='word_1_121' title='bbox 1945 2033 2274 2099; x_wconf 84' lang='lat' dir='ltr'><strong>lacessunt</strong></span> 
     </span>
     <span class='ocr_line' id='line_1_20' title="bbox 427 2132 2155 2219; baseline 0 -22"><span class='ocrx_word' id='word_1_122' title='bbox 427 2132 707 2198; x_wconf 88' lang='lat' dir='ltr'><strong>Pectora</strong></span> <span class='ocrx_word' id='word_1_123' title='bbox 734 2133 965 2218; x_wconf 86' lang='lat' dir='ltr'><strong>plausa</strong></span> <span class='ocrx_word' id='word_1_124' title='bbox 995 2137 1189 2212; x_wconf 85' lang='lat' dir='ltr'><strong>cavis,</strong></span> <span class='ocrx_word' id='word_1_125' title='bbox 1222 2147 1289 2199; x_wconf 88' lang='lat' dir='ltr'><strong>et</strong></span> <span class='ocrx_word' id='word_1_126' title='bbox 1320 2135 1484 2200; x_wconf 89' lang='lat' dir='ltr'><strong>colla</strong></span> <span class='ocrx_word' id='word_1_127' title='bbox 1515 2135 1834 2201; x_wconf 85' lang='lat' dir='ltr'><strong>comantia</strong></span> <span class='ocrx_word' id='word_1_128' title='bbox 1861 2145 2155 2219; x_wconf 87' lang='lat' dir='ltr'><strong>pectunt.</strong></span> 
     </span>
     <span class='ocr_line' id='line_1_21' title="bbox 424 2233 2132 2320; baseline 0.002 -23"><span class='ocrx_word' id='word_1_129' title='bbox 424 2233 577 2318; x_wconf 84' lang='lat' dir='ltr'><strong>Ipse</strong></span> <span class='ocrx_word' id='word_1_130' title='bbox 607 2234 844 2298; x_wconf 88' lang='lat' dir='ltr'><strong>dehinc</strong></span> <span class='ocrx_word' id='word_1_131' title='bbox 873 2256 1034 2298; x_wconf 89' lang='lat' dir='ltr'><strong>auro</strong></span> <span class='ocrx_word' id='word_1_132' title='bbox 1066 2235 1465 2317; x_wconf 88' lang='lat' dir='ltr'><strong>squalentem</strong></span> <span class='ocrx_word' id='word_1_133' title='bbox 1496 2235 1775 2320; x_wconf 81' lang='lat' dir='ltr'><strong>alboque</strong></span> <span class='ocrx_word' id='word_1_134' title='bbox 1805 2235 2132 2300; x_wconf 90' lang='lat' dir='ltr'><strong>orichalco</strong></span> 
     </span>
     <span class='ocr_line' id='line_1_22' title="bbox 423 2334 2228 2421; baseline 0.002 -24"><span class='ocrx_word' id='word_1_135' title='bbox 423 2334 801 2400; x_wconf 89' lang='lat' dir='ltr'><strong>Circumdat</strong></span> <span class='ocrx_word' id='word_1_136' title='bbox 829 2334 1089 2399; x_wconf 88' lang='lat' dir='ltr'><strong>loricam</strong></span> <span class='ocrx_word' id='word_1_137' title='bbox 1119 2335 1441 2412; x_wconf 88' lang='lat' dir='ltr'><strong>humeris;</strong></span> <span class='ocrx_word' id='word_1_138' title='bbox 1488 2336 1678 2400; x_wconf 89' lang='lat' dir='ltr'><strong>simul</strong></span> <span class='ocrx_word' id='word_1_139' title='bbox 1707 2347 1890 2421; x_wconf 86' lang='lat' dir='ltr'><strong>aptat</strong></span> <span class='ocrx_word' id='word_1_140' title='bbox 1920 2336 2228 2401; x_wconf 89' lang='lat' dir='ltr'><strong>habendo</strong></span> 
     </span>
     <span class='ocr_line' id='line_1_23' title="bbox 423 2435 2135 2521; baseline 0.001 -23"><span class='ocrx_word' id='word_1_141' title='bbox 423 2435 799 2520; x_wconf 82' lang='lat' dir='ltr'><strong>Ensemque</strong></span> <span class='ocrx_word' id='word_1_142' title='bbox 829 2435 1235 2521; x_wconf 86' lang='lat' dir='ltr'><strong>clipeumque</strong></span> <span class='ocrx_word' id='word_1_143' title='bbox 1265 2447 1333 2500; x_wconf 89' lang='lat' dir='ltr'><strong>et</strong></span> <span class='ocrx_word' id='word_1_144' title='bbox 1360 2436 1579 2500; x_wconf 83' lang='lat' dir='ltr'><strong>rubrae</strong></span> <span class='ocrx_word' id='word_1_145' title='bbox 1608 2458 1850 2500; x_wconf 91' lang='lat' dir='ltr'><strong>cornua</strong></span> <span class='ocrx_word' id='word_1_146' title='bbox 1881 2438 2135 2514; x_wconf 84' lang='lat' dir='ltr'><strong>cristae3</strong></span> 
     </span>
    </p>

    <p class='ocr_par' dir='ltr' id='par_1_11' title="bbox 286 2535 2242 2724">
     <span class='ocr_line' id='line_1_24' title="bbox 286 2535 2242 2622; baseline 0.002 -24"><span class='ocrx_word' id='word_1_147' title='bbox 286 2535 379 2599; x_wconf 89' lang='grc'><strong>90</strong></span> <span class='ocrx_word' id='word_1_148' title='bbox 424 2535 693 2613; x_wconf 87' lang='lat' dir='ltr'><strong>Ensem‚</strong></span> <span class='ocrx_word' id='word_1_149' title='bbox 724 2556 917 2622; x_wconf 90' lang='lat' dir='ltr'><strong>quem</strong></span> <span class='ocrx_word' id='word_1_150' title='bbox 946 2537 1190 2602; x_wconf 89' lang='lat' dir='ltr'><strong>Dauno</strong></span> <span class='ocrx_word' id='word_1_151' title='bbox 1220 2538 1588 2622; x_wconf 88' lang='lat' dir='ltr'><strong>ignipotens</strong></span> <span class='ocrx_word' id='word_1_152' title='bbox 1619 2537 1784 2601; x_wconf 84' lang='lat' dir='ltr'><strong>deus</strong></span> <span class='ocrx_word' id='word_1_153' title='bbox 1816 2537 1958 2621; x_wconf 90' lang='lat' dir='ltr'><strong>ipse</strong></span> <span class='ocrx_word' id='word_1_154' title='bbox 1988 2539 2242 2622; x_wconf 85' lang='lat' dir='ltr'><strong>parenti</strong></span> 
     </span>
     <span class='ocr_line' id='line_1_25' title="bbox 419 2636 2022 2724; baseline 0.001 -24"><span class='ocrx_word' id='word_1_155' title='bbox 419 2636 717 2717; x_wconf 85' lang='lat' dir='ltr'><strong>Fecerat,</strong></span> <span class='ocrx_word' id='word_1_156' title='bbox 746 2648 814 2704; x_wconf 88' lang='lat' dir='ltr'><strong>et</strong></span> <span class='ocrx_word' id='word_1_157' title='bbox 842 2638 1070 2724; x_wconf 83' lang='lat' dir='ltr'><strong>Stygia</strong></span> <span class='ocrx_word' id='word_1_158' title='bbox 1098 2637 1483 2704; x_wconf 87' lang='lat' dir='ltr'><strong>candentem</strong></span> <span class='ocrx_word' id='word_1_159' title='bbox 1512 2638 1798 2704; x_wconf 84' lang='lat' dir='ltr'><strong>tinxerat</strong></span> <span class='ocrx_word' id='word_1_160' title='bbox 1826 2636 2022 2704; x_wconf 87' lang='lat' dir='ltr'><strong>unda.</strong></span> 
     </span>
    </p>
   </div>
   <div class='ocr_carea' id='block_1_4' title="bbox 234 2892 1373 4556">
    <p class='ocr_par' dir='ltr' id='par_1_12' title="bbox 245 2892 1373 3458">
     <span class='ocr_line' id='line_1_26' title="bbox 247 2892 1371 2954; baseline 0.004 -16"><span class='ocrx_word' id='word_1_161' title='bbox 247 2900 425 2948; x_wconf 78' lang='lat' dir='ltr'><strong>autem,</strong></span> <span class='ocrx_word' id='word_1_162' title='bbox 443 2892 610 2938; x_wconf 76' lang='lat' dir='ltr'><strong>Indum</strong></span> <span class='ocrx_word' id='word_1_163' title='bbox 626 2894 875 2954; x_wconf 72' lang='lat' dir='ltr'><strong>sanguineo</strong></span> <span class='ocrx_word' id='word_1_164' title='bbox 892 2895 1223 2942; x_wconf 76' lang='lat' dir='ltr'><strong>veluti—Alba</strong></span> <span class='ocrx_word' id='word_1_165' title='bbox 1240 2911 1343 2942; x_wconf 72' lang='lat' dir='ltr'><strong>rosa</strong></span> <span class='ocrx_word' id='word_1_166' title='bbox 1355 2914 1371 2942; x_wconf 86' lang='lat'><strong>.-</strong></span> 
     </span>
     <span class='ocr_line' id='line_1_27' title="bbox 248 2953 1373 3021; baseline 0.004 -19"><span class='ocrx_word' id='word_1_167' title='bbox 248 2953 405 3016; x_wconf 73' lang='lat' dir='ltr'><strong>qualia</strong></span> <span class='ocrx_word' id='word_1_168' title='bbox 445 2963 548 3002; x_wconf 88' lang='lat' dir='ltr'><strong>tum</strong></span> <span class='ocrx_word' id='word_1_169' title='bbox 585 2953 719 3003; x_wconf 87' lang='lat' dir='ltr'><strong>color</strong></span> <span class='ocrx_word' id='word_1_170' title='bbox 762 2970 867 3003; x_wconf 80' lang='lat' dir='ltr'><strong>esae</strong></span> <span class='ocrx_word' id='word_1_171' title='bbox 907 2956 1045 3015; x_wconf 75' lang='lat' dir='ltr'><strong>colet,</strong></span> <span class='ocrx_word' id='word_1_172' title='bbox 1087 2961 1203 3007; x_wconf 71' lang='lat' dir='ltr'><strong>tales</strong></span> <span class='ocrx_word' id='word_1_173' title='bbox 1246 2962 1373 3021; x_wconf 78' lang='lat' dir='ltr'><strong>virgo</strong></span> 
     </span>
     <span class='ocr_line' id='line_1_28' title="bbox 246 3019 1367 3071; baseline 0.006 -7"><span class='ocrx_word' id='word_1_174' title='bbox 246 3020 389 3066; x_wconf 74' lang='lat' dir='ltr'><strong>dabat</strong></span> <span class='ocrx_word' id='word_1_175' title='bbox 412 3035 487 3066; x_wconf 82' lang='lat' dir='ltr'><strong>ore</strong></span> <span class='ocrx_word' id='word_1_176' title='bbox 509 3021 705 3068; x_wconf 72' lang='lat' dir='ltr'><strong>colores:</strong></span> <span class='ocrx_word' id='word_1_177' title='bbox 740 3019 851 3068; x_wconf 78' lang='lat' dir='ltr'><strong>talia</strong></span> <span class='ocrx_word' id='word_1_178' title='bbox 886 3021 1020 3069; x_wconf 86' lang='lat' dir='ltr'><strong>color</strong></span> <span class='ocrx_word' id='word_1_179' title='bbox 1054 3032 1159 3070; x_wconf 83' lang='lat' dir='ltr'><strong>erat</strong></span> <span class='ocrx_word' id='word_1_180' title='bbox 1194 3022 1247 3071; x_wconf 92' lang='lat' dir='ltr'><strong>in</strong></span> <span class='ocrx_word' id='word_1_181' title='bbox 1272 3023 1367 3071; x_wconf 79' lang='lat' dir='ltr'><strong>vir-</strong></span> 
     </span>
     <span class='ocr_line' id='line_1_29' title="bbox 245 3097 1289 3145; baseline 0.001 -15"><span class='ocrx_word' id='word_1_182' title='bbox 245 3097 377 3145; x_wconf 68' lang='lat' dir='ltr'><strong>gime</strong></span> <span class='ocrx_word' id='word_1_183' title='bbox 398 3097 496 3131; x_wconf 88' lang='lat' dir='ltr'><strong>ore.</strong></span> <span class='ocrx_word' id='word_1_184' title='bbox 1282 3109 1289 3117; x_wconf 89' lang='lat'>·</span> 
     </span>
     <span class='ocr_line' id='line_1_30' title="bbox 312 3145 1367 3214; baseline 0.001 -17"><span class='ocrx_word' id='word_1_185' title='bbox 312 3146 389 3204; x_wconf 87' lang='lat'><strong>70,</strong></span> <span class='ocrx_word' id='word_1_186' title='bbox 416 3146 492 3197; x_wconf 90' lang='grc'><strong>71.</strong></span> <span class='ocrx_word' id='word_1_187' title='bbox 532 3145 601 3194; x_wconf 84' lang='lat' dir='ltr'><strong>Ut</strong></span> <span class='ocrx_word' id='word_1_188' title='bbox 622 3146 727 3210; x_wconf 75' lang='lat' dir='ltr'><strong>ipae</strong></span> <span class='ocrx_word' id='word_1_189' title='bbox 750 3149 897 3197; x_wconf 88' lang='lat' dir='ltr'><strong>rubor</strong></span> <span class='ocrx_word' id='word_1_190' title='bbox 914 3149 1118 3198; x_wconf 80' lang='lat' dir='ltr'><strong>decebat</strong></span> <span class='ocrx_word' id='word_1_191' title='bbox 1139 3149 1367 3214; x_wconf 80' lang='lat' dir='ltr'><strong>puellam,</strong></span> 
     </span>
     <span class='ocr_line' id='line_1_31' title="bbox 247 3210 1365 3276; baseline 0.002 -17"><span class='ocrx_word' id='word_1_192' title='bbox 247 3211 445 3259; x_wconf 82' lang='lat' dir='ltr'><strong>Turnus</strong></span> <span class='ocrx_word' id='word_1_193' title='bbox 469 3210 689 3258; x_wconf 78' lang='lat' dir='ltr'><strong>Lavinioe</strong></span> <span class='ocrx_word' id='word_1_194' title='bbox 708 3226 872 3260; x_wconf 87' lang='lat' dir='ltr'><strong>amore</strong></span> <span class='ocrx_word' id='word_1_195' title='bbox 889 3213 1044 3276; x_wconf 75' lang='lat' dir='ltr'><strong>magis</strong></span> <span class='ocrx_word' id='word_1_196' title='bbox 1061 3213 1365 3262; x_wconf 82' lang='lat' dir='ltr'><strong>incenditur:</strong></span> 
     </span>
     <span class='ocr_line' id='line_1_32' title="bbox 245 3274 1367 3350; baseline 0.004 -29"><span class='ocrx_word' id='word_1_197' title='bbox 245 3289 337 3322; x_wconf 87' lang='lat' dir='ltr'><strong>nec</strong></span> <span class='ocrx_word' id='word_1_198' title='bbox 372 3283 533 3321; x_wconf 86' lang='lat' dir='ltr'><strong>tamen</strong></span> <span class='ocrx_word' id='word_1_199' title='bbox 569 3274 831 3350; x_wconf 68' lang='lat' dir='ltr'><strong>alloquitur</strong></span> <span class='ocrx_word' id='word_1_200' title='bbox 860 3291 981 3333; x_wconf 85' lang='lat' dir='ltr'><strong>eam,</strong></span> <span class='ocrx_word' id='word_1_201' title='bbox 1004 3277 1091 3325; x_wconf 82' lang='lat' dir='ltr'><strong>sed</strong></span> <span class='ocrx_word' id='word_1_202' title='bbox 1128 3276 1282 3325; x_wconf 72' lang='lat' dir='ltr'><strong>oculis</strong></span> <span class='ocrx_word' id='word_1_203' title='bbox 1316 3277 1367 3326; x_wconf 83' lang='lat' dir='ltr'><strong>in</strong></span> 
     </span>
     <span class='ocr_line' id='line_1_33' title="bbox 245 3340 1369 3458; baseline 0.004 -9"><span class='ocrx_word' id='word_1_204' title='bbox 245 3340 1369 3458; x_wconf 43' lang='lat' dir='ltr'><strong>ffissuffiffiffiffizffisssssszfflfflt‘</strong></span> 
     </span>
    </p>

    <p class='ocr_par' dir='ltr' id='par_1_13' title="bbox 234 3465 1367 4026">
     <span class='ocr_line' id='line_1_34' title="bbox 308 3465 1365 3532; baseline 0.004 -20"><span class='ocrx_word' id='word_1_205' title='bbox 308 3465 514 3516; x_wconf 83' lang='lat'>72—76.</span> <span class='ocrx_word' id='word_1_206' title='bbox 554 3469 711 3514; x_wconf 73' lang='lat' dir='ltr'><strong>Omine</strong></span> <span class='ocrx_word' id='word_1_207' title='bbox 733 3475 895 3522; x_wconf 60' lang='lat' dir='ltr'><strong>tantm·</strong></span> <span class='ocrx_word' id='word_1_208' title='bbox 928 3468 1049 3532; x_wconf 69' lang='lat' dir='ltr'><strong>ipsis</strong></span> <span class='ocrx_word' id='word_1_209' title='bbox 1068 3468 1283 3518; x_wconf 78' lang='lat' dir='ltr'><strong>lacrimis</strong></span> <span class='ocrx_word' id='word_1_210' title='bbox 1311 3485 1365 3516; x_wconf 91' lang='lat' dir='ltr'><strong>o-</strong></span> 
     </span>
     <span class='ocr_line' id='line_1_35' title="bbox 247 3527 1367 3594; baseline 0.003 -17"><span class='ocrx_word' id='word_1_211' title='bbox 247 3527 449 3578; x_wconf 74' lang='lat' dir='ltr'><strong>minosis</strong></span> <span class='ocrx_word' id='word_1_212' title='bbox 472 3529 525 3578; x_wconf 90' lang='lat' dir='ltr'><strong>in</strong></span> <span class='ocrx_word' id='word_1_213' title='bbox 547 3530 683 3578; x_wconf 82' lang='lat' dir='ltr'><strong>exitu</strong></span> <span class='ocrx_word' id='word_1_214' title='bbox 705 3531 767 3578; x_wconf 89' lang='lat' dir='ltr'><strong>ad</strong></span> <span class='ocrx_word' id='word_1_215' title='bbox 788 3547 1017 3594; x_wconf 75' lang='lat' dir='ltr'><strong>pugnam.</strong></span> <span class='ocrx_word' id='word_1_216' title='bbox 1066 3535 1227 3594; x_wconf 75' lang='lat' dir='ltr'><strong>Neque</strong></span> <span class='ocrx_word' id='word_1_217' title='bbox 1248 3536 1367 3582; x_wconf 73' lang='lat' dir='ltr'><strong>enim</strong></span> 
     </span>
     <span class='ocr_line' id='line_1_36' title="bbox 250 3595 1367 3646; baseline 0.004 -5"><span class='ocrx_word' id='word_1_218' title='bbox 250 3595 403 3641; x_wconf 74' lang='lat' dir='ltr'><strong>Tamo</strong></span> <span class='ocrx_word' id='word_1_219' title='bbox 432 3611 556 3642; x_wconf 82' lang='lat' dir='ltr'><strong>mora</strong></span> <span class='ocrx_word' id='word_1_220' title='bbox 589 3597 737 3642; x_wconf 66' lang='lat' dir='ltr'><strong>lihera</strong></span> <span class='ocrx_word' id='word_1_221' title='bbox 757 3600 915 3643; x_wconf 72' lang='lat' dir='ltr'><strong>mortis</strong></span> <span class='ocrx_word' id='word_1_222' title='bbox 930 3615 946 3644; x_wconf 93' lang='lat'><em>:</em></span> <span class='ocrx_word' id='word_1_223' title='bbox 981 3596 1023 3645; x_wconf 79' lang='lat' dir='ltr'><strong>si</strong></span> <span class='ocrx_word' id='word_1_224' title='bbox 1052 3611 1183 3645; x_wconf 79' lang='lat' dir='ltr'><strong>mors</strong></span> <span class='ocrx_word' id='word_1_225' title='bbox 1206 3597 1367 3646; x_wconf 78' lang='lat' dir='ltr'><strong>fatalis</strong></span> 
     </span>
     <span class='ocr_line' id='line_1_37' title="bbox 242 3656 1362 3716; baseline 0.004 -11"><span class='ocrx_word' id='word_1_226' title='bbox 242 3656 405 3716; x_wconf 73' lang='lat' dir='ltr'><strong>instat,</strong></span> <span class='ocrx_word' id='word_1_227' title='bbox 430 3672 529 3706; x_wconf 88' lang='lat' dir='ltr'><strong>non</strong></span> <span class='ocrx_word' id='word_1_228' title='bbox 550 3657 759 3706; x_wconf 87' lang='lat' dir='ltr'><strong>liberum</strong></span> <span class='ocrx_word' id='word_1_229' title='bbox 782 3660 903 3706; x_wconf 88' lang='lat' dir='ltr'><strong>mihi</strong></span> <span class='ocrx_word' id='word_1_230' title='bbox 930 3669 1005 3708; x_wconf 77' lang='lat' dir='ltr'><strong>est</strong></span> <span class='ocrx_word' id='word_1_231' title='bbox 1026 3661 1072 3708; x_wconf 88' lang='lat' dir='ltr'><strong>ei</strong></span> <span class='ocrx_word' id='word_1_232' title='bbox 1104 3677 1263 3709; x_wconf 79' lang='lat' dir='ltr'><strong>moras</strong></span> <span class='ocrx_word' id='word_1_233' title='bbox 1286 3661 1362 3708; x_wconf 90' lang='lat' dir='ltr'><strong>in-</strong></span> 
     </span>
     <span class='ocr_line' id='line_1_38' title="bbox 234 3721 1365 3795; baseline 0.004 -27"><span class='ocrx_word' id='word_1_234' title='bbox 234 3721 401 3795; x_wconf 71' lang='lat' dir='ltr'><strong>Jicere.</strong></span> <span class='ocrx_word' id='word_1_235' title='bbox 460 3722 591 3770; x_wconf 85' lang='lat' dir='ltr'><strong>Vera</strong></span> <span class='ocrx_word' id='word_1_236' title='bbox 620 3721 770 3784; x_wconf 74' lang='lat' dir='ltr'><strong>igitur</strong></span> <span class='ocrx_word' id='word_1_237' title='bbox 798 3723 950 3772; x_wconf 87' lang='lat' dir='ltr'><strong>altera</strong></span> <span class='ocrx_word' id='word_1_238' title='bbox 979 3724 1109 3787; x_wconf 85' lang='lat' dir='ltr'><strong>apud</strong></span> <span class='ocrx_word' id='word_1_239' title='bbox 1140 3724 1365 3772; x_wconf 84' lang='lat' dir='ltr'><strong>Servium</strong></span> 
     </span>
     <span class='ocr_line' id='line_1_39' title="bbox 240 3789 1363 3847; baseline 0.003 -14"><span class='ocrx_word' id='word_1_240' title='bbox 240 3795 387 3834; x_wconf 74' lang='lat' dir='ltr'><strong>ratio:</strong></span> <span class='ocrx_word' id='word_1_241' title='bbox 408 3802 551 3847; x_wconf 72' lang='lat' dir='ltr'><strong>neque</strong></span> <span class='ocrx_word' id='word_1_242' title='bbox 562 3789 681 3834; x_wconf 75' lang='lat' dir='ltr'><strong>enim</strong></span> <span class='ocrx_word' id='word_1_243' title='bbox 694 3789 743 3834; x_wconf 75' lang='lat' dir='ltr'><strong>in</strong></span> <span class='ocrx_word' id='word_1_244' title='bbox 752 3793 977 3846; x_wconf 67' lang='lat' dir='ltr'><strong>potestate</strong></span> <span class='ocrx_word' id='word_1_245' title='bbox 990 3804 1091 3836; x_wconf 75' lang='lat' dir='ltr'><strong>mea</strong></span> <span class='ocrx_word' id='word_1_246' title='bbox 1102 3797 1184 3845; x_wconf 65' lang='lat' dir='ltr'><strong>eat,</strong></span> <span class='ocrx_word' id='word_1_247' title='bbox 1195 3806 1363 3836; x_wconf 79' lang='lat' dir='ltr'><strong>moram</strong></span> 
     </span>
     <span class='ocr_line' id='line_1_40' title="bbox 242 3847 1361 3912; baseline 0.004 -16"><span class='ocrx_word' id='word_1_248' title='bbox 242 3848 413 3911; x_wconf 59' lang='lat' dir='ltr'><strong>infern</strong></span> <span class='ocrx_word' id='word_1_249' title='bbox 434 3853 715 3898; x_wconf 74' lang='lat' dir='ltr'><strong>venientibus</strong></span> <span class='ocrx_word' id='word_1_250' title='bbox 734 3847 875 3911; x_wconf 73' lang='lat' dir='ltr'><strong>satis.</strong></span> <span class='ocrx_word' id='word_1_251' title='bbox 931 3853 1079 3900; x_wconf 80' lang='lat' dir='ltr'><strong>Haud</strong></span> <span class='ocrx_word' id='word_1_252' title='bbox 1108 3855 1361 3912; x_wconf 74' lang='lat' dir='ltr'><strong>placitura,</strong></span> 
     </span>
     <span class='ocr_line' id='line_1_41' title="bbox 242 3913 1363 3978; baseline 0.003 -17"><span class='ocrx_word' id='word_1_253' title='bbox 242 3923 468 3975; x_wconf 75' lang='lat' dir='ltr'><strong>tanquam</strong></span> <span class='ocrx_word' id='word_1_254' title='bbox 512 3913 691 3976; x_wconf 73' lang='lat' dir='ltr'><strong>ignavo</strong></span> <span class='ocrx_word' id='word_1_255' title='bbox 736 3913 922 3973; x_wconf 78' lang='lat' dir='ltr'><strong>AEneae,</strong></span> <span class='ocrx_word' id='word_1_256' title='bbox 970 3915 1053 3978; x_wconf 88' lang='lat' dir='ltr'><strong>qui</strong></span> <span class='ocrx_word' id='word_1_257' title='bbox 1100 3925 1363 3964; x_wconf 81' lang='lat' dir='ltr'><strong>retractare</strong></span> 
     </span>
     <span class='ocr_line' id='line_1_42' title="bbox 240 3977 550 4026; baseline 0 0"><span class='ocrx_word' id='word_1_258' title='bbox 240 3977 385 4026; x_wconf 82' lang='lat' dir='ltr'><strong>vellet</strong></span> <span class='ocrx_word' id='word_1_259' title='bbox 407 3978 550 4026; x_wconf 84' lang='lat' dir='ltr'><strong>dicta.</strong></span> 
     </span>
    </p>

    <p class='ocr_par' dir='ltr' id='par_1_14' title="bbox 240 4042 1365 4358">
     <span class='ocr_line' id='line_1_43' title="bbox 293 4042 1360 4108; baseline 0.003 -18"><span class='ocrx_word' id='word_1_260' title='bbox 293 4043 499 4090; x_wconf 80' lang='lat'>83—86.</span> <span class='ocrx_word' id='word_1_261' title='bbox 522 4042 720 4092; x_wconf 86' lang='lat' dir='ltr'><strong>Poetico</strong></span> <span class='ocrx_word' id='word_1_262' title='bbox 730 4058 865 4091; x_wconf 87' lang='lat' dir='ltr'><strong>more</strong></span> <span class='ocrx_word' id='word_1_263' title='bbox 874 4059 1105 4105; x_wconf 86' lang='lat' dir='ltr'><strong>equorum</strong></span> <span class='ocrx_word' id='word_1_264' title='bbox 1116 4059 1271 4108; x_wconf 80' lang='lat' dir='ltr'><strong>genus</strong></span> <span class='ocrx_word' id='word_1_265' title='bbox 1280 4061 1360 4093; x_wconf 89' lang='lat' dir='ltr'><strong>or-</strong></span> 
     </span>
     <span class='ocr_line' id='line_1_44' title="bbox 240 4106 1365 4170; baseline 0.002 -16"><span class='ocrx_word' id='word_1_266' title='bbox 240 4114 337 4154; x_wconf 84' lang='lat' dir='ltr'><strong>nat.</strong></span> <span class='ocrx_word' id='word_1_267' title='bbox 364 4107 491 4155; x_wconf 89' lang='lat' dir='ltr'><strong>Sunt</strong></span> <span class='ocrx_word' id='word_1_268' title='bbox 502 4107 554 4154; x_wconf 89' lang='lat' dir='ltr'><strong>hi</strong></span> <span class='ocrx_word' id='word_1_269' title='bbox 573 4106 729 4155; x_wconf 86' lang='lat' dir='ltr'><strong>Turni</strong></span> <span class='ocrx_word' id='word_1_270' title='bbox 748 4107 859 4170; x_wconf 85' lang='lat' dir='ltr'><strong>equi</strong></span> <span class='ocrx_word' id='word_1_271' title='bbox 874 4123 937 4156; x_wconf 84' lang='lat' dir='ltr'><strong>ex</strong></span> <span class='ocrx_word' id='word_1_272' title='bbox 948 4108 1171 4166; x_wconf 83' lang='lat' dir='ltr'><strong>Thracia,</strong></span> <span class='ocrx_word' id='word_1_273' title='bbox 1192 4109 1365 4158; x_wconf 65' lang='lat' dir='ltr'><strong>Boreae</strong></span> 
     </span>
     <span class='ocr_line' id='line_1_45' title="bbox 241 4169 1360 4235; baseline 0.002 -17"><span class='ocrx_word' id='word_1_274' title='bbox 241 4169 369 4227; x_wconf 75' lang='lat' dir='ltr'><strong>sede,</strong></span> <span class='ocrx_word' id='word_1_275' title='bbox 390 4173 529 4232; x_wconf 76' lang='lat' dir='ltr'><strong>cujus</strong></span> <span class='ocrx_word' id='word_1_276' title='bbox 552 4185 677 4219; x_wconf 84' lang='lat' dir='ltr'><strong>uxor</strong></span> <span class='ocrx_word' id='word_1_277' title='bbox 693 4170 919 4235; x_wconf 84' lang='lat' dir='ltr'><strong>Orithyia</strong></span> <span class='ocrx_word' id='word_1_278' title='bbox 940 4187 1003 4219; x_wconf 82' lang='lat' dir='ltr'><strong>ex</strong></span> <span class='ocrx_word' id='word_1_279' title='bbox 1026 4171 1205 4220; x_wconf 85' lang='lat' dir='ltr'><strong>Attica.</strong></span> <span class='ocrx_word' id='word_1_280' title='bbox 1266 4175 1360 4220; x_wconf 81' lang='lat' dir='ltr'><strong>La-</strong></span> 
     </span>
     <span class='ocr_line' id='line_1_46' title="bbox 246 4235 1361 4300; baseline 0 -16"><span class='ocrx_word' id='word_1_281' title='bbox 246 4243 423 4284; x_wconf 67' lang='lat' dir='ltr'><strong>assunt</strong></span> <span class='ocrx_word' id='word_1_282' title='bbox 450 4239 633 4297; x_wconf 61' lang='lat' dir='ltr'><strong>plausa,</strong></span> <span class='ocrx_word' id='word_1_283' title='bbox 668 4245 837 4284; x_wconf 82' lang='lat' dir='ltr'><strong>ornate</strong></span> <span class='ocrx_word' id='word_1_284' title='bbox 863 4251 967 4300; x_wconf 82' lang='lat' dir='ltr'><strong>pro,</strong></span> <span class='ocrx_word' id='word_1_285' title='bbox 1002 4235 1267 4299; x_wconf 82' lang='lat' dir='ltr'><strong>plaudunt:</strong></span> <span class='ocrx_word' id='word_1_286' title='bbox 1302 4236 1361 4284; x_wconf 77' lang='lat' dir='ltr'><strong>cf.</strong></span> 
     </span>
     <span class='ocr_line' id='line_1_47' title="bbox 241 4298 1361 4358; baseline -0.002 -10"><span class='ocrx_word' id='word_1_287' title='bbox 241 4299 359 4348; x_wconf 88' lang='lat' dir='ltr'><strong>Geo.</strong></span> <span class='ocrx_word' id='word_1_288' title='bbox 374 4299 444 4358; x_wconf 86' lang='lat' dir='ltr'><strong>iii,</strong></span> <span class='ocrx_word' id='word_1_289' title='bbox 462 4299 567 4348; x_wconf 79' lang='lat'><strong>186.</strong></span> <span class='ocrx_word' id='word_1_290' title='bbox 608 4300 686 4347; x_wconf 86' lang='lat' dir='ltr'><strong>De</strong></span> <span class='ocrx_word' id='word_1_291' title='bbox 696 4315 797 4348; x_wconf 85' lang='lat' dir='ltr'><strong>voc.</strong></span> <span class='ocrx_word' id='word_1_292' title='bbox 810 4303 1027 4350; x_wconf 71' lang='lat' dir='ltr'><strong>lacessere</strong></span> <span class='ocrx_word' id='word_1_293' title='bbox 1040 4298 1137 4347; x_wconf 81' lang='lat' dir='ltr'><strong>vid.</strong></span> <span class='ocrx_word' id='word_1_294' title='bbox 1150 4299 1213 4346; x_wconf 85' lang='lat' dir='ltr'><strong>ad</strong></span> <span class='ocrx_word' id='word_1_295' title='bbox 1224 4315 1273 4357; x_wconf 78' lang='lat' dir='ltr'><strong>x,</strong></span> <span class='ocrx_word' id='word_1_296' title='bbox 1290 4300 1361 4347; x_wconf 84' lang='lat'><strong>10.</strong></span> 
     </span>
    </p>

    <p class='ocr_par' dir='ltr' id='par_1_15' title="bbox 236 4362 1361 4556">
     <span class='ocr_line' id='line_1_48' title="bbox 303 4362 1357 4428; baseline 0.001 -18"><span class='ocrx_word' id='word_1_297' title='bbox 303 4362 509 4413; x_wconf 83' lang='lat'>87—91.</span> <span class='ocrx_word' id='word_1_298' title='bbox 546 4367 833 4426; x_wconf 74' lang='lat' dir='ltr'><strong>Squatentem</strong></span> <span class='ocrx_word' id='word_1_299' title='bbox 854 4380 980 4422; x_wconf 76' lang='lat' dir='ltr'><strong>auro,</strong></span> <span class='ocrx_word' id='word_1_300' title='bbox 1005 4363 1357 4428; x_wconf 85' lang='lat' dir='ltr'><strong>splendentem.</strong></span> 
     </span>
     <span class='ocr_line' id='line_1_49' title="bbox 236 4427 1361 4477; baseline 0 -3"><span class='ocrx_word' id='word_1_301' title='bbox 236 4427 357 4474; x_wconf 71' lang='lat' dir='ltr'><strong>Albo</strong></span> <span class='ocrx_word' id='word_1_302' title='bbox 377 4430 615 4476; x_wconf 73' lang='lat' dir='ltr'><strong>orichalco.</strong></span> <span class='ocrx_word' id='word_1_303' title='bbox 670 4429 797 4476; x_wconf 87' lang='lat' dir='ltr'><strong>Cum</strong></span> <span class='ocrx_word' id='word_1_304' title='bbox 834 4429 895 4477; x_wconf 86' lang='lat' dir='ltr'><strong>de</strong></span> <span class='ocrx_word' id='word_1_305' title='bbox 930 4427 1140 4477; x_wconf 78' lang='lat' dir='ltr'><strong>metallis</strong></span> <span class='ocrx_word' id='word_1_306' title='bbox 1161 4427 1361 4475; x_wconf 87' lang='lat' dir='ltr'><strong>omnino</strong></span> 
     </span>
     <span class='ocr_line' id='line_1_50' title="bbox 238 4491 1361 4556; baseline 0 -18"><span class='ocrx_word' id='word_1_307' title='bbox 238 4491 401 4550; x_wconf 83' lang='lat' dir='ltr'><strong>multa,</strong></span> <span class='ocrx_word' id='word_1_308' title='bbox 440 4491 535 4540; x_wconf 82' lang='lat' dir='ltr'><strong>fide</strong></span> <span class='ocrx_word' id='word_1_309' title='bbox 574 4507 749 4556; x_wconf 83' lang='lat' dir='ltr'><strong>parum</strong></span> <span class='ocrx_word' id='word_1_310' title='bbox 794 4493 1055 4556; x_wconf 81' lang='lat' dir='ltr'><strong>explorata,</strong></span> <span class='ocrx_word' id='word_1_311' title='bbox 1099 4491 1361 4542; x_wconf 85' lang='lat' dir='ltr'><strong>crediderit</strong></span> 
     </span>
    </p>
   </div>
   <div class='ocr_carea' id='block_1_5' title="bbox 1424 2893 2561 4558">
    <p class='ocr_par' dir='ltr' id='par_1_16' title="bbox 1424 2893 2561 4558">
     <span class='ocr_line' id='line_1_51' title="bbox 1436 2893 2561 2958; baseline 0.003 -17"><span class='ocrx_word' id='word_1_312' title='bbox 1436 2902 1681 2950; x_wconf 55' lang='lat' dir='ltr'><strong>vetustam</strong></span> <span class='ocrx_word' id='word_1_313' title='bbox 1709 2895 1856 2943; x_wconf 88' lang='lat' dir='ltr'><strong>etiam</strong></span> <span class='ocrx_word' id='word_1_314' title='bbox 1908 2893 2140 2943; x_wconf 84' lang='lat' dir='ltr'><strong>retiosum</strong></span> <span class='ocrx_word' id='word_1_315' title='bbox 2159 2893 2351 2958; x_wconf 84' lang='lat' dir='ltr'><strong>aliquod</strong></span> <span class='ocrx_word' id='word_1_316' title='bbox 2374 2903 2425 2944; x_wconf 83' lang='lat' dir='ltr'><strong>et</strong></span> <span class='ocrx_word' id='word_1_317' title='bbox 2442 2911 2561 2944; x_wconf 87' lang='lat' dir='ltr'><strong>auro</strong></span> 
     </span>
     <span class='ocr_line' id='line_1_52' title="bbox 1437 2959 2555 3023; baseline 0.002 -17"><span class='ocrx_word' id='word_1_318' title='bbox 1437 2959 1714 3021; x_wconf 84' lang='lat' dir='ltr'><strong>proximum</strong></span> <span class='ocrx_word' id='word_1_319' title='bbox 1739 2973 1816 3006; x_wconf 87' lang='lat' dir='ltr'><strong>me</strong></span> <span class='ocrx_word' id='word_1_320' title='bbox 1905 2975 1989 3007; x_wconf 90' lang='lat' dir='ltr'><strong>um</strong></span> <span class='ocrx_word' id='word_1_321' title='bbox 2019 2967 2219 3007; x_wconf 87' lang='lat' dir='ltr'><strong>narrant</strong></span> <span class='ocrx_word' id='word_1_322' title='bbox 2248 2969 2406 3023; x_wconf 80' lang='lat' dir='ltr'><strong>poetae</strong></span> <span class='ocrx_word' id='word_1_323' title='bbox 2436 2959 2555 3021; x_wconf 77' lang='grc' dir='ltr'><strong><em>ὀρεί-</em></strong></span> 
     </span>
     <span class='ocr_line' id='line_1_53' title="bbox 1436 3023 2557 3088; baseline 0.003 -17"><span class='ocrx_word' id='word_1_324' title='bbox 1436 3031 1640 3083; x_wconf 74' lang='grc' dir='ltr'><strong><em>χαλκον.</em></strong></span> <span class='ocrx_word' id='word_1_325' title='bbox 1687 3023 1824 3072; x_wconf 76' lang='lat' dir='ltr'><strong>AEris</strong></span> <span class='ocrx_word' id='word_1_326' title='bbox 1839 3039 1995 3086; x_wconf 77' lang='lat' dir='ltr'><strong>genus</strong></span> <span class='ocrx_word' id='word_1_327' title='bbox 2015 3023 2212 3086; x_wconf 87' lang='lat' dir='ltr'><strong>aliquod</strong></span> <span class='ocrx_word' id='word_1_328' title='bbox 2231 3023 2460 3088; x_wconf 72' lang='lat' dir='ltr'><strong>pallidius</strong></span> <span class='ocrx_word' id='word_1_329' title='bbox 2479 3024 2557 3074; x_wconf 76' lang='lat' dir='ltr'><strong>fu-</strong></span> 
     </span>
     <span class='ocr_line' id='line_1_54' title="bbox 1436 3085 2557 3151; baseline 0 -15"><span class='ocrx_word' id='word_1_330' title='bbox 1436 3085 1534 3136; x_wconf 70' lang='lat' dir='ltr'><strong>isse</strong></span> <span class='ocrx_word' id='word_1_331' title='bbox 1579 3102 1642 3135; x_wconf 85' lang='lat' dir='ltr'><strong>ex</strong></span> <span class='ocrx_word' id='word_1_332' title='bbox 1685 3089 1776 3136; x_wconf 84' lang='lat' dir='ltr'><strong>hoe</strong></span> <span class='ocrx_word' id='word_1_333' title='bbox 1821 3087 2095 3150; x_wconf 75' lang='lat' dir='ltr'><strong>virgiliano</strong></span> <span class='ocrx_word' id='word_1_334' title='bbox 2139 3087 2245 3136; x_wconf 88' lang='lat' dir='ltr'><strong>loco</strong></span> <span class='ocrx_word' id='word_1_335' title='bbox 2297 3087 2557 3151; x_wconf 78' lang='lat' dir='ltr'><strong>colligitur.</strong></span> 
     </span>
     <span class='ocr_line' id='line_1_55' title="bbox 1434 3151 2554 3212; baseline 0.003 -14"><span class='ocrx_word' id='word_1_336' title='bbox 1434 3155 1585 3212; x_wconf 66' lang='lat' dir='ltr'><strong>Apta!</strong></span> <span class='ocrx_word' id='word_1_337' title='bbox 1605 3154 1822 3208; x_wconf 69' lang='lat' dir='ltr'><strong>habendo,</strong></span> <span class='ocrx_word' id='word_1_338' title='bbox 1845 3151 1909 3199; x_wconf 83' lang='lat' dir='ltr'><strong>ad</strong></span> <span class='ocrx_word' id='word_1_339' title='bbox 1929 3151 2221 3210; x_wconf 85' lang='lat' dir='ltr'><strong>habendum,</strong></span> <span class='ocrx_word' id='word_1_340' title='bbox 2241 3152 2289 3200; x_wconf 74' lang='lat' dir='ltr'><strong>h.</strong></span> <span class='ocrx_word' id='word_1_341' title='bbox 2315 3169 2355 3201; x_wconf 88' lang='lat' dir='ltr'><strong>e.</strong></span> <span class='ocrx_word' id='word_1_342' title='bbox 2384 3160 2439 3200; x_wconf 87' lang='lat' dir='ltr'><strong>ut</strong></span> <span class='ocrx_word' id='word_1_343' title='bbox 2467 3152 2554 3201; x_wconf 88' lang='lat' dir='ltr'><strong>ha-</strong></span> 
     </span>
     <span class='ocr_line' id='line_1_56' title="bbox 1434 3215 2555 3290; baseline 0.003 -28"><span class='ocrx_word' id='word_1_344' title='bbox 1434 3215 1550 3262; x_wconf 80' lang='lat' dir='ltr'><strong>bere</strong></span> <span class='ocrx_word' id='word_1_345' title='bbox 1568 3229 1678 3262; x_wconf 89' lang='lat' dir='ltr'><strong>eum</strong></span> <span class='ocrx_word' id='word_1_346' title='bbox 1695 3215 1947 3263; x_wconf 88' lang='lat' dir='ltr'><strong>commode</strong></span> <span class='ocrx_word' id='word_1_347' title='bbox 1965 3231 2112 3264; x_wconf 81' lang='lat' dir='ltr'><strong>rnanu</strong></span> <span class='ocrx_word' id='word_1_348' title='bbox 2135 3232 2189 3264; x_wconf 85' lang='lat' dir='ltr'><strong>ac</strong></span> <span class='ocrx_word' id='word_1_349' title='bbox 2213 3226 2419 3264; x_wconf 81' lang='lat' dir='ltr'><strong>tractare</strong></span> <span class='ocrx_word' id='word_1_350' title='bbox 2441 3233 2555 3290; x_wconf 76' lang='lat' dir='ltr'><strong>pos-</strong></span> 
     </span>
     <span class='ocr_line' id='line_1_57' title="bbox 1434 3278 2554 3352; baseline 0.003 -27"><span class='ocrx_word' id='word_1_351' title='bbox 1434 3278 1499 3325; x_wconf 79' lang='lat' dir='ltr'><strong>sit</strong></span> <span class='ocrx_word' id='word_1_352' title='bbox 1512 3297 1538 3352; x_wconf 50' lang='grc' dir='ltr'><strong>ς·</strong></span> <span class='ocrx_word' id='word_1_353' title='bbox 1564 3278 1786 3351; x_wconf 76' lang='lat' dir='ltr'><strong>explorat</strong></span> <span class='ocrx_word' id='word_1_354' title='bbox 1799 3293 1863 3326; x_wconf 84' lang='lat' dir='ltr'><strong>an</strong></span> <span class='ocrx_word' id='word_1_355' title='bbox 1885 3279 2060 3326; x_wconf 77' lang='lat' dir='ltr'><strong>habilia</strong></span> <span class='ocrx_word' id='word_1_356' title='bbox 2080 3279 2146 3326; x_wconf 78' lang='lat' dir='ltr'><strong>ait</strong></span> <span class='ocrx_word' id='word_1_357' title='bbox 2167 3278 2310 3328; x_wconf 76' lang='lat' dir='ltr'><strong>ensis.</strong></span> <span class='ocrx_word' id='word_1_358' title='bbox 2359 3280 2554 3328; x_wconf 75' lang='lat' dir='ltr'><strong>Deinde</strong></span> 
     </span>
     <span class='ocr_line' id='line_1_58' title="bbox 1432 3341 2556 3479; baseline -0.008 -27"><span class='ocrx_word' id='word_1_359' title='bbox 1432 3341 2556 3479; x_wconf 48' lang='lat' dir='ltr'><strong>ffisffigtfflffaffssxzagssazsszzff</strong></span> 
     </span>
     <span class='ocr_line' id='line_1_59' title="bbox 1434 3478 2550 3533; baseline 0.001 -17"><span class='ocrx_word' id='word_1_360' title='bbox 1434 3478 1578 3527; x_wconf 87' lang='lat' dir='ltr'><strong>tatur,</strong></span> <span class='ocrx_word' id='word_1_361' title='bbox 1596 3485 1778 3519; x_wconf 85' lang='lat' dir='ltr'><strong>cornua</strong></span> <span class='ocrx_word' id='word_1_362' title='bbox 1795 3484 1928 3518; x_wconf 88' lang='lat' dir='ltr'><strong>emm</strong></span> <span class='ocrx_word' id='word_1_363' title='bbox 1943 3485 2141 3533; x_wconf 71' lang='lat' dir='ltr'><strong>proprie</strong></span> <span class='ocrx_word' id='word_1_364' title='bbox 2159 3483 2266 3516; x_wconf 77' lang='lat' dir='ltr'><strong>esse</strong></span> <span class='ocrx_word' id='word_1_365' title='bbox 2284 3482 2550 3517; x_wconf 75' lang='lat' dir='ltr'><strong>cincinnos.</strong></span> 
     </span>
     <span class='ocr_line' id='line_1_60' title="bbox 1433 3531 2551 3596; baseline 0 -16"><span class='ocrx_word' id='word_1_366' title='bbox 1433 3533 1532 3580; x_wconf 87' lang='lat' dir='ltr'><strong>Sed</strong></span> <span class='ocrx_word' id='word_1_367' title='bbox 1557 3547 1586 3580; x_wconf 87' lang='lat' dir='ltr'><strong>a</strong></span> <span class='ocrx_word' id='word_1_368' title='bbox 1613 3543 1759 3596; x_wconf 86' lang='lat' dir='ltr'><strong>poeta</strong></span> <span class='ocrx_word' id='word_1_369' title='bbox 1791 3533 2034 3596; x_wconf 81' lang='lat' dir='ltr'><strong>desig-nari</strong></span> <span class='ocrx_word' id='word_1_370' title='bbox 2068 3531 2260 3580; x_wconf 84' lang='lat' dir='ltr'><strong>videtur</strong></span> <span class='ocrx_word' id='word_1_371' title='bbox 2291 3532 2430 3594; x_wconf 73' lang='lat' dir='ltr'><strong>galea</strong></span> <span class='ocrx_word' id='word_1_372' title='bbox 2462 3533 2551 3581; x_wconf 85' lang='lat' dir='ltr'><strong>du-</strong></span> 
     </span>
     <span class='ocr_line' id='line_1_61' title="bbox 1429 3595 2548 3671; baseline 0 -27"><span class='ocrx_word' id='word_1_373' title='bbox 1429 3596 1548 3660; x_wconf 87' lang='lat' dir='ltr'><strong>plici</strong></span> <span class='ocrx_word' id='word_1_374' title='bbox 1571 3596 1648 3644; x_wconf 85' lang='lat' dir='ltr'><strong>vel</strong></span> <span class='ocrx_word' id='word_1_375' title='bbox 1671 3596 1852 3671; x_wconf 81' lang='lat' dir='ltr'><strong>triplici</strong></span> <span class='ocrx_word' id='word_1_376' title='bbox 1873 3597 2022 3646; x_wconf 79' lang='lat' dir='ltr'><strong>crista</strong></span> <span class='ocrx_word' id='word_1_377' title='bbox 2046 3605 2230 3652; x_wconf 81' lang='lat' dir='ltr'><strong>ornata.</strong></span> <span class='ocrx_word' id='word_1_378' title='bbox 2253 3611 2362 3657; x_wconf 81' lang='lat' dir='ltr'><strong>quae</strong></span> <span class='ocrx_word' id='word_1_379' title='bbox 2391 3595 2548 3660; x_wconf 85' lang='lat' dir='ltr'><strong>expli-</strong></span> 
     </span>
     <span class='ocr_line' id='line_1_62' title="bbox 1429 3659 2548 3724; baseline 0.001 -17"><span class='ocrx_word' id='word_1_380' title='bbox 1429 3661 1525 3708; x_wconf 85' lang='lat' dir='ltr'><strong>cita</strong></span> <span class='ocrx_word' id='word_1_381' title='bbox 1541 3668 1591 3707; x_wconf 87' lang='lat' dir='ltr'><strong>et</strong></span> <span class='ocrx_word' id='word_1_382' title='bbox 1607 3659 1936 3709; x_wconf 74' lang='lat' dir='ltr'><strong>discriminata</strong></span> <span class='ocrx_word' id='word_1_383' title='bbox 1955 3661 2004 3707; x_wconf 90' lang='lat' dir='ltr'><strong>in</strong></span> <span class='ocrx_word' id='word_1_384' title='bbox 2024 3668 2187 3708; x_wconf 79' lang='lat' dir='ltr'><strong>ternas</strong></span> <span class='ocrx_word' id='word_1_385' title='bbox 2204 3659 2418 3708; x_wconf 81' lang='lat' dir='ltr'><strong>diversas</strong></span> <span class='ocrx_word' id='word_1_386' title='bbox 2435 3675 2548 3724; x_wconf 86' lang='lat' dir='ltr'><strong>par·-</strong></span> 
     </span>
     <span class='ocr_line' id='line_1_63' title="bbox 1431 3721 2551 3786; baseline 0.002 -15"><span class='ocrx_word' id='word_1_387' title='bbox 1431 3732 1504 3773; x_wconf 81' lang='lat' dir='ltr'><strong>tes</strong></span> <span class='ocrx_word' id='word_1_388' title='bbox 1527 3723 1686 3786; x_wconf 80' lang='lat' dir='ltr'><strong>vergit</strong></span> <span class='ocrx_word' id='word_1_389' title='bbox 1705 3739 1761 3772; x_wconf 86' lang='lat' dir='ltr'><strong>ac</strong></span> <span class='ocrx_word' id='word_1_390' title='bbox 1795 3733 1960 3772; x_wconf 83' lang='lat' dir='ltr'><strong>nutat:</strong></span> <span class='ocrx_word' id='word_1_391' title='bbox 1998 3724 2118 3772; x_wconf 78' lang='lat' dir='ltr'><strong>tales</strong></span> <span class='ocrx_word' id='word_1_392' title='bbox 2141 3721 2298 3785; x_wconf 77' lang='grc' dir='ltr'><strong>λόφοι,</strong></span> <span class='ocrx_word' id='word_1_393' title='bbox 2320 3739 2382 3770; x_wconf 84' lang='lat' dir='ltr'><strong>ex</strong></span> <span class='ocrx_word' id='word_1_394' title='bbox 2400 3723 2551 3772; x_wconf 80' lang='lat' dir='ltr'><strong>comis</strong></span> 
     </span>
     <span class='ocr_line' id='line_1_64' title="bbox 1428 3786 2552 3862; baseline 0.001 -27"><span class='ocrx_word' id='word_1_395' title='bbox 1428 3803 1466 3836; x_wconf 78' lang='lat' dir='ltr'><strong>s.</strong></span> <span class='ocrx_word' id='word_1_396' title='bbox 1506 3786 1680 3850; x_wconf 75' lang='grc' dir='ltr'><strong><em>φάλοις</em></strong></span> <span class='ocrx_word' id='word_1_397' title='bbox 1717 3787 1820 3838; x_wconf 78' lang='lat' dir='ltr'><strong>suis</strong></span> <span class='ocrx_word' id='word_1_398' title='bbox 1857 3787 2172 3862; x_wconf 79' lang='lat' dir='ltr'><strong>prodeuntes,</strong></span> <span class='ocrx_word' id='word_1_399' title='bbox 2251 3797 2418 3835; x_wconf 85' lang='lat' dir='ltr'><strong>otuere</strong></span> <span class='ocrx_word' id='word_1_400' title='bbox 2462 3803 2552 3851; x_wconf 81' lang='lat' dir='ltr'><strong>per</strong></span> 
     </span>
     <span class='ocr_line' id='line_1_65' title="bbox 1427 3847 2547 3915; baseline 0.001 -16"><span class='ocrx_word' id='word_1_401' title='bbox 1427 3867 1609 3900; x_wconf 86' lang='lat' dir='ltr'><strong>cornua</strong></span> <span class='ocrx_word' id='word_1_402' title='bbox 1625 3851 1886 3914; x_wconf 76' lang='lat' dir='ltr'><strong>designari.</strong></span> <span class='ocrx_word' id='word_1_403' title='bbox 1899 3847 2170 3910; x_wconf 56' lang='lat' dir='ltr'><strong>“limen-at,</strong></span> <span class='ocrx_word' id='word_1_404' title='bbox 2272 3861 2547 3915; x_wconf 84' lang='lat' dir='ltr'><strong>temperan-</strong></span> 
     </span>
     <span class='ocr_line' id='line_1_66' title="bbox 1428 3914 2546 3977; baseline -0.001 -13"><span class='ocrx_word' id='word_1_405' title='bbox 1428 3914 1559 3974; x_wconf 87' lang='lat' dir='ltr'><strong>dum,</strong></span> <span class='ocrx_word' id='word_1_406' title='bbox 1579 3931 1666 3964; x_wconf 79' lang='lat' dir='ltr'><strong>seu</strong></span> <span class='ocrx_word' id='word_1_407' title='bbox 1685 3915 2012 3963; x_wconf 87' lang='lat' dir='ltr'><strong>indurandum</strong></span> <span class='ocrx_word' id='word_1_408' title='bbox 2033 3915 2230 3964; x_wconf 84' lang='lat' dir='ltr'><strong>ferrum.</strong></span> <span class='ocrx_word' id='word_1_409' title='bbox 2273 3918 2439 3977; x_wconf 70' lang='lat' dir='ltr'><strong>Stygia</strong></span> <span class='ocrx_word' id='word_1_410' title='bbox 2460 3932 2546 3964; x_wconf 89' lang='lat' dir='ltr'><strong>au-</strong></span> 
     </span>
     <span class='ocr_line' id='line_1_67' title="bbox 1429 3979 2547 4036; baseline 0 -8"><span class='ocrx_word' id='word_1_411' title='bbox 1429 3990 1527 4028; x_wconf 87' lang='lat' dir='ltr'><strong>tem</strong></span> <span class='ocrx_word' id='word_1_412' title='bbox 1551 3983 1678 4028; x_wconf 70' lang='lat' dir='ltr'><strong>tenda</strong></span> <span class='ocrx_word' id='word_1_413' title='bbox 1711 3979 1914 4028; x_wconf 72' lang='lat' dir='ltr'><strong>tinxisse</strong></span> <span class='ocrx_word' id='word_1_414' title='bbox 1937 3979 2118 4027; x_wconf 81' lang='lat' dir='ltr'><strong>ferrum</strong></span> <span class='ocrx_word' id='word_1_415' title='bbox 2143 3979 2415 4026; x_wconf 85' lang='lat' dir='ltr'><strong>Vulcanum</strong></span> <span class='ocrx_word' id='word_1_416' title='bbox 2447 3979 2547 4036; x_wconf 81' lang='lat' dir='ltr'><strong>ait;</strong></span> 
     </span>
     <span class='ocr_line' id='line_1_68' title="bbox 1428 4041 2550 4106; baseline 0 -14"><span class='ocrx_word' id='word_1_417' title='bbox 1428 4044 1608 4101; x_wconf 73' lang='lat' dir='ltr'><strong>nescio,</strong></span> <span class='ocrx_word' id='word_1_418' title='bbox 1633 4061 1694 4092; x_wconf 87' lang='lat' dir='ltr'><strong>an</strong></span> <span class='ocrx_word' id='word_1_419' title='bbox 1717 4043 1838 4092; x_wconf 79' lang='lat' dir='ltr'><strong>satia</strong></span> <span class='ocrx_word' id='word_1_420' title='bbox 1859 4043 2138 4100; x_wconf 72' lang='lat' dir='ltr'><strong>commode3</strong></span> <span class='ocrx_word' id='word_1_421' title='bbox 2157 4041 2550 4106; x_wconf 79' lang='lat' dir='ltr'><strong>quandoquidem</strong></span> 
     </span>
     <span class='ocr_line' id='line_1_69' title="bbox 1427 4106 2550 4172; baseline 0 -16"><span class='ocrx_word' id='word_1_422' title='bbox 1427 4107 1522 4156; x_wconf 80' lang='lat' dir='ltr'><strong>diis</strong></span> <span class='ocrx_word' id='word_1_423' title='bbox 1545 4108 1736 4172; x_wconf 76' lang='lat' dir='ltr'><strong>superis</strong></span> <span class='ocrx_word' id='word_1_424' title='bbox 1759 4107 1922 4172; x_wconf 79' lang='lat' dir='ltr'><strong>Stygis</strong></span> <span class='ocrx_word' id='word_1_425' title='bbox 1945 4107 2154 4156; x_wconf 83' lang='lat' dir='ltr'><strong>adeundi</strong></span> <span class='ocrx_word' id='word_1_426' title='bbox 2176 4106 2310 4154; x_wconf 88' lang='lat' dir='ltr'><strong>nulla</strong></span> <span class='ocrx_word' id='word_1_427' title='bbox 2333 4115 2409 4154; x_wconf 79' lang='lat' dir='ltr'><strong>eat</strong></span> <span class='ocrx_word' id='word_1_428' title='bbox 2437 4107 2550 4156; x_wconf 83' lang='lat' dir='ltr'><strong>data</strong></span> 
     </span>
     <span class='ocr_line' id='line_1_70' title="bbox 1428 4169 2546 4235; baseline 0.001 -15"><span class='ocrx_word' id='word_1_429' title='bbox 1428 4171 1656 4220; x_wconf 84' lang='lat' dir='ltr'><strong>facultas:</strong></span> <span class='ocrx_word' id='word_1_430' title='bbox 1725 4182 1896 4235; x_wconf 78' lang='lat' dir='ltr'><strong>argute</strong></span> <span class='ocrx_word' id='word_1_431' title='bbox 1949 4181 2110 4218; x_wconf 77' lang='lat' dir='ltr'><strong>tamen</strong></span> <span class='ocrx_word' id='word_1_432' title='bbox 2166 4181 2216 4220; x_wconf 88' lang='lat' dir='ltr'><strong>et</strong></span> <span class='ocrx_word' id='word_1_433' title='bbox 2264 4169 2546 4234; x_wconf 76' lang='lat' dir='ltr'><strong>ingeniose3</strong></span> 
     </span>
     <span class='ocr_line' id='line_1_71' title="bbox 1429 4233 2547 4299; baseline 0 -15"><span class='ocrx_word' id='word_1_434' title='bbox 1429 4234 1818 4298; x_wconf 86' lang='lat' dir='ltr'><strong>quandoquidem</strong></span> <span class='ocrx_word' id='word_1_435' title='bbox 1843 4237 1966 4299; x_wconf 83' lang='lat' dir='ltr'><strong>Styx</strong></span> <span class='ocrx_word' id='word_1_436' title='bbox 1987 4250 2086 4284; x_wconf 90' lang='lat' dir='ltr'><strong>non</strong></span> <span class='ocrx_word' id='word_1_437' title='bbox 2105 4236 2248 4283; x_wconf 88' lang='lat' dir='ltr'><strong>modo</strong></span> <span class='ocrx_word' id='word_1_438' title='bbox 2277 4233 2435 4283; x_wconf 78' lang='lat' dir='ltr'><strong>amnia</strong></span> <span class='ocrx_word' id='word_1_439' title='bbox 2463 4234 2547 4285; x_wconf 90' lang='lat' dir='ltr'><strong>ille</strong></span> 
     </span>
     <span class='ocr_line' id='line_1_72' title="bbox 1429 4298 2548 4363; baseline 0.002 -15"><span class='ocrx_word' id='word_1_440' title='bbox 1429 4313 1505 4348; x_wconf 76' lang='lat' dir='ltr'><strong>eat</strong></span> <span class='ocrx_word' id='word_1_441' title='bbox 1522 4309 1574 4346; x_wconf 87' lang='lat' dir='ltr'><strong>et</strong></span> <span class='ocrx_word' id='word_1_442' title='bbox 1589 4299 1710 4363; x_wconf 75' lang='lat' dir='ltr'><strong>ipsis</strong></span> <span class='ocrx_word' id='word_1_443' title='bbox 1725 4299 1822 4348; x_wconf 78' lang='lat' dir='ltr'><strong>diis</strong></span> <span class='ocrx_word' id='word_1_444' title='bbox 1843 4315 1978 4348; x_wconf 81' lang='lat' dir='ltr'><strong>sacer</strong></span> <span class='ocrx_word' id='word_1_445' title='bbox 1993 4309 2041 4346; x_wconf 87' lang='lat' dir='ltr'><strong>et</strong></span> <span class='ocrx_word' id='word_1_446' title='bbox 2059 4298 2350 4354; x_wconf 57' lang='lat' dir='ltr'><strong>horrendum</strong></span> <span class='ocrx_word' id='word_1_447' title='bbox 2377 4315 2548 4350; x_wconf 85' lang='lat' dir='ltr'><strong>verum</strong></span> 
     </span>
     <span class='ocr_line' id='line_1_73' title="bbox 1426 4363 2548 4430; baseline 0.002 -20"><span class='ocrx_word' id='word_1_448' title='bbox 1426 4363 1572 4411; x_wconf 85' lang='lat' dir='ltr'><strong>etiam</strong></span> <span class='ocrx_word' id='word_1_449' title='bbox 1597 4363 1824 4425; x_wconf 87' lang='lat' dir='ltr'><strong>quoniam</strong></span> <span class='ocrx_word' id='word_1_450' title='bbox 1849 4372 1899 4411; x_wconf 87' lang='lat' dir='ltr'><strong>et</strong></span> <span class='ocrx_word' id='word_1_451' title='bbox 1920 4363 2026 4430; x_wconf 80' lang='lat' dir='ltr'><strong>ipse</strong></span> <span class='ocrx_word' id='word_1_452' title='bbox 2049 4363 2244 4425; x_wconf 66' lang='grc' dir='ltr'><strong>ἄφθιτος</strong></span> <span class='ocrx_word' id='word_1_453' title='bbox 2265 4364 2423 4412; x_wconf 82' lang='lat' dir='ltr'><strong>amnia</strong></span> <span class='ocrx_word' id='word_1_454' title='bbox 2443 4374 2548 4412; x_wconf 87' lang='lat' dir='ltr'><strong>erat</strong></span> 
     </span>
     <span class='ocr_line' id='line_1_74' title="bbox 1424 4425 2542 4491; baseline 0 -15"><span class='ocrx_word' id='word_1_455' title='bbox 1424 4437 1475 4476; x_wconf 87' lang='lat' dir='ltr'><strong>et</strong></span> <span class='ocrx_word' id='word_1_456' title='bbox 1490 4425 1786 4491; x_wconf 86' lang='lat' dir='ltr'><strong>incorrupta,</strong></span> <span class='ocrx_word' id='word_1_457' title='bbox 1797 4437 1941 4490; x_wconf 84' lang='lat' dir='ltr'><strong>atque</strong></span> <span class='ocrx_word' id='word_1_458' title='bbox 1957 4428 2018 4475; x_wconf 88' lang='lat' dir='ltr'><strong>ab</strong></span> <span class='ocrx_word' id='word_1_459' title='bbox 2033 4427 2165 4474; x_wconf 82' lang='lat' dir='ltr'><strong>omni</strong></span> <span class='ocrx_word' id='word_1_460' title='bbox 2181 4427 2231 4476; x_wconf 83' lang='lat' dir='ltr'><strong>vi</strong></span> <span class='ocrx_word' id='word_1_461' title='bbox 2245 4442 2414 4475; x_wconf 82' lang='lat' dir='ltr'><strong>secura</strong></span> <span class='ocrx_word' id='word_1_462' title='bbox 2433 4428 2542 4476; x_wconf 76' lang='lat' dir='ltr'><strong>rod·</strong></span> 
     </span>
     <span class='ocr_line' id='line_1_75' title="bbox 1426 4491 2310 4558; baseline 0.002 -20"><span class='ocrx_word' id='word_1_463' title='bbox 1426 4491 1570 4540; x_wconf 84' lang='lat' dir='ltr'><strong>debat</strong></span> <span class='ocrx_word' id='word_1_464' title='bbox 1591 4507 1649 4540; x_wconf 78' lang='lat' dir='ltr'><strong>ea</strong></span> <span class='ocrx_word' id='word_1_465' title='bbox 1671 4507 1780 4558; x_wconf 77' lang='lat' dir='ltr'><strong>quae</strong></span> <span class='ocrx_word' id='word_1_466' title='bbox 1800 4491 1852 4540; x_wconf 86' lang='lat' dir='ltr'><strong>in</strong></span> <span class='ocrx_word' id='word_1_467' title='bbox 1875 4507 1934 4540; x_wconf 85' lang='lat' dir='ltr'><strong>eo</strong></span> <span class='ocrx_word' id='word_1_468' title='bbox 1957 4493 2310 4554; x_wconf 80' lang='lat' dir='ltr'><strong>mergebantur.</strong></span> 
     </span>
    </p>
   </div>
   <div class='ocr_carea' id='block_1_6' title="bbox 1347 4559 1435 4602">
    <p class='ocr_par' dir='ltr' id='par_1_17' title="bbox 1347 4559 1435 4602">
     <span class='ocr_line' id='line_1_76' title="bbox 1347 4559 1435 4602; baseline -0.011 0"><span class='ocrx_word' id='word_1_469' title='bbox 1347 4559 1435 4602; x_wconf 72' lang='lat' dir='ltr'><strong>4x</strong></span> 
     </span>
    </p>
   </div>
  </div>
 </body>
</html>
