3050 4934
522 253 644 316 130

1333 245 2003 311 GEORGICON

686 400 762 462 In
795 401 1008 462 medio
1037 399 1192 462 mihi
1225 398 1447 462 Caesar
1477 398 1624 473 erit,
1658 395 2098 479 templumque
2128 393 2397 456 tenebit.

684 499 785 562 Illi
814 501 1018 562 victor
1044 520 1192 582 ego,
1223 511 1290 564 et
1320 499 1527 584 Tyrio
1557 506 1948 580 conspectus
1980 497 2045 558 in
2075 505 2278 569 ostro,

680 600 959 663 Centum
988 601 1414 685 quadrijugos
1445 601 1709 684 agitabo
1740 598 1824 661 ad
1854 595 2119 660 flumina
2150 615 2403 658 curruS.

679 699 934 764 Cuncta
963 701 1140 778 mihi,
1175 701 1506 786 Alpheum
1535 701 1833 784 linquens
1862 697 2175 781 lucosque
2206 692 2558 769 Molorchi,

552 801 638 862 20
682 799 1002 865 Cursibus
1033 814 1101 867 et
1129 803 1335 866 crudo
1366 802 1678 864 decernet
1708 799 1971 862 Graecia
2000 807 2223 862 caestu.

616 959 620 966 .
680 901 856 983 Ipse,
891 913 1088 985 caput
1119 911 1324 965 tonsae
1353 901 1520 963 foliis
1553 911 1821 964 ornatus
1850 899 2057 975 olivae,

682 1001 880 1064 Dona
909 1002 1131 1065 feram.
1211 1001 1359 1064 Jam
1389 1023 1561 1064 nunc
1593 999 1933 1063 sollemnes
1965 999 2206 1062 ducere
2237 1017 2509 1081 pompas

681 1100 792 1164 Ad
822 1101 1098 1166 delubra
1117 1103 1327 1186 juvat,
1358 1123 1695 1185 caesosque
1727 1101 1947 1164 videre
1968 1101 2319 1189 juvencos3

681 1201 812 1266 Vel
845 1225 1039 1266 scena
1067 1215 1140 1266 ut
1172 1203 1376 1267 versis
1408 1202 1705 1266 discedat
1736 1200 2081 1277 frontibuS,
2113 1210 2316 1283 utque

548 1303 634 1366 25
681 1302 1024 1387 P-urpurea
1053 1305 1284 1366 intexti
1316 1301 1545 1366 tollant
1574 1301 1780 1366 aulaea
1810 1299 2129 1366 Britanni.

678 1405 756 1467 In
786 1403 1032 1468 foribus
1066 1427 1350 1488 pugnam
1380 1426 1466 1470 ex
1495 1426 1658 1468 auro
1690 1403 2026 1486 solidoque
2058 1401 2406 1486 elephanto

682 1503 1138 1588 Gangaridum
1167 1504 1421 1582 faciam,
1452 1505 1844 1587 victorisque
1875 1525 2053 1568 arma
2084 1503 2380 1580 Quirini3

497 1803 603 1840 rem
624 1803 680 1836 se
698 1787 942 1836 editurum
966 1801 1073 1834 esse
1091 1783 1348 1850 promittit.
1395 1783 1631 1832 Victoriae

499 1860 868 1902 monumentum
888 1860 1136 1900 exstruam
1155 1849 1406 1913 templum,
1421 1847 1631 1896 Caesaris

499 1916 644 1964 titulo
664 1915 950 1964 ornandum.
1000 1917 1174 1962 Ponere
1193 1916 1418 1975 templum,
1436 1909 1629 1970 τιθέναι,

498 1979 618 2028 satis
662 1989 847 2027 notum.
915 1981 1127 2040 Propter,
1168 1993 1322 2041 prope
1369 1975 1628 2035 Mincium,

499 2044 561 2092 de
583 2045 722 2104 cujus
746 2042 1032 2090 inundantis
1053 2041 1214 2089 vicina
1236 2040 1374 2104 aquis
1395 2050 1625 2103 stagnan-

499 2107 630 2155 tibus
651 2122 801 2169 supra
823 2106 1036 2154 vidimus
1059 2105 1122 2153 ad
1145 2105 1250 2153 Ecl.
1274 2105 1356 2162 vii,
1386 2106 1460 2152 12.

567 2171 640 2219 16.
677 2171 850 2218 Statua
875 2169 954 2216 dei
987 2170 1040 2217 in
1071 2169 1231 2218 medio
1259 2169 1455 2233 templo,
1481 2171 1535 2216 ἐν
1558 2169 1629 2230 τῷ

497 2235 606 2294 ναῷ,
647 2233 886 2288 sacratim
940 2243 996 2282 ut
1036 2249 1166 2296 saepe
1211 2233 1263 2280 in
1309 2233 1472 2282 numia
1506 2233 1623 2282 visi-

503 2306 594 2346 tur.

567 2360 640 2412 17.
684 2363 840 2410 Victor
859 2378 955 2426 ego,
981 2360 1062 2424 qui
1085 2361 1316 2410 carminis
1337 2359 1549 2426 palmam
1572 2377 1627 2409 ac

495 2425 701 2488 gloriam
743 2424 795 2473 in
834 2425 1042 2488 patriam
1083 2425 1364 2481 retulerim3
1412 2425 1462 2473 id
1498 2425 1628 2487 quod

496 2489 731 2540 absolutis
763 2489 1032 2552 Georgicis,
1060 2505 1169 2552 quae
1201 2489 1309 2538 Nea
1345 2487 1410 2537 oli
1443 2489 1623 2538 scribe-

499 2555 594 2611 bat,
621 2553 837 2602 futurum
870 2563 1000 2610 erat;
1036 2554 1129 2616 etsi
1151 2555 1242 2601 hoc
1336 2555 1511 2602 'ectum
1545 2553 1621 2601 ni-

497 2617 592 2666 mis
635 2627 894 2680 angustum
914 2617 1096 2690 ‘videri
1140 2626 1314 2680 potest.
1384 2619 1624 2681 'Purpura

493 2680 1513 2809 fsffgffloessffissgffaffifflegzffi‚
1539 2697 1623 2807 ἓξ

493 2807 634 2856 ludos
665 2809 900 2858 curabant
928 2817 1166 2872 praetexta
1199 2809 1372 2867 induti,
1404 2825 1623 2874 purpura

493 2870 544 2918 in
715 2887 801 2920 ora
822 2882 1074 2936 praetexta.
1122 2873 1192 2920 At
1206 2888 1454 2937 purpurea
1473 2874 1623 2922 vestis

493 2949 592 2982 non
635 2935 708 2984 uit
730 2935 826 2983 nisi
854 2935 1273 3000 triumphantium,
1298 2952 1450 3000 eaque
1473 2937 1619 3001 picta,

494 3013 614 3046 auro
635 2997 877 3048 distincta.
931 2999 1044 3048 Nisi
1067 3001 1118 3048 in
1135 3001 1322 3050 Graecis
1343 3000 1621 3050 civitatibus

495 3061 643 3110 alium
667 3077 851 3113 morem
873 3062 1024 3112 fixisse
1045 3065 1324 3113 contendas.

563 3127 636 3173 18.
671 3129 874 3188 Agitabo
895 3143 1072 3186 currus,
1091 3143 1190 3176 non
1212 3128 1354 3176 aliter
1374 3128 1618 3194 accipien-

491 3187 624 3246 dum,
667 3204 812 3251 quam
854 3199 1050 3253 poetam
1088 3190 1333 3240 editurum
1377 3191 1531 3250 ludos,
1567 3191 1621 3242 in

491 3251 666 3312 quibus
719 3253 968 3316 quadrigae
1031 3255 1300 3319 mittantur,
1357 3256 1617 3319 agitentur.

494 3317 684 3364 Centum
717 3327 880 3366 autem
921 3321 1173 3382 quadrigas
1207 3329 1436 3382 tanquam
1473 3329 1619 3384 poeta

493 3379 646 3442 ponit.
670 3382 970 3440 Adflumiua,
995 3382 1057 3430 ad
1083 3381 1338 3431 Mincium.

559 3444 634 3501 19,
663 3443 740 3490 20.
775 3445 901 3492 Suos
930 3445 1084 3504 ludos,
1117 3457 1284 3510 proter
1313 3449 1617 3509 majestatem

490 3507 706 3559 numinis
727 3507 806 3556 cui
830 3508 964 3567 flant,
988 3511 1272 3560 Graecorum
1304 3510 1535 3576 Olympia
1566 3521 1618 3560 et

493 3571 696 3622 Nemaea
715 3571 997 3622 celebritate
1019 3585 1333 3638 superaturos
1356 3591 1462 3624 esse
1479 3575 1613 3624 dicit.

489 3637 714 3696 Alpheum
746 3635 1023 3710 Olympiam
1053 3639 1343 3712 praeterlabL
1368 3649 1419 3688 et
1439 3642 1613 3688 Molor-

488 3701 618 3746 chum
657 3713 908 3762 excepisse
939 3702 1153 3765 hospitio
1187 3703 1468 3762 Herculem,
1504 3720 1617 3753 cum

485 3761 630 3810 leone
671 3763 873 3810 Nemaeo
910 3762 1171 3814 interemto
1206 3767 1349 3816 ludos
1389 3769 1617 3817 Nemoeos

485 3826 778 3882 restitueret,
794 3826 913 3875 satis
927 3837 1096 3876 notum
1111 3839 1198 3878 est.
1239 3833 1419 3879 Cncdus
1432 3840 1611 3889 emtus,

485 3905 514 3936 e
535 3889 668 3938 corio
689 3889 854 3941 crudo.

551 3955 630 4012 21,
659 3955 738 4003 22.
773 3954 900 4010 hm,
931 3955 1062 4017 quod
1092 3957 1153 4004 ad
1185 3973 1239 4006 se
1307 3957 1528 4017 emineat,
1560 3975 1613 4008 se

471 4015 606 4075 serre
635 4017 760 4066 velle
795 4020 926 4076 dona,
959 4018 1009 4066 h.
1043 4035 1096 4068 se
1126 4021 1253 4070 sacri
1289 4021 1366 4070 cia
1394 4023 1456 4072 ad
1487 4032 1611 4072 tem-

483 4079 620 4142 plum
652 4081 672 4143 (
714 4081 841 4155 ,¹3³⁰
869 4091 996 4146 post,
1019 4086 1084 4132 ad
1109 4085 1342 4146 delubra),
1372 4101 1478 4136 esee
1509 4087 1607 4136 fiac-

484 4152 648 4191 turum
711 4154 811 4202 icit,
835 4146 996 4209 capite
1016 4162 1194 4196 corona
1227 4149 1448 4214 oleagina
1477 4152 1607 4200 redi—

481 4205 618 4254 mito.
671 4209 862 4256 Tamum
877 4213 1039 4259 olivam
1055 4212 1282 4276 appellat,
1298 4229 1406 4277 quae
1425 4225 1474 4262 et
1491 4215 1607 4263 AEn.

486 4285 528 4326 v,
551 4269 647 4320 7⁷4
669 4279 720 4318 et
738 4273 833 4319 556
851 4281 980 4322 tonsa
999 4293 1160 4325 corona
1181 4278 1418 4326 occurrit:
1443 4288 1604 4327 atton-

482 4333 1607 4470 ἓξὲὴέᾚὲηὲῗῖωἷῖἒὲἷὲἓτ,0ξῖῗῇρὲἒῇ

1695 1792 1810 1832 sunt
1832 1784 2028 1832 frondes
2055 1797 2117 1832 ex
2139 1784 2324 1831 arbore.
2394 1781 2443 1830 N
2504 1797 2567 1830 ue
2593 1783 2727 1832 aliud
2748 1793 2829 1834 est

1698 1848 2026 1897 Horatianum
2050 1847 2184 1906 illud,
2203 1849 2461 1909 decerptam
2502 1851 2624 1895 ronti
2642 1865 2827 1911 μναμο-

1695 1929 1801 1960 nere
1824 1915 1999 1960 olivam.

1759 1979 1836 2024 22.
1871 1978 1977 2024 Jam
1994 1993 2115 2024 nanc
2122 1976 2266 2038 juvat
2281 1995 2297 2023 .·
2324 1983 2552 2039 tanquam
2574 1985 2733 2040 poeta,
2754 1977 2827 2037 id,

1693 2041 1821 2103 quod
1866 2041 2025 2089 facere
2068 2040 2219 2103 gestit
2260 2039 2466 2097 animus,
2504 2041 2565 2088 ad
2606 2056 2829 2104 praesens

1695 2113 1888 2169 tempus
1919 2113 2130 2162 revocat,
2153 2104 2291 2166 quasi
2323 2113 2539 2153 actutum
2566 2104 2618 2153 in
2652 2121 2710 2153 eo
2736 2123 2825 2156 oc-

1692 2178 1897 2282 xm
1898 2169 2001 2281 ἐξ·
2018 2169 2257 2297 ...¹5:323
2256 2169 2505 2281 21²3ssss
2531 2177 2751 2282 mm
2769 2170 2829 2220 ⁵¹²

1980 2268 1991 2291 ‚
2750 2271 2763 2282 .

1758 2299 1836 2356 24,
1862 2299 1938 2345 25.
1978 2297 2151 2346 Priora
2175 2298 2236 2345 ad
2258 2313 2395 2345 sacra
2420 2299 2745 2362 pertinebant,
2768 2299 2829 2348 in

1692 2361 1868 2424 quibus
1898 2378 2079 2426 pompa
2106 2361 2168 2409 ad
2201 2361 2434 2424 templum
2464 2361 2622 2420 ducta,
2644 2371 2695 2411 et
2716 2363 2825 2412 vic-

1692 2425 1812 2474 tima
1846 2442 1997 2482 caesa;
2043 2427 2149 2474 haec
2183 2425 2359 2473 iterum
2400 2426 2461 2473 ad
2502 2425 2655 2486 ludos,
2690 2426 2829 2477 inter

1692 2506 1813 2552 quos
1844 2489 1991 2539 etiam
2020 2493 2231 2548 scenicos,
2254 2489 2473 2538 edituru-
2504 2500 2591 2539 est.
2657 2493 2825 2552 Scene,

1689 2563 1859 2618 utpote
1904 2554 2161 2612 versatilia,
2210 2553 2569 2618 circumagitur.
2638 2555 2825 2606 velum

1688 2627 1853 2666 autem
1883 2617 1987 2667 sive
2016 2621 2224 2676 aulaeum,
2250 2618 2601 2681 prodeuntibus
2616 2621 2823 2684 jamjam

1688 2681 1946 2740 actoribus,
1967 2699 2080 2742 non,
2105 2692 2161 2731 ut
2182 2697 2326 2740 nunc,
2348 2682 2627 2740 demissum,
2650 2685 2740 2732 sed
2762 2684 2821 2734 in

1688 2745 1841 2794 altum
1872 2747 2115 2796 sublatum
2148 2745 2312 2804 fuisse,
2347 2747 2564 2809 adeoque
2604 2747 2826 2798 intextas

1688 2825 1777 2858 seu
1802 2809 1958 2873 pictas
1988 2810 2238 2874 imagines,
2263 2810 2310 2858 h.
2336 2811 2365 2858 1.
2398 2811 2672 2870 Britannos,
2698 2827 2821 2876 pro-

1687 2889 1800 2922 cero
1840 2890 2056 2938 corpore,
2094 2883 2145 2923 et
2178 2875 2303 2924 forte
2338 2889 2397 2922 eo
2430 2875 2601 2923 habitu
2639 2875 2821 2940 pictos,

1687 2947 1917 3000 tanquam
1948 2937 2031 3002 qui
2061 2939 2155 3014 ipsi
2177 2939 2285 2987 vela
2318 2938 2557 2998 tollerent,
2582 2940 2720 3002 quasi
2752 2956 2823 2990 ex

1687 3011 1817 3114 {erra
1833 3018 2033 3066 surgere
2044 3019 2173 3052 visas
2186 3017 2306 3061 esse,
2320 3002 2403 3050 vix
2416 3016 2539 3068 opus
2556 3014 2631 3052 est
2646 3005 2824 3055 multis

1721 3082 1876 3114 ocere.

1753 3131 1830 3188 26,
1867 3130 1943 3182 27.
1987 3131 2067 3179 Ad
2100 3141 2385 3179 ornamenta
2416 3131 2586 3206 templi
2618 3131 2671 3180 in
2706 3134 2818 3184 Au-

1684 3193 1817 3256 gusti
1836 3195 2072 3244 honorem
2104 3193 2345 3244 condendi
2377 3203 2576 3243 transit:
2612 3199 2819 3263 anagly-

1684 3257 1783 3322 pha
1800 3259 2053 3323 infor-ibus,
2074 3267 2124 3307 et
2144 3258 2339 3322 quidem
2356 3273 2419 3306 ex
2436 3260 2580 3308 ebore
2598 3269 2647 3309 et
2663 3276 2787 3311 auro
2802 3283 2817 3312 ε

1682 3331 1787 3370 tum
1811 3339 1855 3370 v.
1880 3325 1943 3370 34
1960 3323 2100 3386 signa
2122 3339 2177 3371 ac
2195 3331 2393 3372 statuas.
2441 3325 2653 3398 Pugnant
2678 3329 2816 3374 Gon-

1676 3389 1949 3450 gun‘darum
1984 3387 2247 3450 (Indorum
2278 3387 2341 3435 ad
2372 3388 2559 3450 Gangas
2591 3389 2719 3438 ostia
2750 3393 2817 3440 ab

1680 3449 1967 3498 occidentali
1989 3449 2153 3514 parte)
2178 3459 2427 3509 memorat,
2454 3451 2567 3514 quia
2588 3467 2815 3504 commu·

1680 3511 1758 3561 nis
1776 3513 1860 3562 ille
1882 3514 2080 3563 laudum
2094 3515 2231 3564 locus
2253 3515 2305 3564 in
2321 3516 2559 3580 Augusto,
2580 3526 2636 3565 ut
2656 3518 2816 3569 Indos

1679 3593 1791 3625 cum
1811 3577 2005 3627 Parthis
2022 3579 2177 3628 victos
2194 3579 2239 3628 ei
2258 3588 2343 3628 aut
2360 3580 2703 3645 promitterent
2725 3593 2815 3632 aut

1680 3641 1879 3690 darent:
1917 3643 1975 3690 cf.
2004 3659 2135 3718 supr.
2164 3645 2283 3692 Geo.
2312 3643 2364 3703 ii,
2394 3643 2500 3702 171,
2533 3631 2653 3701 1723
2691 3646 2811 3696 AEn.

1682 3705 1715 3762 i,
1740 3707 1850 3755 289.
1907 3707 2111 3755 Curabit
2132 3708 2293 3769 itaque
2320 3723 2349 3756 a
2375 3709 2619 3772 sculpture
2642 3709 2813 3775 effingi

1686 3770 1837 3819 Indos
1881 3769 2047 3829 victos,
2090 3771 2359 3835 AEgypuim
2404 3775 2653 3822 subactam
2697 3784 2813 3839 post

1677 3833 1929 3882 Actiacam
1962 3835 2227 3893 victoriam,
2266 3845 2371 3884 tum
2402 3836 2587 3894 Asiam,
2626 3837 2807 3887 Arme-

1679 3897 1825 3955 niam,
1858 3907 1911 3946 et
1939 3897 2187 3946 Parthiam
2220 3898 2282 3946 ad
2315 3899 2599 3963 obsequium
2632 3901 2807 3951 redac-

1679 3969 1791 4009 tam.
1848 3962 2126 4024 Augustum
2148 3971 2312 4011 autem
2334 3979 2425 4026 per
2451 3967 2696 4017 Quirinum
2718 3967 2807 4016 de-

1678 4024 1922 4088 signatum
1936 4026 2107 4084 videri,
2123 4027 2319 4076 obvium
2341 4038 2429 4076 est.
2490 4029 2674 4078 Melius
2696 4031 2808 4091 hoc,

1675 4105 1821 4152 quam
1855 4094 2098 4142 Quirinum
2114 4107 2212 4165 pro
2243 4091 2425 4156 populo
2458 4091 2671 4152 Quirini,
2698 4095 2803 4158 Ro-

1676 4153 1846 4212 manis,
1870 4169 1900 4201 a
1954 4163 2066 4202 oeta
2083 4154 2193 4203 dici.
2235 4159 2381 4204 Arma
2404 4159 2591 4208 Quirini
2712 4158 2813 4210 tica

1674 4227 1908 4266 consuetu
1944 4218 2024 4266 ine
2064 4233 2153 4282 pro
2187 4218 2395 4274 Quirino
2430 4220 2483 4268 in
2519 4233 2685 4281 annis,
2722 4239 2805 4272 ar-

1672 4290 1817 4328 mato.
1889 4282 2000 4330 Nisi
2033 4299 2163 4330 arma
2196 4299 2286 4346 pro
2322 4283 2464 4342 bello,
2500 4299 2681 4348 pugna,
2719 4297 2811 4336 aut

1672 4345 1887 4456 actor?
1930 4345 2059 4394 dicta
2104 4347 2326 4411 accipias,
2374 4347 2503 4412 quod
2547 4357 2598 4396 et
2638 4349 2808 4415 ipsum

1736 4425 1797 4456 ne
1856 4419 1969 4457 eret.
