3050 4934
1192 288 1538 355 LIBER
1584 288 1722 355 IX.

2485 287 2606 349 531

284 432 416 497 680
457 434 607 501 Sive
640 435 807 501 Padi
835 439 1019 523 ripis,
1048 437 1349 504 Athesim
1380 462 1497 504 seu
1525 450 1801 524 propter
1829 460 2175 515 amoenum,

454 536 879 623 Consurgunt
906 542 1179 623 geminae
1208 562 1512 623 quercus,
1546 542 1932 623 intonsaque
1963 537 2131 603 coelo

456 636 786 704 Attollunt
816 642 1053 725 capita,
1082 652 1150 706 et
1182 641 1438 705 sublimi
1466 642 1710 707 vertice
1747 650 2002 703 nutant.

459 738 859 825 Irrumpunt,
889 743 1105 807 aditus
1138 742 1371 807 Rutuli
1400 752 1476 807 ut
1506 743 1728 806 videre
1758 750 2081 824 patentes.

454 838 781 906 Continuo
814 841 1181 919 Quercens,
1214 854 1283 906 et
1312 840 1588 926 pulcher
1616 839 1980 925 Aquicolus
2010 842 2228 916 armis,

281 938 412 1003 685
456 940 549 1005 Et
578 963 876 1027 praeceps
907 945 1099 1007 animi
1129 943 1411 1008 Tmarus
1439 953 1507 1006 et
1539 942 1907 1006 Mavortius
1937 941 2241 1017 Haemon,

453 1040 847 1126 Agminibus
873 1045 1027 1108 totis
1058 1053 1172 1108 aut
1199 1045 1371 1108 versi
1400 1054 1588 1127 terga
1618 1043 1886 1119 dedere,

451 1141 597 1207 Aut
624 1145 769 1228 ipso
799 1156 1007 1230 portae
1036 1166 1316 1230 posuere
1346 1144 1411 1208 in
1442 1142 1660 1209 limine
1687 1144 1902 1207 vitam.

450 1243 629 1310 Tum
656 1249 860 1332 magis
890 1248 1261 1312 increscunt
1291 1247 1517 1311 animis
1548 1246 1963 1310 discordibus
1993 1245 2147 1320 irae3

452 1344 547 1409 Et
565 1348 703 1431 jam
732 1346 984 1413 collecti
1012 1346 1229 1413 Troes
1260 1346 1704 1432 glomerantur
1730 1346 1986 1424 eodem,

277 1446 409 1510 690
451 1447 546 1511 Et
574 1447 869 1513 conferre
900 1470 1160 1512 manum
1189 1459 1260 1512 et
1285 1470 1674 1532 procurrere
1702 1446 1960 1532 longius
1989 1446 2254 1511 audent.

534 1548 818 1614 Ductori
848 1549 1103 1627 Turno,
1135 1550 1395 1613 diversa
1424 1551 1490 1612 in
1520 1560 1710 1633 parte
1739 1548 2004 1625 furenti,

450 1647 907 1734 Turbantique
938 1652 1133 1727 viros,
1165 1650 1495 1735 perfertur
1524 1651 1813 1726 nuntius,
1843 1650 2100 1713 hostem

448 1748 730 1816 Fervere
762 1753 941 1816 coede
973 1774 1162 1829 nova,
1194 1763 1261 1816 et
1289 1762 1513 1835 portas
1546 1752 1844 1835 praebere
1874 1761 2196 1834 patentes,

432 1850 722 1916 -Deserit
750 1854 1101 1937 inceptum,
1134 1864 1331 1937 atque
1360 1854 1618 1916 immani
1648 1854 1939 1917 concitus
1969 1853 2068 1916 ira

273 1952 407 2015 695
452 1950 857 2017 Dardaniam
884 1955 1015 2018 ruit
1045 1953 1131 2018 ad
1161 1964 1417 2038 portam
1448 1952 1814 2037 fratresque
1849 1954 2208 2038 superbos3

450 2052 546 2117 Et
573 2055 849 2138 primum
880 2052 1313 2138 Antiphaten,
1344 2056 1399 2117 is
1430 2056 1602 2118 enim
1633 2076 1703 2118 se
1732 2055 1978 2138 primus
2009 2055 2272 2139 agebat,

447 2154 772 2220 Thebana
801 2157 884 2220 de
915 2166 1119 2219 matre
1147 2154 1423 2219 nothum
1450 2155 1851 2240 Sarpedonis
1882 2155 2018 2232 alti,

449 2255 765 2341 Conjecto
794 2256 1029 2319 sternit
1046 2255 1301 2339 jaculo:
1350 2255 1523 2321 volat
1557 2254 1722 2320 Itala
1749 2278 1988 2321 cornus

448 2354 627 2422 Aera
656 2379 776 2441 per
804 2368 1121 2433 tenerum,
1154 2355 1618 2439 stomachoque
1645 2356 1848 2422 infixa
1877 2358 2001 2421 sub
2031 2355 2231 2421 altum

274 2458 406 2522 700
449 2458 691 2523 Pectus
722 2459 893 2536 abit3
940 2457 1159 2522 reddit
1188 2478 1423 2542 specus
1454 2457 1578 2520 atri
1607 2456 1888 2520 vulneris
1923 2457 2163 2521 undam

448 2559 892 2645 Spumantem,
922 2569 992 2624 et
1017 2559 1154 2622 fixo
1184 2557 1429 2622 ferrum
1458 2558 1525 2621 in
1555 2555 1859 2642 pulmone
1891 2558 2188 2640 tepescit.

446 2659 623 2725 Tum
654 2661 1001 2745 Meropem
1030 2672 1227 2745 atque
1259 2658 1618 2742 Erymanta
1656 2679 1872 2734 manu,
1906 2668 2043 2721 tum
2081 2657 2312 2721 sternit
2339 2657 2600 2743 Aphid-

444 2761 621 2826 Tum
650 2761 869 2825 Bitian
900 2762 1237 2825 ardentem
1268 2759 1495 2835 oculiS,
1527 2760 1884 2842 animisque
1917 2758 2320 2837 frementem,
2377 2760 2598 2844 [num;

444 2861 601 2927 Non
620 2860 879 2946 jaculo;
926 2883 1137 2945 neque
1168 2862 1339 2925 enim
1357 2858 1581 2945 jaculo
1611 2860 1806 2923 vitam
1836 2857 1940 2924 ille
1974 2859 2301 2938 dedisset;

274 2966 403 3029 705
447 2964 586 3028 Sed
610 2984 914 3047 magnum
944 2963 1227 3027 stridens
1259 2972 1557 3026 contorta
1584 2960 1918 3046 phalarica
1946 2962 2143 3037 venit,

444 3064 755 3131 Fulminis
785 3076 931 3129 acta
958 3065 1189 3141 modo;
1237 3085 1429 3147 quam
1460 3084 1581 3128 nec
1612 3063 1745 3127 duo
1776 3073 2003 3128 taurea
2035 3073 2243 3148 terga,

447 3166 596 3231 Nec
625 3165 869 3252 duplici
898 3188 1165 3251 squama
1191 3163 1393 3229 lorica
1420 3163 1636 3229 fidelis
1666 3174 1736 3228 et
1761 3186 1922 3229 auro

271 3364 514 3413 Athesim.
570 3366 787 3413 Flamina
820 3365 1043 3425 liquentia
1058 3380 1077 3417 ‚-
1110 3370 1167 3411 ut
1198 3360 1306 3409 fons
1336 3360 1396 3409 li-

271 3428 476 3493 quidus:
513 3428 765 3493 epitheton
787 3442 980 3476 ornans.

338 3495 451 3552 684,
476 3493 586 3541 685.
620 3492 721 3548 Qui
742 3492 822 3540 hic
846 3490 1161 3539 nominantur
1184 3505 1213 3538 e
1237 3490 1398 3538 Rutu·

270 3557 333 3607 lin
356 3566 483 3607 sunt.

338 3623 447 3671 688.
496 3624 679 3669 Animis
712 3622 1030 3672 discordibus,-
1080 3627 1264 3675 ornate,
1305 3632 1397 3682 pro

268 3685 347 3735 iis.
404 3686 533 3734 Tum
555 3683 711 3747 magis
742 3684 1022 3732 increscunt
1046 3682 1133 3730 irae
1153 3682 1393 3744 Trojanis.

271 3751 385 3800 Jam
408 3760 571 3799 autem
593 3748 631 3797 ii
654 3762 795 3797 erant
824 3747 1082 3796 hostilibus
1112 3746 1165 3794 in
1187 3746 1397 3795 Rutulos

270 3828 463 3863 animis.

336 3879 427 3926 691
455 3893 557 3941 sqq.
594 3878 800 3941 Semper
836 3874 1043 3923 inheret
1081 3873 1244 3922 animo
1284 3874 1393 3921 Ho-

270 3942 393 3991 meri
436 3941 742 4003 τειχομαχία.
815 3940 915 3995 Qui
958 3939 1025 3988 ibi
1072 3939 1273 3996 Hector,
1316 3937 1396 3985 hic

270 4006 469 4056 'I‘urnus
492 4016 580 4055 est.
640 4005 739 4053 nic
762 4004 937 4053 nuntio
968 4014 1181 4067 accepto,
1204 4012 1396 4079 portam

270 4070 385 4119 valli
404 4072 725 4133 Trojanorum
751 4078 935 4133 patere,
960 4084 1019 4116 eo
1040 4078 1262 4125 accurrit,
1287 4082 1393 4115 cas-

270 4144 346 4183 tra
368 4134 521 4184 irrum
556 4134 609 4191 it,
635 4144 686 4182 et
702 4132 1015 4196 Trojanosad
1032 4148 1275 4181 summum
1293 4132 1393 4180 dis-

268 4200 455 4249 crimen
540 4198 689 4247 ducit.

334 4263 607 4314 697-700.
648 4264 865 4311 Thebana
895 4264 951 4309 de
981 4268 1125 4308 matre
1140 4277 1160 4314 ,-
1192 4258 1399 4307 oriunda

269 4344 333 4377 ex
351 4328 520 4377 Thebe
546 4328 601 4375 M
663 4327 673 4337 '
750 4328 872 4375 urbe
903 4326 995 4374 sub
1025 4334 1189 4371 monte
1216 4322 1395 4381 Placia,

268 4392 385 4440 olim
409 4407 439 4440 a
460 4390 602 4441 Cilici
638 4406 697 4440 us
730 4390 916 4439 colonis
953 4388 1153 4446 insessa,
1190 4386 1401 4435 Eetione

268 4472 385 4521 rege
422 4456 569 4515 clara,
606 4470 751 4518 quem
792 4452 1009 4503 Achilles
1051 4452 1313 4509 interemit,
1351 4460 1401 4499 et

1464 3363 1604 3423 cujus
1649 3361 1750 3410 mia
1793 3362 2135 3412 Andromache
2185 3374 2303 3413 erat.
2383 3369 2555 3415 Comus
2575 3386 2594 3415 .-

1468 3424 1562 3473 vid,
1609 3427 1729 3474 Geo.
1771 3426 1823 3485 ii,
1865 3426 1977 3485 44⁷,
2021 3430 2130 3475 448.
2187 3431 2317 3477 Aera
2357 3438 2594 3485 tener-um,-

1465 3488 1586 3537 alias
1609 3498 1806 3538 tenuem
1821 3510 1834 3547 ς
1869 3500 2152 3555 spectatque
2187 3493 2280 3539 hoc
2315 3508 2406 3540 nec
2428 3494 2594 3543 minus

1466 3553 1529 3601 ad
1551 3552 1678 3601 aeris
1713 3566 1951 3613 naturam,
1976 3571 2088 3603 cum
2121 3555 2355 3619 impulsui
2389 3556 2520 3604 cedit
2541 3568 2593 3607 et

1459 3617 1660 3681 pervius
1679 3626 1767 3665 est.
1812 3621 2047 3667 Stomacho
2060 3638 2078 3672 ‚-
2099 3620 2301 3667 Graecus
2318 3636 2478 3668 senno
2499 3630 2588 3681 est,

1460 3681 1589 3729 dixit
1627 3680 1815 3729 scilicet
1855 3680 2119 3744 στόμαχον,
2164 3692 2348 3745 guttur,
2393 3684 2588 3746 gulam

1462 3755 1568 3794 tum
1603 3762 1761 3807 specus
1791 3746 1840 3793 h.
1866 3762 2054 3804 cavum,
2089 3748 2266 3797 vulnus
2295 3748 2450 3806 hians,
2475 3750 2588 3797 red-

1460 3808 1536 3857 dit
1551 3813 1720 3857 undam
1737 3814 1834 3859 atri
1848 3813 2060 3869 vulneris,
2079 3812 2127 3859 h.
2144 3812 2431 3875 sanguinem
2452 3814 2588 3861 ebul-

1460 3874 1664 3923 lientem
1684 3874 1738 3922 in
1761 3876 2002 3923 undarum
2025 3890 2224 3933 morem,
2247 3876 2528 3925 undantem.

1528 3938 1636 3989 ⁷02.
1673 3942 1820 3987 Manu
1833 3960 1852 3995 ,·
1887 3955 2017 3997 ense,
2053 3940 2102 3987 vi
2131 3940 2370 4003 oppositi:
2409 3956 2520 3988 nam
2541 3958 2587 3989 v.

1461 4004 1572 4060 698,
1585 4004 1748 4066 jaculo
1771 4004 2075 4068 Antiphaten
2099 4012 2439 4067 prostraverat.

1526 4066 1798 4119 703-705-
1839 4068 2018 4116 Bitiam
2043 4077 2139 4115 tam
2161 4078 2298 4115 vasto
2315 4076 2364 4115 et
2385 4068 2590 4118 immani

1460 4148 1666 4197 corpore
1702 4132 1854 4181 fixisse
1888 4131 2114 4189 declarat,
2139 4140 2196 4179 ut
2223 4131 2374 4193 jaculi
2411 4132 2590 4183 vulnus

1462 4196 1610 4244 nimis
1632 4196 1755 4253 leve,
1781 4212 1870 4243 nec
1895 4204 2098 4243 mortem
2121 4194 2380 4244 allaturum
2400 4196 2586 4247 fuisset.

1462 4262 1680 4308 Dedisse&
1718 4274 1808 4322 pro
1849 4258 2155 4307 reddidisset.
2225 4262 2474 4310 Phalarion
2515 4273 2590 4311 est

1460 4323 1750 4435 {implgtizittir
1792 4338 1882 4387 pro
1921 4322 2091 4371 lancea
2133 4332 2181 4371 et
2219 4324 2360 4373 hasta
2401 4325 2588 4377 latioris

1485 4402 1582 4435 ern
1655 4402 1682 4434 c

1531 4450 1802 4501 707—709.
1853 4452 2019 4500 Dorica
2049 4454 2205 4513 fidelis
2240 4453 2372 4516 (quse
2411 4456 2592 4513 munit,
