3050 4934
1137 258 1475 322 LIBER
1522 259 1746 332 VIII.

2465 261 2592 322 473

451 402 727 480 AEneas,
762 405 931 468 tristi
961 408 1261 472 turbatus
1292 421 1562 492 pectora
1592 409 1785 484 bello,

318 503 407 565 30
450 503 833 582 Procubuit,
868 528 1207 592 seramque
1240 510 1424 574 dedit
1452 532 1574 593 per
1601 513 1890 574 membra
1919 511 2223 593 quietem.

446 603 623 669 Huic
653 606 819 670 deus
848 608 991 691 ipse
1022 608 1147 674 loci
1174 609 1371 674 fluvio
1400 610 1756 676 Tiberinus
1787 633 2044 676 amoeno

446 705 775 790 Populeas
804 709 975 772 inter
1004 711 1221 775 senior
1252 734 1323 775 se
1353 711 1650 776 attollere
1681 711 1948 777 frondes

444 805 683 885 Visus;
729 830 878 872 eum
906 811 1119 874 tenuis
1148 810 1381 896 glauco
1412 812 1670 876 velabat
1699 814 1938 878 amictu

445 907 798 986 carbasus,
832 921 901 975 et
930 913 1141 977 crines
1172 915 1481 977 umbrosa
1511 916 1776 998 tegebat
1805 916 2092 991 arund03

314 1009 401 1071 35
444 1008 620 1073 Tum
650 1011 741 1075 sic
768 1010 978 1090 affari,
1010 1025 1078 1077 et
1107 1036 1297 1078 curas
1328 1014 1431 1078 his
1462 1015 1722 1080 demere
1753 1016 1979 1079 dictis:

446 1109 510 1172 Ο
544 1122 681 1175 sate
712 1123 906 1195 gente
938 1114 1156 1190 defim,
1189 1115 1546 1199 Trojanam
1576 1137 1661 1180 ex
1690 1115 1990 1180 hostibus
2021 1118 2250 1182 urbem

443 1211 579 1284 Qui
610 1212 864 1276 revehis
896 1215 1109 1291 nebia,
1142 1227 1515 1300 aeternaque
1548 1217 1868 1300 Pergama
1899 1240 2144 1294 servas,

441 1311 845 1396 Exspectate
878 1313 1017 1380 solo
1044 1315 1363 1381 Laurenti
1392 1319 1692 1401 arvisque
1724 1317 2000 1394 Latinis,

438 1412 569 1478 Hic
602 1415 720 1478 tibi
748 1427 927 1481 certa
956 1417 1223 1495 domus3
1270 1419 1453 1495 certi,
1484 1441 1568 1482 ne
1600 1420 1867 1496 absiste,
1903 1419 2224 1499 Penates;

309 1514 396 1577 40
438 1514 595 1578 Neu
626 1515 780 1580 belli
809 1528 1057 1582 terrere
1086 1521 1296 1584 minis.
1372 1519 1624 1585 Tumor
1655 1521 1858 1584 omnis
1890 1532 1958 1584 et
1984 1522 2100 1584 iroe

252 1643 365 1720 s*
442 1617 845 1682 Concessere
876 1618 1090 1684 defim.

440 1718 719 1802 Jamque
750 1721 893 1796 tibi,
924 1743 1007 1785 ne
1037 1745 1203 1786 vana
1234 1733 1429 1807 putes
1458 1721 1600 1785 haec
1627 1722 1880 1806 fingere
1907 1744 2223 1797 somnum,

445 1816 759 1885 Littoreis
788 1823 1017 1905 ingens
1046 1824 1307 1888 inventa
1338 1825 1462 1887 sub
1492 1822 1747 1887 ilicibus
1779 1845 1914 1916 sus,

439 1919 743 2004 Triginta
766 1925 1051 2010 capitum
1081 1925 1281 1990 foetus
1312 1926 1529 2001 enixa,
1550 1925 1834 2008 jacebit3

312 2019 401 2082 45
442 2018 643 2098 Alba,
675 2022 813 2086 solo
843 2026 1189 2102 recubans,
1220 2025 1349 2089 albi
1378 2027 1623 2090 circum
1653 2027 1858 2090 ubera
1887 2026 2042 2088 nati.

436 2121 567 2187 Hic
596 2122 778 2187 locus
808 2126 991 2189 urbis
1021 2127 1167 2203 erit,
1198 2128 1455 2210 requies
1487 2149 1570 2191 ea
1598 2137 1778 2191 certa
1805 2125 2136 2204 laborum;

439 2223 551 2288 Ex
578 2246 710 2308 quo
741 2237 841 2288 ter
870 2226 1057 2290 denis
1084 2229 1315 2291 urbem
1343 2228 1768 2292 redeuntibus
1799 2226 1982 2290 annis

434 2323 761 2390 Ascanius
792 2326 945 2390 clari
974 2328 1213 2392 condet
1242 2329 1638 2412 cognominis
1669 2326 1928 2391 Albam.

437 2424 641 2490 Haud
668 2427 915 2492 incerta
942 2450 1127 2492 canc.
1204 2429 1407 2492 Nunc
1435 2450 1568 2512 qua
1595 2429 1868 2504 ratione,
1901 2428 2079 2510 quod
2107 2429 2331 2505 instat,

303 2526 393 2589 50
438 2525 775 2611 Expedias
806 2529 1034 2606 victor,
1063 2530 1312 2614 paucis,
1346 2530 1638 2605 adverte,
1670 2528 1944 2592 docebo.

431 2626 730 2692 Arcades
760 2627 863 2691 his
894 2630 1048 2706 oriS,
1076 2651 1284 2714 genus
1316 2653 1355 2693 a
1386 2627 1681 2692 Pallante
1712 2628 2099 2712 profectum,

330 2819 539 2866 31—34.
574 2819 702 2866 Deus
726 2819 812 2866 loct*
835 2819 1083 2880 ἑπιχῶριος
1104 2821 1220 2870 θεός.
1256 2819 1391 2884 Ripa

256 2881 456 2931 Tiberis
478 2881 672 2946 populis
686 2897 793 2930 esse
809 2882 979 2930 debuit
994 2893 1245 2946 praetexta.
1298 2887 1385 2933 Te-

262 2950 370 2994 nuis
404 2950 623 2995 carbasus
656 2949 823 3008 glauco
864 2951 1047 3004 amicta,
1094 2963 1185 3012 pro
1217 2949 1389 3011 glauca

260 3009 395 3074 palla
415 3011 667 3060 carbasina
688 3010 905 3060 humeris
933 3011 1011 3059 vel
1038 3012 1210 3061 semoti
1244 3013 1385 3062 fiuvi-

260 3090 405 3123 orum
428 3074 607 3136 injecta
629 3074 681 3122 in
704 3075 858 3138 signis
882 3087 1115 3124 veterum.

330 3139 538 3187 36-38,
600 3139 845 3202 Troianam
898 3156 953 3188 ea·
996 3143 1199 3188 leo-stibus
1233 3143 1389 3188 urbem

270 3206 367 3256 Qun·
410 3207 585 3252 revehis
620 3207 749 3251 nobis
762 3223 778 3250 .·
824 3203 955 3252 idem
990 3204 1224 3252 orationis¹
1254 3203 1389 3252 color

260 3267 347 3330 qui
370 3268 423 3316 in
446 3268 557 3326 illis,
577 3269 719 3316 Ilium
752 3271 803 3316 in
839 3271 1029 3316 Italiam
1048 3276 1239 3329 portam
1252 3287 1269 3322 ,·
1305 3277 1389 3318 tua

260 3332 419 3396 stirpe
474 3341 525 3380 et
564 3332 829 3382 Penatibus
872 3332 1117 3394 sacrisque
1166 3331 1390 3381 adductis

256 3411 375 3446 cum
394 3395 613 3459 reliquiis
626 3397 961 3458 Trojanorum.
996 3399 1210 3445 demnis
1226 3405 1389 3444 autem

296 3476 353 3510 ro
390 3469 463 3508 ter
504 3459 707 3525 stirpem
752 3461 971 3510 Dardani
1016 3461 1281 3510 fabulosam
1322 3477 1387 3510 ex

258 3477 434 3574 ltalia:
471 3525 568 3572 vid.
604 3541 711 3589 sup.
742 3525 813 3582 iii,
841 3525 931 3576 167
952 3541 1053 3588 sqq.
1110 3529 1386 3588 Exspectate

256 3599 462 3653 propter
483 3589 685 3702 deorleud?
706 3589 964 3645 vaticinia3
1000 3605 1177 3654 nempe
1199 3607 1383 3652 exspec-

258 3661 505 3776 “2¹02ss
514 3669 633 3766 p19·ae
656 3663 907 3766 ἒοῗσεεὲΐε
925 3719 973 3765 h.
992 3717 1293 3767 resederunt.
1330 3719 1382 3767 si

254 3782 407 3839 dicas,
452 3783 661 3830 necdum
711 3793 872 3830 tamen
912 3782 1124 3830 sunonis
1168 3783 1291 3830 iram
1330 3783 1383 3832 in

256 3847 496 3908 'trojanos
518 3847 721 3894 cessisse
744 3861 830 3894 seu
862 3847 1101 3910 placatam
1130 3846 1305 3903 fuisse3
1340 3847 1385 3896 si

256 3911 457 3973 quidem
500 3925 753 3974 compares
788 3910 843 3958 ix
884 3926 959 3974 pr.
999 3927 1047 3968 x,
1084 3911 1163 3970 62,
1208 3926 1383 3960 vanam

256 3991 369 4024 eam
392 3990 501 4024 esse
522 3989 575 4024 re
612 3985 709 4024 uta.

330 4041 391 4086 42
415 4055 515 4102 sqq.
610 4055 665 4087 oc
692 4042 795 4101 jam
830 4039 1053 4088 Helenus
1088 4049 1225 4090 vates
1256 4057 1381 4105 prae-

258 4103 459 4154 dixerat
478 4103 560 4152 lib.
584 4103 654 4162 iii,
676 4105 771 4152 388
794 4119 895 4166 sqq.

322 4169 401 4226 47,
427 4170 505 4216 48.
540 4171 617 4216 Ea·
638 4185 750 4231 quo.-
776 4183 839 4218 ex
854 4183 951 4230 quo
972 4178 1203 4233 tempore,
1228 4183 1381 4232 quan-

254 4233 351 4288 do;
386 4247 499 4281 cum
520 4233 793 4295 aliquando.
852 4232 1051 4282 Scilicet
1078 4237 1153 4282 hic
1180 4249 1279 4282 non
1312 4243 1387 4282 est

256 4297 549 4359 urgendum,
590 4297 642 4345 in
678 4297 785 4346 loco
818 4297 922 4346 suis
950 4297 1189 4352 inventae3
1224 4297 1385 4346 sedin

255 4361 339 4408 bis
363 4360 507 4410 terris
526 4377 631 4410 xxx
660 4361 803 4410 annis
829 4361 1007 4426 elapsis
1029 4361 1273 4410 Ascanius
1293 4361 1383 4410 Al-

253 4426 371 4474 bam
394 4425 617 4488 Longam
648 4425 839 4475 condet.
898 4427 947 4474 N
950 4425 1011 4474 isi
1039 4425 1238 4486 dixeris,
1266 4441 1383 4490 poe-

1452 2829 1554 2868 tam
1578 2819 1740 2876 verba,
1764 2823 1840 2866 hic
1861 2821 1982 2866 locus
2005 2821 2133 2868 urbis
2158 2822 2266 2877 erit,
2289 2818 2350 2867 de
2374 2819 2585 2870 Lavinio

1452 2883 1610 2947 accipi
1632 2882 1857 2941 voluisse,
1877 2892 1930 2931 et
1945 2900 2001 2930 ar
2019 2899 2105 2944 quo
2121 2882 2450 2946 supplendum
2472 2899 2580 2932 esse

1453 2951 1546 2998 loco
1559 2967 1578 3002 ,-
1611 2957 1668 2995 ut
1689 2947 1934 2996 sententia
1963 2946 2056 2995 sit:
2092 2946 2186 3004 hic,
2212 2947 2296 2996 ubi
2329 2962 2467 2996 suem
2498 2947 2576 2996 in·

1454 3011 1662 3066 veneris.
1693 3014 1810 3061 urbs
1847 3011 2107 3060 Lavinium
2143 3011 2406 3068 condetur-3
2443 3023 2494 3060 et
2517 3028 2580 3061 ex

1454 3078 1546 3126 hac
1581 3078 1702 3126 urbe
1735 3085 1848 3140 post
1883 3091 1988 3124 xxx
2022 3091 2176 3125 annos
2199 3076 2440 3126 Ascanius
2497 3093 2576 3126 ro-

1452 3157 1650 3203 gressus
1673 3155 1846 3188 novam
1865 3141 2034 3189 urbem
2051 3139 2230 3188 condet
2245 3141 2422 3190 Albam
2487 3157 2576 3190 on-

1451 3221 1578 3267 gam.
1637 3205 1822 3254 Aberat
1843 3221 1902 3252 ea
1915 3221 1945 3253 a
1966 3205 2174 3254 Lavinio
2195 3205 2264 3252 xii
2289 3205 2442 3254 millia
2461 3221 2574 3269 pas-

1452 3283 1612 3316 suum.
1671 3269 1855 3318 Versus
1877 3269 2076 3318 omnino
2107 3285 2208 3316 non
2234 3269 2352 3318 satis
2374 3268 2578 3333 expoliti

1452 3343 1581 3381 sunt.
1641 3335 1772 3380 Glari
1793 3337 2080 3394 cognominis,
2099 3335 2161 3382 ab
2176 3337 2284 3380 alba
2306 3349 2394 3381 sue
2416 3333 2573 3381 nomi-

1454 3407 1634 3452 natam,
1658 3405 1710 3445 ct
1731 3411 1833 3444 xxx
1853 3396 1969 3445 inde
1991 3412 2120 3445 anno
2141 3396 2400 3446 conditam.

1516 3463 1572 3508 51
1603 3476 1704 3523 sqq.
1740 3461 1971 3509 Evander
1991 3461 2120 3508 inter
2141 3461 2384 3509 fabulosos
2405 3460 2578 3510 heroes

1451 3534 1525 3574 est
1542 3524 1603 3572 de
1619 3525 1794 3587 quibus
1807 3534 1970 3572 tamen
1983 3524 2161 3572 certior
2175 3533 2226 3570 et
2239 3522 2470 3584 liquidior
2485 3524 2574 3572 ali-

1451 3589 1645 3652 quando
1665 3589 1792 3636 fama
1813 3589 1930 3642 fuit:
1967 3601 2058 3636 nec
2077 3587 2300 3635 dubitare
2327 3587 2442 3634 licet
2463 3603 2579 3638 eum

1451 3665 1698 3702 auctorem
1721 3652 1871 3701 fixisse
1889 3651 2090 3699 coloniae
2107 3651 2372 3715 Pelasgicoe
2390 3665 2454 3698 ex
2476 3652 2572 3700 Ar·

1447 3718 1586 3766 cadis
1606 3717 1660 3766 in
1679 3716 1870 3766 Italiam
1889 3731 1976 3764 seu
1993 3731 2108 3764 casu
2127 3731 2214 3764 seu
2232 3713 2435 3764 consilio
2455 3731 2570 3779 pro-

1447 3782 1600 3831 fectae.
1633 3782 1826 3830 Literas
1839 3796 2002 3830 secum
2017 3780 2238 3828 attidisse
2249 3779 2508 3837 ferebatur,
2525 3791 2576 3828 et
2603 3797 2606 3802 ·

1450 3857 1594 3904 artes,
1630 3857 1680 3895 et
1715 3847 1830 3894 vitae
1861 3843 2160 3894 humanioris
2197 3844 2423 3893 instituta
2461 3843 2572 3892 alia.

1450 3913 1658 3961 Tractus
1688 3911 1771 3959 ille
1806 3910 1868 3958 ad
1898 3925 2042 3972 quem
2073 3908 2290 3966 accessit,
2327 3908 2457 3956 circa
2483 3907 2570 3955 'ri-

1452 3977 1619 4034 berim,
1643 3991 1674 4023 a
1693 3974 1808 4024 seris
1829 3974 2108 4023 hominibus
2123 3989 2212 4036 per
2233 3973 2382 4021 silvas
2403 3987 2570 4020 erran-

1450 4041 1582 4089 tibus
1625 4050 1729 4089 tum
1765 4039 2010 4088 habitatus
2047 4053 2156 4086 esse
2197 4045 2435 4085 narratur.
2493 4037 2573 4084 De

1451 4114 1668 4169 tempore
1703 4119 1926 4152 accessus
1969 4105 2074 4163 ejus
2111 4102 2176 4148 ad
2221 4100 2414 4149 Italiam
2454 4100 2573 4150 satis

1448 4169 1579 4218 inter
1601 4168 1862 4231 scriptores
1879 4165 2122 4222 convenit,
2143 4165 2322 4214 factum
2339 4180 2452 4213 eum
2465 4179 2573 4214 esse

1449 4233 1502 4281 lx
1524 4249 1680 4282 annos
1701 4241 1813 4280 ante
1836 4231 2030 4292 Trojam
2057 4239 2264 4292 captam,
2286 4230 2378 4277 sub
2403 4229 2572 4278 Fauno

1452 4297 1739 4345 Latinorum
1783 4310 1912 4356 reg-e.
1985 4297 2200 4342 Evander
2251 4309 2364 4342 cum
2419 4307 2574 4344 matre

1451 4363 1714 4410 Carmenta
1745 4373 1834 4408 seu
1867 4357 2160 4416 Nicostrata,
2185 4366 2308 4416 vate,
2333 4373 2396 4406 ex
2417 4359 2570 4407 Arca-

1452 4425 1532 4474 dia
1554 4423 1812 4489 profectus,
1838 4423 2066 4486 Pelasgos
2099 4437 2214 4472 suos
2247 4421 2300 4471 in
2319 4422 2425 4472 loca
2445 4422 2577 4472 circa

1436 4503 1466 4537 r
