3050 4934
513 309 574 372 vi
1245 313 1737 380 VIRGILII
1796 311 2079 380 VITA.

513 442 572 490 U.
597 443 652 492 C.

767 523 1078 610 sequente
1102 551 1270 594 anno
1291 527 1488 594 filiam
1511 529 1801 615 suscepit
1824 552 1908 594 ex
1930 551 2009 595 ea
2026 526 2073 592 J
2074 527 2286 592 uliam.
2354 525 2511 590 Huc
2530 531 2830 607 spectare

765 643 1022 709 videtur
1053 644 1305 732 Ecloga
1330 658 1584 732 quarta.

681 757 824 824 Pax
868 760 1306 828 Brundusina.
1370 765 1670 843 Octavia,
1704 765 1983 830 Caesaris
2030 785 2236 841 soror,
2282 763 2495 847 (cujus
2550 759 2819 824 maritus

765 877 844 942 C.
877 878 1110 944 Claud.
1143 879 1498 948 Marcellus
1525 905 1739 968 nuper
1768 881 2068 965 obierat,)
2109 880 2210 946 M.
2245 877 2535 946 Antonio
2577 879 2643 942 in
2685 898 2829 940 ma·

765 995 1130 1062 trimonium
1159 999 1314 1065 data
1340 1010 1464 1064 est.

507 1112 656 1176 715.
705 1111 913 1180 ΡοΠίο
957 1117 1041 1181 de
1091 1116 1444 1196 Parthinis‚
1490 1116 1729 1202 Illyrici
1769 1116 2035 1203 populo,
2074 1113 2465 1201 triumphat:
2512 1113 2643 1178 vid.
2672 1110 2821 1179 Ecl.

764 1233 892 1312 viii,
924 1235 987 1298 7.

505 1348 654 1412 717.
701 1346 858 1414 Vid.
889 1350 975 1415 ad
1019 1351 1191 1417 Geo.
1225 1354 1268 1427 i,
1301 1352 1641 1418 505.—M.
1692 1352 2017 1439 Agrippa,
2046 1351 2316 1431 Consul,
2347 1372 2495 1418 cum
2526 1347 2823 1414 exercitu

764 1465 1074 1532 Rhenum
1119 1470 1394 1554 trajecit,
1443 1470 1555 1552 (cf.
1600 1469 1747 1536 Ecl.
1776 1493 1842 1548 x,
1871 1469 1959 1534 46
1996 1469 2169 1554 sqq.)
2225 1490 2262 1534 e
2307 1466 2622 1533 Romanis
2666 1475 2823 1550 post

757 1584 804 1650 J
806 1584 1004 1650 ulium
1030 1585 1355 1652 Caesarem
1381 1587 2002 1674 primus.—-Eodem
2030 1609 2201 1652 anno
2230 1597 2461 1672 portus
2485 1583 2703 1650 Julius
2732 1584 2821 1648 ab

759 1701 1065 1789 Agrippa
1110 1704 1319 1770 factus
1368 1717 1492 1782 est,
1543 1704 1689 1770 lacu
1734 1703 2003 1772 Averno
2048 1715 2117 1771 et
2162 1703 2455 1770 Lucrino
2482 1723 2631 1768 cum
2658 1700 2822 1766 mari

757 1821 1140 1885 commissis:
1189 1821 1319 1886 vid.
1355 1821 1526 1887 Geo.
1558 1823 1625 1900 ii,
1662 1823 1805 1886 161.

500 1937 650 2001 718.
697 1937 940 2003 Sextus
971 1937 1323 2024 Pompeius
1355 1960 1578 2024 pugna
1620 1937 1829 2004 navali
1858 1939 2090 2016 victus,
2118 1949 2187 2004 et
2219 1937 2514 2023 Lepidus
2538 1937 2605 2002 in
2635 1935 2823 2000 dedi-

756 2054 995 2118 tionem
1023 2065 1346 2140 receptus.

498 2173 646 2236 723.
693 2171 930 2257 Pugna
955 2172 1134 2257 apud
1151 2169 1440 2250 Actium,
1477 2173 1542 2236 iv
1570 2173 1749 2240 Non.
1784 2172 2157 2259 Septemb.:
2202 2172 2333 2238 vid.
2356 2171 2517 2238 AEn.
2539 2171 2670 2249 viii,
2688 2169 2822 2235 675

757 2312 899 2374 sqq.

495 2406 644 2472 724.
694 2406 940 2487 Caesar,
972 2406 1379 2474 Alexandria
1418 2410 1692 2494 potitus,
1720 2429 1841 2494 per
1885 2408 2140 2493 Syriam
2182 2408 2251 2472 in
2292 2405 2521 2472 Asiam
2561 2407 2822 2492 provin-

751 2526 916 2591 ciam
967 2526 1302 2610 profectus
1355 2536 1480 2604 est,
1534 2538 1602 2592 et
1653 2525 1931 2593 hiberna
1984 2527 2077 2591 ibi
2128 2547 2356 2612 agens,
2406 2525 2819 2591 subditorum

751 2645 966 2708 omnia
1007 2645 1269 2728 negotia
1311 2654 1379 2710 et
1423 2643 1736 2710 Parthica
1776 2646 2161 2730 composuit,
2186 2641 2323 2712 filio
2366 2643 2669 2710 Phraatis
2702 2645 2821 2708 ob-

749 2761 891 2826 side
920 2772 1212 2847 accepto.
1289 2761 1446 2826 Huc
1475 2761 1822 2828 referenda
1853 2774 2006 2828 sunt
2036 2762 2210 2828 Geo.
2244 2762 2312 2841 ii,
2348 2763 2463 2828 171
2502 2785 2598 2847 sq.
2632 2761 2809 2827 Geo.

747 2878 838 2956 iii,
891 2879 979 2944 26
1019 2901 1164 2963 sqq.
1217 2878 1388 2943 Geo.
1443 2880 1528 2956 iv,
1578 2880 1707 2944 559
1756 2903 1897 2966 sqq.
1978 2880 2148 2947 Sunt
2196 2891 2412 2947 tamen
2456 2880 2573 2964 qui
2616 2880 2817 2944 istum

747 2995 1226 3081 Georgicorum
1255 2994 1611 3082 Epilogum
1644 2997 1905 3064 Maroni
1934 2999 2337 3083 abjudicant.

661 3113 763 3178 M.
785 3113 1066 3180 Crassus
1091 3112 1315 3178 Dacos
1329 3111 1621 3198 aliosque
1644 3115 1732 3180 ad
1750 3115 2135 3181 Danubium
2158 3113 2439 3200 populos
2458 3113 2812 3200 repressit:

747 3230 832 3296 cf.
867 3231 1040 3296 Geo.
1073 3232 1138 3310 ii,
1163 3231 1313 3295 497.

490 3349 640 3414 725.
690 3347 938 3427 Coesar,
969 3349 1154 3414 trinis
1186 3349 1420 3414 diebus
1451 3349 1536 3414 de
1579 3347 1997 3429 Macedonia,
2028 3349 2381 3429 Dalmatia,
2411 3362 2478 3417 et
2506 3349 2811 3436 AEgypto

745 3466 1186 3551 triumphavit,
1219 3466 1374 3550 (vid.
1397 3466 1559 3532 AEn.
1584 3467 1715 3544 viii,
1736 3466 1865 3532 714
1893 3467 2067 3552 sqq.)
2096 3479 2165 3534 et
2194 3468 2425 3533 divinis
2447 3467 2808 3533 honoribus

736 3585 874 3668 jam
897 3583 1023 3649 coli
1050 3583 1271 3669 coepit.

659 3701 950 3766 Decreto
993 3712 1258 3767 senatus
1303 3702 1615 3788 templum
1656 3701 1813 3768 Jani
1840 3700 2131 3770 clausum
2158 3713 2284 3781 est,
2328 3722 2537 3788 usque
2567 3702 2653 3768 ad
2694 3725 2809 3768 an-

746 3841 900 3884 num
928 3819 1092 3882 727:
1139 3818 1224 3884 cf.
1257 3817 1419 3885 AEn.
1451 3820 1498 3896 i,
1525 3820 1678 3884 294.

657 3935 769 4002 Ad
811 3937 990 4002 hunc
1035 3957 1276 4000 annum
1319 3936 1602 4020 pertinet
1647 3935 1929 4002 Caesaris
1973 3937 2057 4002 de
2100 3937 2372 4022 imperio
2411 3938 2803 4024 deponendo

741 4076 890 4120 cum
917 4053 1283 4120 Maecenate
1314 4065 1383 4119 et
1411 4051 1717 4140 Agrippa
1741 4054 1967 4120 habita
1994 4053 2403 4122 consultatio.

487 4173 635 4238 726.
681 4168 1006 4256 Apollinis
1036 4174 1102 4237 in
1132 4169 1386 4238 Palatio
1416 4171 1727 4258 templum
1758 4195 1904 4238 cum
1931 4170 2329 4241 bibliotheca
2368 4175 2592 4240 Caesar
2620 4173 2807 4240 dedi-

739 4289 928 4355 cavit.
1007 4289 1238 4357 Ludos
1269 4289 1577 4357 Actiacos
1615 4289 2129 4377 quinquennales
2158 4291 2471 4358 instituit:
2518 4289 2603 4357 cf.
2636 4290 2799 4356 AEn.

741 4407 830 4484 iii,
861 4407 1012 4472 280.
