<?xml version="1.0" encoding="UTF-8"?>
<!DOCTYPE html PUBLIC "-//W3C//DTD XHTML 1.0 Transitional//EN"
    "http://www.w3.org/TR/xhtml1/DTD/xhtml1-transitional.dtd">
<html xmlns="http://www.w3.org/1999/xhtml" xml:lang="en" lang="en">
 <head>
  <title>
</title>
<meta http-equiv="Content-Type" content="text/html;charset=utf-8" />
  <meta name='ocr-system' content='tesseract 3.04.00' />
  <meta name='ocr-capabilities' content='ocr_page ocr_carea ocr_par ocr_line ocrx_word'/>
</head>
<body>
  <div class='ocr_page' id='page_1' title='image "./publiivirgiliim00unkngoog_0025.png"; bbox 0 0 3050 4934; ppageno 0'>
   <div class='ocr_carea' id='block_1_1' title="bbox 495 238 578 302">
    <p class='ocr_par' dir='ltr' id='par_1_1' title="bbox 495 238 578 302">
     <span class='ocr_line' id='line_1_1' title="bbox 495 238 578 302; baseline -0.024 0"><span class='ocrx_word' id='word_1_1' title='bbox 495 238 578 302; x_wconf 83' lang='lat'>14</span> 
     </span>
    </p>
   </div>
   <div class='ocr_carea' id='block_1_2' title="bbox 1322 228 1970 314">
    <p class='ocr_par' dir='ltr' id='par_1_2' title="bbox 1322 228 1970 314">
     <span class='ocr_line' id='line_1_2' title="bbox 1322 228 1970 314; baseline -0.005 -17"><span class='ocrx_word' id='word_1_2' title='bbox 1322 228 1970 314; x_wconf 77' lang='lat' dir='ltr'>BucomcoN</span> 
     </span>
    </p>
   </div>
   <div class='ocr_carea' id='block_1_3' title="bbox 533 377 2695 2484">
    <p class='ocr_par' dir='ltr' id='par_1_3' title="bbox 660 377 2359 571">
     <span class='ocr_line' id='line_1_3' title="bbox 660 377 2224 470; baseline -0.006 -19"><span class='ocrx_word' id='word_1_3' title='bbox 660 386 991 470; x_wconf 85' lang='lat' dir='ltr'>Excipere</span> <span class='ocrx_word' id='word_1_4' title='bbox 1020 383 1294 460; x_wconf 81' lang='lat' dir='ltr'>insidiis,</span> <span class='ocrx_word' id='word_1_5' title='bbox 1323 381 1601 446; x_wconf 84' lang='lat' dir='ltr'>multum</span> <span class='ocrx_word' id='word_1_6' title='bbox 1628 379 1909 445; x_wconf 78' lang='lat' dir='ltr'>latrante</span> <span class='ocrx_word' id='word_1_7' title='bbox 1939 377 2224 464; x_wconf 57' lang='lat' dir='ltr'>lyciscas?</span> 
     </span>
     <span class='ocr_line' id='line_1_4' title="bbox 661 477 2359 571; baseline -0.005 -20"><span class='ocrx_word' id='word_1_8' title='bbox 661 487 755 551; x_wconf 82' lang='lat' dir='ltr'>Et</span> <span class='ocrx_word' id='word_1_9' title='bbox 783 509 983 571; x_wconf 89' lang='lat' dir='ltr'>quum</span> <span class='ocrx_word' id='word_1_10' title='bbox 1011 484 1375 562; x_wconf 76' lang='lat' dir='ltr'>clamarem,</span> <span class='ocrx_word' id='word_1_11' title='bbox 1407 483 1567 557; x_wconf 85' lang='lat' dir='ltr'>Quo</span> <span class='ocrx_word' id='word_1_12' title='bbox 1594 504 1768 548; x_wconf 89' lang='lat' dir='ltr'>nunc</span> <span class='ocrx_word' id='word_1_13' title='bbox 1798 503 1868 546; x_wconf 88' lang='lat' dir='ltr'>se</span> <span class='ocrx_word' id='word_1_14' title='bbox 1897 481 2177 566; x_wconf 84' lang='lat' dir='ltr'>proripit</span> <span class='ocrx_word' id='word_1_15' title='bbox 2202 477 2359 544; x_wconf 64' lang='lat' dir='ltr'>ille?</span> 
     </span>
    </p>

    <p class='ocr_par' dir='ltr' id='par_1_4' title="bbox 533 580 2285 671">
     <span class='ocr_line' id='line_1_5' title="bbox 533 580 2285 671; baseline -0.005 -19"><span class='ocrx_word' id='word_1_16' title='bbox 533 589 620 652; x_wconf 72' lang='lat'>20</span> <span class='ocrx_word' id='word_1_17' title='bbox 662 587 918 671; x_wconf 84' lang='lat' dir='ltr'><strong>Tityre,</strong></span> <span class='ocrx_word' id='word_1_18' title='bbox 949 609 1110 670; x_wconf 88' lang='lat' dir='ltr'>coge</span> <span class='ocrx_word' id='word_1_19' title='bbox 1141 607 1344 670; x_wconf 89' lang='lat' dir='ltr'>pecus</span> <span class='ocrx_word' id='word_1_20' title='bbox 1371 612 1388 664; x_wconf 91' lang='lat'><strong>;</strong></span> <span class='ocrx_word' id='word_1_21' title='bbox 1434 595 1508 649; x_wconf 90' lang='lat' dir='ltr'>tu</span> <span class='ocrx_word' id='word_1_22' title='bbox 1538 594 1692 668; x_wconf 83' lang='lat' dir='ltr'>post</span> <span class='ocrx_word' id='word_1_23' title='bbox 1720 594 1981 648; x_wconf 80' lang='lat' dir='ltr'>carecta</span> <span class='ocrx_word' id='word_1_24' title='bbox 2005 580 2285 646; x_wconf 75' lang='lat' dir='ltr'>latebas,</span> 
     </span>
    </p>

    <p class='ocr_par' dir='ltr' id='par_1_5' title="bbox 662 678 2471 1074">
     <span class='ocr_line' id='line_1_6' title="bbox 662 678 2460 754; baseline -0.006 -2"><span class='ocrx_word' id='word_1_25' title='bbox 662 688 856 752; x_wconf 68' lang='lat' dir='ltr'>Dm.</span> <span class='ocrx_word' id='word_1_26' title='bbox 905 687 1016 751; x_wconf 90' lang='lat' dir='ltr'>An</span> <span class='ocrx_word' id='word_1_27' title='bbox 1045 687 1200 751; x_wconf 88' lang='lat' dir='ltr'>mihi</span> <span class='ocrx_word' id='word_1_28' title='bbox 1229 685 1555 751; x_wconf 79' lang='lat' dir='ltr'>cantando</span> <span class='ocrx_word' id='word_1_29' title='bbox 1586 686 1795 749; x_wconf 86' lang='lat' dir='ltr'>victus</span> <span class='ocrx_word' id='word_1_30' title='bbox 1824 705 1957 747; x_wconf 89' lang='lat' dir='ltr'>non</span> <span class='ocrx_word' id='word_1_31' title='bbox 1985 682 2299 746; x_wconf 88' lang='lat' dir='ltr'>redderet</span> <span class='ocrx_word' id='word_1_32' title='bbox 2328 678 2460 754; x_wconf 90' lang='lat' dir='ltr'>ille,</span> 
     </span>
     <span class='ocr_line' id='line_1_7' title="bbox 664 781 2471 863; baseline -0.007 -9"><span class='ocrx_word' id='word_1_33' title='bbox 664 789 883 862; x_wconf 81' lang='lat' dir='ltr'>Quem</span> <span class='ocrx_word' id='word_1_34' title='bbox 911 809 1055 852; x_wconf 81' lang='lat' dir='ltr'>mea</span> <span class='ocrx_word' id='word_1_35' title='bbox 1083 787 1472 852; x_wconf 81' lang='lat' dir='ltr'><strong>carminibus</strong></span> <span class='ocrx_word' id='word_1_36' title='bbox 1503 785 1850 848; x_wconf 86' lang='lat' dir='ltr'>meruisset</span> <span class='ocrx_word' id='word_1_37' title='bbox 1876 783 2121 857; x_wconf 76' lang='lat' dir='ltr'>fistula,</span> <span class='ocrx_word' id='word_1_38' title='bbox 2152 801 2419 863; x_wconf 86' lang='lat' dir='ltr'>caprum</span> <span class='ocrx_word' id='word_1_39' title='bbox 2443 781 2471 841; x_wconf 70' lang='lat'><em>2</em></span> 
     </span>
     <span class='ocr_line' id='line_1_8' title="bbox 663 881 2350 968; baseline -0.006 -15"><span class='ocrx_word' id='word_1_40' title='bbox 663 889 736 953; x_wconf 91' lang='lat' dir='ltr'>Si</span> <span class='ocrx_word' id='word_1_41' title='bbox 765 889 1002 964; x_wconf 75' lang='lat' dir='ltr'>nesciS,</span> <span class='ocrx_word' id='word_1_42' title='bbox 1029 909 1210 952; x_wconf 90' lang='lat' dir='ltr'>meus</span> <span class='ocrx_word' id='word_1_43' title='bbox 1242 885 1348 949; x_wconf 87' lang='lat' dir='ltr'>illc</span> <span class='ocrx_word' id='word_1_44' title='bbox 1373 907 1572 968; x_wconf 81' lang='lat' dir='ltr'>caper</span> <span class='ocrx_word' id='word_1_45' title='bbox 1602 883 1759 948; x_wconf 80' lang='lat' dir='ltr'>fuit:</span> <span class='ocrx_word' id='word_1_46' title='bbox 1807 893 1875 947; x_wconf 82' lang='lat' dir='ltr'>et</span> <span class='ocrx_word' id='word_1_47' title='bbox 1898 881 2055 946; x_wconf 86' lang='lat' dir='ltr'>mihi</span> <span class='ocrx_word' id='word_1_48' title='bbox 2087 881 2350 944; x_wconf 87' lang='lat' dir='ltr'><strong>Damon</strong></span> 
     </span>
     <span class='ocr_line' id='line_1_9' title="bbox 663 983 2253 1074; baseline -0.005 -21"><span class='ocrx_word' id='word_1_49' title='bbox 663 989 816 1074; x_wconf 89' lang='lat' dir='ltr'>Ipse</span> <span class='ocrx_word' id='word_1_50' title='bbox 847 988 1212 1064; x_wconf 82' lang='lat' dir='ltr'>fatebatur3</span> <span class='ocrx_word' id='word_1_51' title='bbox 1260 986 1378 1050; x_wconf 89' lang='lat' dir='ltr'>scd</span> <span class='ocrx_word' id='word_1_52' title='bbox 1409 985 1691 1049; x_wconf 83' lang='lat' dir='ltr'>reddere</span> <span class='ocrx_word' id='word_1_53' title='bbox 1721 1005 1917 1068; x_wconf 84' lang='lat' dir='ltr'>posse</span> <span class='ocrx_word' id='word_1_54' title='bbox 1949 983 2253 1066; x_wconf 78' lang='lat' dir='ltr'>negabat.</span> 
     </span>
    </p>

    <p class='ocr_par' dir='ltr' id='par_1_6' title="bbox 535 1079 2687 1372">
     <span class='ocr_line' id='line_1_10' title="bbox 535 1079 2687 1167; baseline -0.006 -12"><span class='ocrx_word' id='word_1_55' title='bbox 535 1092 622 1154; x_wconf 74' lang='lat'>25</span> <span class='ocrx_word' id='word_1_56' title='bbox 666 1091 864 1155; x_wconf 75' lang='grc' dir='ltr'><strong>ΜΕΝ.</strong></span> <span class='ocrx_word' id='word_1_57' title='bbox 914 1088 1260 1153; x_wconf 77' lang='lat' dir='ltr'><strong>Cantando</strong></span> <span class='ocrx_word' id='word_1_58' title='bbox 1289 1099 1362 1152; x_wconf 88' lang='lat' dir='ltr'>tu</span> <span class='ocrx_word' id='word_1_59' title='bbox 1390 1085 1614 1150; x_wconf 68' lang='lat' dir='ltr'>illum?</span> <span class='ocrx_word' id='word_1_60' title='bbox 1666 1095 1781 1149; x_wconf 82' lang='lat' dir='ltr'>aut</span> <span class='ocrx_word' id='word_1_61' title='bbox 1810 1106 2101 1167; x_wconf 81' lang='lat' dir='ltr'>unquam</span> <span class='ocrx_word' id='word_1_62' title='bbox 2133 1083 2253 1148; x_wconf 90' lang='lat' dir='ltr'>tibi</span> <span class='ocrx_word' id='word_1_63' title='bbox 2281 1079 2504 1146; x_wconf 80' lang='lat' dir='ltr'>fistula</span> <span class='ocrx_word' id='word_1_64' title='bbox 2532 1101 2687 1146; x_wconf 76' lang='lat' dir='ltr'>cera</span> 
     </span>
     <span class='ocr_line' id='line_1_11' title="bbox 665 1182 2339 1262; baseline -0.005 -7"><span class='ocrx_word' id='word_1_65' title='bbox 665 1191 910 1255; x_wconf 69' lang='lat' dir='ltr'>«Iuncta</span> <span class='ocrx_word' id='word_1_66' title='bbox 939 1189 1099 1254; x_wconf 71' lang='lat' dir='ltr'>fuit?</span> <span class='ocrx_word' id='word_1_67' title='bbox 1145 1210 1276 1252; x_wconf 91' lang='lat' dir='ltr'>non</span> <span class='ocrx_word' id='word_1_68' title='bbox 1305 1198 1379 1252; x_wconf 90' lang='lat' dir='ltr'>tu</span> <span class='ocrx_word' id='word_1_69' title='bbox 1407 1188 1474 1251; x_wconf 89' lang='lat' dir='ltr'>in</span> <span class='ocrx_word' id='word_1_70' title='bbox 1505 1187 1733 1262; x_wconf 82' lang='lat' dir='ltr'><strong>triviis,</strong></span> <span class='ocrx_word' id='word_1_71' title='bbox 1766 1186 2048 1262; x_wconf 74' lang='lat' dir='ltr'>indocte,</span> <span class='ocrx_word' id='word_1_72' title='bbox 2082 1182 2339 1249; x_wconf 82' lang='lat' dir='ltr'>solebas</span> 
     </span>
     <span class='ocr_line' id='line_1_12' title="bbox 668 1286 2335 1372; baseline -0.004 -16"><span class='ocrx_word' id='word_1_73' title='bbox 668 1291 986 1356; x_wconf 84' lang='lat' dir='ltr'>Stridenti</span> <span class='ocrx_word' id='word_1_74' title='bbox 1013 1291 1320 1354; x_wconf 89' lang='lat' dir='ltr'>miserum</span> <span class='ocrx_word' id='word_1_75' title='bbox 1347 1286 1589 1372; x_wconf 84' lang='lat' dir='ltr'>stipula</span> <span class='ocrx_word' id='word_1_76' title='bbox 1615 1286 1999 1370; x_wconf 83' lang='lat' dir='ltr'>disperdere</span> <span class='ocrx_word' id='word_1_77' title='bbox 2030 1287 2335 1350; x_wconf 68' lang='lat' dir='ltr'>carmen?</span> 
     </span>
    </p>

    <p class='ocr_par' dir='ltr' id='par_1_7' title="bbox 665 1385 2695 1578">
     <span class='ocr_line' id='line_1_13' title="bbox 665 1385 2695 1474; baseline -0.004 -17"><span class='ocrx_word' id='word_1_78' title='bbox 665 1393 857 1457; x_wconf 76' lang='grc' dir='ltr'><strong>ΒΑΜ.</strong></span> <span class='ocrx_word' id='word_1_79' title='bbox 905 1391 1028 1456; x_wconf 88' lang='lat' dir='ltr'>Vis</span> <span class='ocrx_word' id='word_1_80' title='bbox 1059 1413 1242 1474; x_wconf 87' lang='lat' dir='ltr'>erg0‚</span> <span class='ocrx_word' id='word_1_81' title='bbox 1273 1390 1444 1454; x_wconf 80' lang='lat' dir='ltr'>inter</span> <span class='ocrx_word' id='word_1_82' title='bbox 1473 1411 1619 1465; x_wconf 76' lang='lat' dir='ltr'>nOS,</span> <span class='ocrx_word' id='word_1_83' title='bbox 1650 1388 1808 1472; x_wconf 91' lang='lat' dir='ltr'>quid</span> <span class='ocrx_word' id='word_1_84' title='bbox 1838 1387 2049 1472; x_wconf 84' lang='lat' dir='ltr'>possit</span> <span class='ocrx_word' id='word_1_85' title='bbox 2078 1397 2381 1471; x_wconf 86' lang='lat' dir='ltr'>uterquc,</span> <span class='ocrx_word' id='word_1_86' title='bbox 2413 1385 2695 1452; x_wconf 84' lang='lat' dir='ltr'>vicissim</span> 
     </span>
     <span class='ocr_line' id='line_1_14' title="bbox 669 1487 2505 1578; baseline -0.004 -21"><span class='ocrx_word' id='word_1_87' title='bbox 669 1493 1152 1578; x_wconf 68' lang='lat' dir='ltr'>Experiamur?</span> <span class='ocrx_word' id='word_1_88' title='bbox 1200 1490 1352 1575; x_wconf 83' lang='lat' dir='ltr'>Ego</span> <span class='ocrx_word' id='word_1_89' title='bbox 1381 1489 1553 1554; x_wconf 82' lang='lat' dir='ltr'>hanc</span> <span class='ocrx_word' id='word_1_90' title='bbox 1580 1487 1847 1552; x_wconf 81' lang='lat' dir='ltr'>vitulam</span> <span class='ocrx_word' id='word_1_91' title='bbox 1876 1488 1983 1570; x_wconf 90' lang='lat' dir='ltr'>(ne</span> <span class='ocrx_word' id='word_1_92' title='bbox 2014 1487 2183 1553; x_wconf 84' lang='lat' dir='ltr'>forte</span> <span class='ocrx_word' id='word_1_93' title='bbox 2215 1509 2479 1554; x_wconf 86' lang='lat' dir='ltr'>recuses</span> <span class='ocrx_word' id='word_1_94' title='bbox 2486 1533 2505 1563; x_wconf 93' lang='lat'>,</span> 
     </span>
    </p>

    <p class='ocr_par' dir='ltr' id='par_1_8' title="bbox 535 1588 2347 1780">
     <span class='ocr_line' id='line_1_15' title="bbox 535 1588 2347 1672; baseline -0.003 -13"><span class='ocrx_word' id='word_1_95' title='bbox 535 1596 621 1659; x_wconf 84' lang='lat'>30</span> <span class='ocrx_word' id='word_1_96' title='bbox 664 1594 782 1658; x_wconf 84' lang='lat' dir='ltr'>Bis</span> <span class='ocrx_word' id='word_1_97' title='bbox 811 1594 989 1658; x_wconf 84' lang='lat' dir='ltr'>venit</span> <span class='ocrx_word' id='word_1_98' title='bbox 1017 1593 1107 1656; x_wconf 80' lang='lat' dir='ltr'>ad</span> <span class='ocrx_word' id='word_1_99' title='bbox 1131 1590 1494 1668; x_wconf 81' lang='lat' dir='ltr'>mulctram,</span> <span class='ocrx_word' id='word_1_100' title='bbox 1517 1591 1709 1655; x_wconf 87' lang='lat' dir='ltr'>binos</span> <span class='ocrx_word' id='word_1_101' title='bbox 1738 1588 1853 1653; x_wconf 83' lang='lat' dir='ltr'>alit</span> <span class='ocrx_word' id='word_1_102' title='bbox 1882 1590 2086 1654; x_wconf 89' lang='lat' dir='ltr'>ubere</span> <span class='ocrx_word' id='word_1_103' title='bbox 2117 1589 2347 1672; x_wconf 84' lang='lat' dir='ltr'>foetus)</span> 
     </span>
     <span class='ocr_line' id='line_1_16' title="bbox 666 1692 2279 1780; baseline -0.002 -21"><span class='ocrx_word' id='word_1_104' title='bbox 666 1695 992 1780; x_wconf 75' lang='lat' dir='ltr'>Deponot</span> <span class='ocrx_word' id='word_1_105' title='bbox 1039 1705 1114 1758; x_wconf 88' lang='lat' dir='ltr'>tu</span> <span class='ocrx_word' id='word_1_106' title='bbox 1139 1694 1268 1771; x_wconf 91' lang='lat' dir='ltr'>dic,</span> <span class='ocrx_word' id='word_1_107' title='bbox 1299 1714 1553 1757; x_wconf 89' lang='lat' dir='ltr'>mecum</span> <span class='ocrx_word' id='word_1_108' title='bbox 1581 1713 1713 1776; x_wconf 90' lang='lat' dir='ltr'>quo</span> <span class='ocrx_word' id='word_1_109' title='bbox 1740 1692 2015 1776; x_wconf 87' lang='lat' dir='ltr'>pignore</span> <span class='ocrx_word' id='word_1_110' title='bbox 2045 1703 2279 1757; x_wconf 73' lang='lat' dir='ltr'>certeS.</span> 
     </span>
    </p>

    <p class='ocr_par' dir='ltr' id='par_1_9' title="bbox 667 1792 2683 2080">
     <span class='ocr_line' id='line_1_17' title="bbox 667 1792 2683 1879; baseline -0.002 -19"><span class='ocrx_word' id='word_1_111' title='bbox 667 1795 864 1860; x_wconf 61' lang='lat' dir='ltr'>Mau.</span> <span class='ocrx_word' id='word_1_112' title='bbox 914 1795 1024 1859; x_wconf 91' lang='lat' dir='ltr'>De</span> <span class='ocrx_word' id='word_1_113' title='bbox 1053 1815 1256 1879; x_wconf 83' lang='lat' dir='ltr'>grege</span> <span class='ocrx_word' id='word_1_114' title='bbox 1286 1816 1416 1859; x_wconf 88' lang='lat' dir='ltr'>non</span> <span class='ocrx_word' id='word_1_115' title='bbox 1445 1793 1653 1858; x_wconf 84' lang='lat' dir='ltr'>ausim</span> <span class='ocrx_word' id='word_1_116' title='bbox 1682 1792 2038 1876; x_wconf 76' lang='lat' dir='ltr'><strong>quidquam</strong></span> <span class='ocrx_word' id='word_1_117' title='bbox 2068 1792 2399 1876; x_wconf 83' lang='lat' dir='ltr'>deponere</span> <span class='ocrx_word' id='word_1_118' title='bbox 2430 1802 2683 1856; x_wconf 84' lang='lat' dir='ltr'>tecum:</span> 
     </span>
     <span class='ocr_line' id='line_1_18' title="bbox 668 1893 2483 1979; baseline -0.002 -18"><span class='ocrx_word' id='word_1_119' title='bbox 668 1897 798 1961; x_wconf 88' lang='lat' dir='ltr'>Est</span> <span class='ocrx_word' id='word_1_120' title='bbox 821 1894 980 1960; x_wconf 91' lang='lat' dir='ltr'>mihi</span> <span class='ocrx_word' id='word_1_121' title='bbox 1006 1917 1284 1979; x_wconf 80' lang='lat' dir='ltr'>namque</span> <span class='ocrx_word' id='word_1_122' title='bbox 1316 1894 1490 1958; x_wconf 89' lang='lat' dir='ltr'>domi</span> <span class='ocrx_word' id='word_1_123' title='bbox 1518 1903 1734 1978; x_wconf 82' lang='lat' dir='ltr'>pater,</span> <span class='ocrx_word' id='word_1_124' title='bbox 1764 1905 1869 1958; x_wconf 84' lang='lat' dir='ltr'>est</span> <span class='ocrx_word' id='word_1_125' title='bbox 1896 1893 2139 1978; x_wconf 82' lang='lat' dir='ltr'>injusta.</span> <span class='ocrx_word' id='word_1_126' title='bbox 2168 1915 2483 1970; x_wconf 79' lang='lat' dir='ltr'>noverca3</span> 
     </span>
     <span class='ocr_line' id='line_1_19' title="bbox 669 1994 2475 2080; baseline -0.002 -19"><span class='ocrx_word' id='word_1_127' title='bbox 669 1998 918 2080; x_wconf 87' lang='lat' dir='ltr'><strong>Bisque</strong></span> <span class='ocrx_word' id='word_1_128' title='bbox 947 1996 1055 2061; x_wconf 89' lang='lat' dir='ltr'>die</span> <span class='ocrx_word' id='word_1_129' title='bbox 1085 2007 1430 2060; x_wconf 87' lang='lat' dir='ltr'>numerant</span> <span class='ocrx_word' id='word_1_130' title='bbox 1459 1996 1651 2059; x_wconf 82' lang='lat' dir='ltr'>ambo</span> <span class='ocrx_word' id='word_1_131' title='bbox 1682 2015 1909 2080; x_wconf 88' lang='lat' dir='ltr'>pecus,</span> <span class='ocrx_word' id='word_1_132' title='bbox 1940 1994 2105 2060; x_wconf 79' lang='lat' dir='ltr'>alter</span> <span class='ocrx_word' id='word_1_133' title='bbox 2127 2006 2195 2060; x_wconf 89' lang='lat' dir='ltr'>et</span> <span class='ocrx_word' id='word_1_134' title='bbox 2222 1995 2475 2060; x_wconf 82' lang='lat' dir='ltr'>haedos.</span> 
     </span>
    </p>

    <p class='ocr_par' dir='ltr' id='par_1_10' title="bbox 537 2095 2411 2382">
     <span class='ocr_line' id='line_1_20' title="bbox 537 2095 2411 2181; baseline -0.002 -17"><span class='ocrx_word' id='word_1_135' title='bbox 537 2102 623 2164; x_wconf 84' lang='lat'>35</span> <span class='ocrx_word' id='word_1_136' title='bbox 666 2097 939 2173; x_wconf 88' lang='lat' dir='ltr'>Verum,</span> <span class='ocrx_word' id='word_1_137' title='bbox 963 2097 1032 2160; x_wconf 92' lang='lat' dir='ltr'>id</span> <span class='ocrx_word' id='word_1_138' title='bbox 1062 2097 1242 2181; x_wconf 91' lang='lat' dir='ltr'>quod</span> <span class='ocrx_word' id='word_1_139' title='bbox 1271 2095 1474 2160; x_wconf 88' lang='lat' dir='ltr'>multo</span> <span class='ocrx_word' id='word_1_140' title='bbox 1504 2105 1647 2161; x_wconf 77' lang='lat' dir='ltr'>tute</span> <span class='ocrx_word' id='word_1_141' title='bbox 1678 2097 1819 2181; x_wconf 87' lang='lat' dir='ltr'>ipse</span> <span class='ocrx_word' id='word_1_142' title='bbox 1850 2095 2147 2162; x_wconf 79' lang='lat' dir='ltr'>fatebere</span> <span class='ocrx_word' id='word_1_143' title='bbox 2176 2098 2411 2181; x_wconf 73' lang='lat' dir='ltr'>majuS,</span> 
     </span>
     <span class='ocr_line' id='line_1_21' title="bbox 667 2196 2235 2283; baseline 0 -21"><span class='ocrx_word' id='word_1_144' title='bbox 667 2197 988 2282; x_wconf 81' lang='lat' dir='ltr'>(Insanire</span> <span class='ocrx_word' id='word_1_145' title='bbox 1017 2196 1177 2262; x_wconf 84' lang='lat' dir='ltr'>libet</span> <span class='ocrx_word' id='word_1_146' title='bbox 1206 2199 1510 2282; x_wconf 83' lang='lat' dir='ltr'>quoniam</span> <span class='ocrx_word' id='word_1_147' title='bbox 1534 2197 1701 2280; x_wconf 84' lang='lat' dir='ltr'>tibi,)</span> <span class='ocrx_word' id='word_1_148' title='bbox 1732 2197 1970 2283; x_wconf 84' lang='lat' dir='ltr'>pocula</span> <span class='ocrx_word' id='word_1_149' title='bbox 1998 2221 2235 2282; x_wconf 82' lang='lat' dir='ltr'>ponam</span> 
     </span>
     <span class='ocr_line' id='line_1_22' title="bbox 667 2297 2242 2382; baseline 0 -19"><span class='ocrx_word' id='word_1_150' title='bbox 667 2299 940 2382; x_wconf 78' lang='lat' dir='ltr'>FagIna,</span> <span class='ocrx_word' id='word_1_151' title='bbox 971 2298 1268 2362; x_wconf 83' lang='lat' dir='ltr'>caelatum</span> <span class='ocrx_word' id='word_1_152' title='bbox 1296 2299 1496 2362; x_wconf 88' lang='lat' dir='ltr'>divini</span> <span class='ocrx_word' id='word_1_153' title='bbox 1527 2321 1695 2382; x_wconf 86' lang='lat' dir='ltr'>opus</span> <span class='ocrx_word' id='word_1_154' title='bbox 1726 2297 2200 2364; x_wconf 80' lang='lat' dir='ltr'>Alcimedontis</span> <span class='ocrx_word' id='word_1_155' title='bbox 2226 2326 2242 2377; x_wconf 86' lang='lat'><strong>;</strong></span> 
     </span>
    </p>

    <p class='ocr_par' dir='ltr' id='par_1_11' title="bbox 672 2398 2207 2484">
     <span class='ocr_line' id='line_1_23' title="bbox 672 2398 2207 2484; baseline -0.001 -19"><span class='ocrx_word' id='word_1_156' title='bbox 672 2399 888 2465; x_wconf 81' lang='lat' dir='ltr'>Lenta</span> <span class='ocrx_word' id='word_1_157' title='bbox 909 2400 1147 2484; x_wconf 86' lang='lat' dir='ltr'>quibus</span> <span class='ocrx_word' id='word_1_158' title='bbox 1181 2409 1371 2464; x_wconf 86' lang='lat' dir='ltr'>torno</span> <span class='ocrx_word' id='word_1_159' title='bbox 1401 2398 1574 2464; x_wconf 80' lang='lat' dir='ltr'>facili</span> <span class='ocrx_word' id='word_1_160' title='bbox 1604 2400 2031 2483; x_wconf 82' lang='lat' dir='ltr'>superaddita</span> <span class='ocrx_word' id='word_1_161' title='bbox 2061 2401 2207 2465; x_wconf 86' lang='lat' dir='ltr'>vitis</span> 
     </span>
    </p>
   </div>
   <div class='ocr_carea' id='block_1_4' title="bbox 495 2601 1625 4466">
    <p class='ocr_par' dir='ltr' id='par_1_12' title="bbox 497 2601 1624 3230">
     <span class='ocr_line' id='line_1_24' title="bbox 564 2601 1619 2667; baseline -0.003 -15"><span class='ocrx_word' id='word_1_162' title='bbox 564 2605 640 2653; x_wconf 84' lang='lat'>20.</span> <span class='ocrx_word' id='word_1_163' title='bbox 681 2605 856 2667; x_wconf 73' lang='lat' dir='ltr'>Tityre,</span> <span class='ocrx_word' id='word_1_164' title='bbox 881 2619 987 2666; x_wconf 79' lang='lat' dir='ltr'>coge</span> <span class='ocrx_word' id='word_1_165' title='bbox 1003 2619 1158 2664; x_wconf 74' lang='lat' dir='ltr'>pecus,</span> <span class='ocrx_word' id='word_1_166' title='bbox 1181 2601 1310 2664; x_wconf 89' lang='lat' dir='ltr'>quod</span> <span class='ocrx_word' id='word_1_167' title='bbox 1342 2601 1619 2665; x_wconf 79' lang='lat' dir='ltr'>dispersum</span> 
     </span>
     <span class='ocr_line' id='line_1_25' title="bbox 498 2666 1620 2731; baseline -0.004 -14"><span class='ocrx_word' id='word_1_168' title='bbox 498 2683 622 2731; x_wconf 75' lang='lat' dir='ltr'>vago</span> <span class='ocrx_word' id='word_1_169' title='bbox 657 2667 879 2716; x_wconf 74' lang='lat' dir='ltr'>discursu</span> <span class='ocrx_word' id='word_1_170' title='bbox 945 2667 1191 2722; x_wconf 80' lang='lat' dir='ltr'>alabatur3</span> <span class='ocrx_word' id='word_1_171' title='bbox 1228 2666 1373 2714; x_wconf 77' lang='lat' dir='ltr'>tacite</span> <span class='ocrx_word' id='word_1_172' title='bbox 1406 2680 1522 2713; x_wconf 83' lang='lat' dir='ltr'>vero</span> <span class='ocrx_word' id='word_1_173' title='bbox 1560 2681 1620 2712; x_wconf 91' lang='lat' dir='ltr'>eo</span> 
     </span>
     <span class='ocr_line' id='line_1_26' title="bbox 497 2683 1621 2796; baseline -0.003 -17"><span class='ocrx_word' id='word_1_174' title='bbox 497 2731 606 2796; x_wconf 74' lang='lat' dir='ltr'>ipso</span> <span class='ocrx_word' id='word_1_175' title='bbox 627 2732 886 2789; x_wconf 72' lang='lat' dir='ltr'>indicabat,</span> <span class='ocrx_word' id='word_1_176' title='bbox 909 2683 1068 2778; x_wconf 62' lang='grc' dir='ltr'>ξιτειη</span> <span class='ocrx_word' id='word_1_177' title='bbox 1095 2730 1280 2787; x_wconf 78' lang='lat' dir='ltr'>adesse,</span> <span class='ocrx_word' id='word_1_178' title='bbox 1303 2729 1388 2792; x_wconf 88' lang='lat' dir='ltr'>qui</span> <span class='ocrx_word' id='word_1_179' title='bbox 1418 2745 1621 2793; x_wconf 80' lang='lat' dir='ltr'>caprum</span> 
     </span>
     <span class='ocr_line' id='line_1_27' title="bbox 497 2794 1621 2859; baseline -0.004 -15"><span class='ocrx_word' id='word_1_180' title='bbox 497 2811 560 2844; x_wconf 87' lang='lat' dir='ltr'>ex</span> <span class='ocrx_word' id='word_1_181' title='bbox 580 2811 729 2859; x_wconf 78' lang='lat' dir='ltr'>greg-e</span> <span class='ocrx_word' id='word_1_182' title='bbox 751 2795 864 2843; x_wconf 89' lang='lat' dir='ltr'>dolo</span> <span class='ocrx_word' id='word_1_183' title='bbox 883 2794 1211 2858; x_wconf 79' lang='lat' dir='ltr'>interciperet.</span> <span class='ocrx_word' id='word_1_184' title='bbox 1255 2794 1480 2858; x_wconf 85' lang='lat' dir='ltr'>Tityrum</span> <span class='ocrx_word' id='word_1_185' title='bbox 1502 2808 1621 2841; x_wconf 80' lang='lat' dir='ltr'>vero</span> 
     </span>
     <span class='ocr_line' id='line_1_28' title="bbox 498 2858 1624 2922; baseline -0.003 -14"><span class='ocrx_word' id='word_1_186' title='bbox 498 2859 738 2908; x_wconf 80' lang='lat' dir='ltr'>Damonis</span> <span class='ocrx_word' id='word_1_187' title='bbox 759 2875 953 2908; x_wconf 80' lang='lat' dir='ltr'>servum</span> <span class='ocrx_word' id='word_1_188' title='bbox 975 2858 1250 2922; x_wconf 80' lang='lat' dir='ltr'>intelligere</span> <span class='ocrx_word' id='word_1_189' title='bbox 1269 2858 1516 2916; x_wconf 78' lang='lat' dir='ltr'>debemus,</span> <span class='ocrx_word' id='word_1_190' title='bbox 1538 2866 1624 2906; x_wconf 76' lang='lat' dir='ltr'>aut</span> 
     </span>
     <span class='ocr_line' id='line_1_29' title="bbox 499 2923 1618 2988; baseline -0.004 -14"><span class='ocrx_word' id='word_1_191' title='bbox 499 2940 612 2974; x_wconf 86' lang='lat' dir='ltr'>eum</span> <span class='ocrx_word' id='word_1_192' title='bbox 639 2934 772 2972; x_wconf 82' lang='lat' dir='ltr'>certe</span> <span class='ocrx_word' id='word_1_193' title='bbox 799 2923 881 2987; x_wconf 88' lang='lat' dir='ltr'>qui</span> <span class='ocrx_word' id='word_1_194' title='bbox 911 2925 1015 2986; x_wconf 84' lang='lat' dir='ltr'>ejus</span> <span class='ocrx_word' id='word_1_195' title='bbox 1043 2939 1194 2988; x_wconf 83' lang='lat' dir='ltr'>pecus</span> <span class='ocrx_word' id='word_1_196' title='bbox 1219 2931 1455 2986; x_wconf 77' lang='lat' dir='ltr'>pasceret.</span> <span class='ocrx_word' id='word_1_197' title='bbox 1527 2925 1618 2970; x_wconf 83' lang='lat' dir='ltr'>Ca·</span> 
     </span>
     <span class='ocr_line' id='line_1_30' title="bbox 497 2986 1619 3053; baseline -0.002 -17"><span class='ocrx_word' id='word_1_198' title='bbox 497 3006 579 3038; x_wconf 69' lang='lat' dir='ltr'>rea:</span> <span class='ocrx_word' id='word_1_199' title='bbox 601 2989 731 3053; x_wconf 79' lang='lat' dir='ltr'>apud</span> <span class='ocrx_word' id='word_1_200' title='bbox 750 2987 928 3037; x_wconf 77' lang='lat' dir='ltr'>catull.</span> <span class='ocrx_word' id='word_1_201' title='bbox 960 3003 1072 3036; x_wconf 88' lang='lat' dir='ltr'>cum</span> <span class='ocrx_word' id='word_1_202' title='bbox 1089 2987 1248 3049; x_wconf 74' lang='lat' dir='ltr'>junco,</span> <span class='ocrx_word' id='word_1_203' title='bbox 1271 2986 1400 3050; x_wconf 78' lang='lat' dir='ltr'>apud</span> <span class='ocrx_word' id='word_1_204' title='bbox 1429 2986 1619 3035; x_wconf 90' lang='lat' dir='ltr'>Colum.</span> 
     </span>
     <span class='ocr_line' id='line_1_31' title="bbox 497 3049 1623 3126; baseline -0.004 -24"><span class='ocrx_word' id='word_1_205' title='bbox 497 3069 608 3102; x_wconf 86' lang='lat' dir='ltr'>cum</span> <span class='ocrx_word' id='word_1_206' title='bbox 629 3056 758 3114; x_wconf 72' lang='lat' dir='ltr'>filice</span> <span class='ocrx_word' id='word_1_207' title='bbox 784 3051 1038 3126; x_wconf 66' lang='lat' dir='ltr'>Jungiturz</span> <span class='ocrx_word' id='word_1_208' title='bbox 1073 3051 1194 3100; x_wconf 85' lang='lat' dir='ltr'>Geo.</span> <span class='ocrx_word' id='word_1_209' title='bbox 1231 3049 1302 3108; x_wconf 89' lang='lat' dir='ltr'>iii,</span> <span class='ocrx_word' id='word_1_210' title='bbox 1337 3053 1445 3109; x_wconf 84' lang='lat'>231,</span> <span class='ocrx_word' id='word_1_211' title='bbox 1482 3059 1623 3100; x_wconf 77' lang='lat' dir='ltr'>acuta</span> 
     </span>
     <span class='ocr_line' id='line_1_32' title="bbox 497 3114 1623 3181; baseline -0.002 -15"><span class='ocrx_word' id='word_1_212' title='bbox 497 3117 802 3181; x_wconf 77' lang='lat' dir='ltr'>appellatur:</span> <span class='ocrx_word' id='word_1_213' title='bbox 852 3115 1046 3164; x_wconf 76' lang='lat' dir='ltr'>videtur</span> <span class='ocrx_word' id='word_1_214' title='bbox 1087 3114 1250 3177; x_wconf 78' lang='lat' dir='ltr'>itaque</span> <span class='ocrx_word' id='word_1_215' title='bbox 1281 3115 1422 3177; x_wconf 70' lang='lat' dir='ltr'>junci</span> <span class='ocrx_word' id='word_1_216' title='bbox 1465 3131 1623 3178; x_wconf 79' lang='lat' dir='ltr'>genus</span> 
     </span>
     <span class='ocr_line' id='line_1_33' title="bbox 497 3195 898 3230; baseline -0.005 0"><span class='ocrx_word' id='word_1_217' title='bbox 497 3196 603 3230; x_wconf 84' lang='lat' dir='ltr'>esse</span> <span class='ocrx_word' id='word_1_218' title='bbox 626 3195 898 3228; x_wconf 86' lang='lat' dir='ltr'>commune.</span> 
     </span>
    </p>

    <p class='ocr_par' dir='ltr' id='par_1_13' title="bbox 496 3243 1623 3438">
     <span class='ocr_line' id='line_1_34' title="bbox 561 3243 1619 3292; baseline 0 0"><span class='ocrx_word' id='word_1_219' title='bbox 561 3247 639 3292; x_wconf 89' lang='grc'>21.</span> <span class='ocrx_word' id='word_1_220' title='bbox 675 3247 781 3292; x_wconf 74' lang='lat' dir='ltr'>Non</span> <span class='ocrx_word' id='word_1_221' title='bbox 799 3247 1012 3292; x_wconf 76' lang='lat' dir='ltr'>redderet</span> <span class='ocrx_word' id='word_1_222' title='bbox 1029 3247 1121 3291; x_wconf 75' lang='lat' dir='ltr'>ille.</span> <span class='ocrx_word' id='word_1_223' title='bbox 1181 3245 1298 3292; x_wconf 86' lang='lat' dir='ltr'>Non</span> <span class='ocrx_word' id='word_1_224' title='bbox 1317 3243 1502 3292; x_wconf 68' lang='lat' dir='ltr'>fiirmm</span> <span class='ocrx_word' id='word_1_225' title='bbox 1519 3243 1619 3292; x_wconf 75' lang='lat' dir='ltr'>fac·</span> 
     </span>
     <span class='ocr_line' id='line_1_35' title="bbox 496 3307 1623 3364; baseline -0.001 -7"><span class='ocrx_word' id='word_1_226' title='bbox 496 3319 615 3364; x_wconf 84' lang='lat' dir='ltr'>tum,</span> <span class='ocrx_word' id='word_1_227' title='bbox 631 3307 720 3356; x_wconf 85' lang='lat' dir='ltr'>sed</span> <span class='ocrx_word' id='word_1_228' title='bbox 737 3307 954 3356; x_wconf 86' lang='lat' dir='ltr'>debitum</span> <span class='ocrx_word' id='word_1_229' title='bbox 975 3323 1005 3356; x_wconf 79' lang='lat' dir='ltr'><strong>a</strong></span> <span class='ocrx_word' id='word_1_230' title='bbox 1023 3307 1250 3356; x_wconf 70' lang='lat' dir='ltr'>Damone</span> <span class='ocrx_word' id='word_1_231' title='bbox 1270 3323 1377 3358; x_wconf 78' lang='lat' dir='ltr'>esse</span> <span class='ocrx_word' id='word_1_232' title='bbox 1397 3317 1623 3357; x_wconf 76' lang='lat' dir='ltr'>exactum</span> 
     </span>
     <span class='ocr_line' id='line_1_36' title="bbox 496 3373 1042 3438; baseline 0.002 -17"><span class='ocrx_word' id='word_1_233' title='bbox 496 3373 754 3438; x_wconf 83' lang='lat' dir='ltr'>profitetur</span> <span class='ocrx_word' id='word_1_234' title='bbox 779 3373 1042 3422; x_wconf 76' lang='lat' dir='ltr'>Damoetas.</span> 
     </span>
    </p>

    <p class='ocr_par' dir='ltr' id='par_1_14' title="bbox 497 3435 1624 3566">
     <span class='ocr_line' id='line_1_37' title="bbox 563 3435 1624 3496; baseline 0 -12"><span class='ocrx_word' id='word_1_235' title='bbox 563 3439 640 3485; x_wconf 81' lang='lat'>28.</span> <span class='ocrx_word' id='word_1_236' title='bbox 675 3439 728 3486; x_wconf 71' lang='lat' dir='ltr'>Si</span> <span class='ocrx_word' id='word_1_237' title='bbox 765 3440 925 3494; x_wconf 69' lang='lat' dir='ltr'>nexis,</span> <span class='ocrx_word' id='word_1_238' title='bbox 959 3437 1005 3484; x_wconf 79' lang='lat' dir='ltr'>h.</span> <span class='ocrx_word' id='word_1_239' title='bbox 1043 3445 1100 3484; x_wconf 85' lang='lat' dir='ltr'>ut</span> <span class='ocrx_word' id='word_1_240' title='bbox 1127 3437 1220 3485; x_wconf 89' lang='lat' dir='ltr'>hoc</span> <span class='ocrx_word' id='word_1_241' title='bbox 1261 3435 1400 3496; x_wconf 75' lang='lat' dir='ltr'>scias,</span> <span class='ocrx_word' id='word_1_242' title='bbox 1435 3451 1498 3484; x_wconf 88' lang='lat' dir='ltr'>ne</span> <span class='ocrx_word' id='word_1_243' title='bbox 1531 3437 1624 3485; x_wconf 87' lang='lat' dir='ltr'>hoc</span> 
     </span>
     <span class='ocr_line' id='line_1_38' title="bbox 497 3500 1348 3566; baseline -0.001 -16"><span class='ocrx_word' id='word_1_244' title='bbox 497 3502 708 3566; x_wconf 80' lang='lat' dir='ltr'>ignores.</span> <span class='ocrx_word' id='word_1_245' title='bbox 777 3500 918 3549; x_wconf 81' lang='lat' dir='ltr'>ovid.</span> <span class='ocrx_word' id='word_1_246' title='bbox 947 3500 1104 3565; x_wconf 80' lang='lat' dir='ltr'>Epist.</span> <span class='ocrx_word' id='word_1_247' title='bbox 1131 3517 1214 3559; x_wconf 78' lang='lat' dir='ltr'>xx,</span> <span class='ocrx_word' id='word_1_248' title='bbox 1241 3503 1348 3550; x_wconf 89' lang='grc'><strong>150.</strong></span> 
     </span>
    </p>

    <p class='ocr_par' dir='ltr' id='par_1_15' title="bbox 496 3564 1625 3937">
     <span class='ocr_line' id='line_1_39' title="bbox 563 3564 1621 3616; baseline 0 -2"><span class='ocrx_word' id='word_1_249' title='bbox 563 3566 771 3616; x_wconf 86' lang='lat'><strong>25—27.</strong></span> <span class='ocrx_word' id='word_1_250' title='bbox 809 3569 1048 3614; x_wconf 75' lang='lat' dir='ltr'>Cantando</span> <span class='ocrx_word' id='word_1_251' title='bbox 1057 3574 1108 3614; x_wconf 79' lang='lat' dir='ltr'>tu</span> <span class='ocrx_word' id='word_1_252' title='bbox 1125 3569 1254 3614; x_wconf 77' lang='lat' dir='ltr'>illum</span> <span class='ocrx_word' id='word_1_253' title='bbox 1269 3564 1442 3614; x_wconf 83' lang='lat' dir='ltr'>vicisse</span> <span class='ocrx_word' id='word_1_254' title='bbox 1457 3574 1506 3614; x_wconf 84' lang='lat' dir='ltr'>te</span> <span class='ocrx_word' id='word_1_255' title='bbox 1519 3564 1621 3614; x_wconf 75' lang='lat' dir='ltr'>ais?</span> 
     </span>
     <span class='ocr_line' id='line_1_40' title="bbox 497 3629 1622 3689; baseline -0.002 -9"><span class='ocrx_word' id='word_1_256' title='bbox 497 3629 556 3680; x_wconf 79' lang='lat' dir='ltr'>cf.</span> <span class='ocrx_word' id='word_1_257' title='bbox 582 3631 787 3680; x_wconf 85' lang='lat' dir='ltr'>Theocr.</span> <span class='ocrx_word' id='word_1_258' title='bbox 814 3647 859 3689; x_wconf 87' lang='lat' dir='ltr'>v,</span> <span class='ocrx_word' id='word_1_259' title='bbox 885 3632 930 3678; x_wconf 83' lang='lat'>5.</span> <span class='ocrx_word' id='word_1_260' title='bbox 999 3633 1060 3678; x_wconf 75' lang='lat' dir='ltr'>In</span> <span class='ocrx_word' id='word_1_261' title='bbox 1083 3634 1514 3680; x_wconf 61' lang='lat' dir='ltr'>triviis—miserunt</span> <span class='ocrx_word' id='word_1_262' title='bbox 1536 3629 1622 3678; x_wconf 72' lang='lat' dir='ltr'>ad-</span> 
     </span>
     <span class='ocr_line' id='line_1_41' title="bbox 497 3695 1625 3760; baseline -0.001 -16"><span class='ocrx_word' id='word_1_263' title='bbox 497 3695 602 3745; x_wconf 73' lang='lat' dir='ltr'>dita</span> <span class='ocrx_word' id='word_1_264' title='bbox 630 3695 866 3760; x_wconf 75' lang='lat' dir='ltr'>intellige,</span> <span class='ocrx_word' id='word_1_265' title='bbox 899 3704 956 3744; x_wconf 82' lang='lat' dir='ltr'>ut</span> <span class='ocrx_word' id='word_1_266' title='bbox 983 3695 1209 3744; x_wconf 76' lang='lat' dir='ltr'>ostendat</span> <span class='ocrx_word' id='word_1_267' title='bbox 1239 3711 1300 3744; x_wconf 80' lang='lat' dir='ltr'>ea</span> <span class='ocrx_word' id='word_1_268' title='bbox 1337 3711 1444 3744; x_wconf 72' lang='lat' dir='ltr'>esse</span> <span class='ocrx_word' id='word_1_269' title='bbox 1479 3710 1625 3757; x_wconf 81' lang='lat' dir='ltr'>quam</span> 
     </span>
     <span class='ocr_line' id='line_1_42' title="bbox 497 3759 1623 3824; baseline -0.002 -15"><span class='ocrx_word' id='word_1_270' title='bbox 497 3759 759 3816; x_wconf 56' lang='lat' dir='ltr'>vilissimam</span> <span class='ocrx_word' id='word_1_271' title='bbox 795 3759 868 3808; x_wconf 87' lang='lat' dir='ltr'>uti</span> <span class='ocrx_word' id='word_1_272' title='bbox 890 3762 1153 3820; x_wconf 68' lang='lat' dir='ltr'>disperdere</span> <span class='ocrx_word' id='word_1_273' title='bbox 1173 3759 1416 3808; x_wconf 80' lang='lat' dir='ltr'>invidiose</span> <span class='ocrx_word' id='word_1_274' title='bbox 1433 3775 1523 3824; x_wconf 88' lang='lat' dir='ltr'>pro</span> <span class='ocrx_word' id='word_1_275' title='bbox 1542 3775 1623 3807; x_wconf 72' lang='lat' dir='ltr'>ca-</span> 
     </span>
     <span class='ocr_line' id='line_1_43' title="bbox 497 3822 1623 3880; baseline -0.002 -8"><span class='ocrx_word' id='word_1_276' title='bbox 497 3841 630 3874; x_wconf 89' lang='lat' dir='ltr'>nere.</span> <span class='ocrx_word' id='word_1_277' title='bbox 698 3828 758 3873; x_wconf 77' lang='lat' dir='ltr'>In</span> <span class='ocrx_word' id='word_1_278' title='bbox 788 3827 955 3880; x_wconf 67' lang='grc' dir='ltr'><strong><em>τήυίἰε,</em></strong></span> <span class='ocrx_word' id='word_1_279' title='bbox 989 3823 1144 3871; x_wconf 83' lang='lat' dir='ltr'>multo</span> <span class='ocrx_word' id='word_1_280' title='bbox 1175 3822 1338 3871; x_wconf 82' lang='lat' dir='ltr'>minus</span> <span class='ocrx_word' id='word_1_281' title='bbox 1373 3822 1427 3870; x_wconf 86' lang='lat' dir='ltr'>in</span> <span class='ocrx_word' id='word_1_282' title='bbox 1465 3833 1623 3870; x_wconf 82' lang='lat' dir='ltr'>certa·</span> 
     </span>
     <span class='ocr_line' id='line_1_44' title="bbox 496 3904 644 3937; baseline 0.007 -1"><span class='ocrx_word' id='word_1_283' title='bbox 496 3904 644 3937; x_wconf 77' lang='lat' dir='ltr'>mine.</span> 
     </span>
    </p>

    <p class='ocr_par' dir='ltr' id='par_1_16' title="bbox 495 3950 1625 4466">
     <span class='ocr_line' id='line_1_45' title="bbox 564 3950 1617 4014; baseline -0.003 -13"><span class='ocrx_word' id='word_1_284' title='bbox 564 3955 770 4002; x_wconf 79' lang='lat'><strong>28—31.</strong></span> <span class='ocrx_word' id='word_1_285' title='bbox 813 3955 1024 4002; x_wconf 72' lang='lat' dir='ltr'>Vicissim</span> <span class='ocrx_word' id='word_1_286' title='bbox 1052 3952 1101 4000; x_wconf 83' lang='lat' dir='ltr'>h.</span> <span class='ocrx_word' id='word_1_287' title='bbox 1125 3950 1158 3998; x_wconf 91' lang='grc'>1.</span> <span class='ocrx_word' id='word_1_288' title='bbox 1187 3965 1278 4014; x_wconf 89' lang='lat' dir='ltr'>per</span> <span class='ocrx_word' id='word_1_289' title='bbox 1301 3950 1446 4008; x_wconf 79' lang='lat' dir='ltr'>vices,</span> <span class='ocrx_word' id='word_1_290' title='bbox 1469 3950 1617 3998; x_wconf 83' lang='lat' dir='ltr'>alter-</span> 
     </span>
     <span class='ocr_line' id='line_1_46' title="bbox 499 4015 1615 4072; baseline -0.001 -9"><span class='ocrx_word' id='word_1_291' title='bbox 499 4031 590 4072; x_wconf 73' lang='lat' dir='ltr'>ne3</span> <span class='ocrx_word' id='word_1_292' title='bbox 625 4018 688 4064; x_wconf 81' lang='lat' dir='ltr'>ad</span> <span class='ocrx_word' id='word_1_293' title='bbox 723 4019 1008 4066; x_wconf 79' lang='lat' dir='ltr'>amoebaeum</span> <span class='ocrx_word' id='word_1_294' title='bbox 1044 4031 1244 4065; x_wconf 81' lang='lat' dir='ltr'>carmen</span> <span class='ocrx_word' id='word_1_295' title='bbox 1273 4015 1615 4064; x_wconf 83' lang='lat' dir='ltr'>referendum:</span> 
     </span>
     <span class='ocr_line' id='line_1_47' title="bbox 497 4079 1616 4144; baseline -0.001 -17"><span class='ocrx_word' id='word_1_296' title='bbox 497 4080 558 4128; x_wconf 78' lang='lat' dir='ltr'>cf.</span> <span class='ocrx_word' id='word_1_297' title='bbox 578 4079 684 4128; x_wconf 83' lang='lat' dir='ltr'>Eel.</span> <span class='ocrx_word' id='word_1_298' title='bbox 701 4097 746 4138; x_wconf 90' lang='lat' dir='ltr'>v,</span> <span class='ocrx_word' id='word_1_299' title='bbox 764 4083 840 4130; x_wconf 80' lang='lat'>50.</span> <span class='ocrx_word' id='word_1_300' title='bbox 875 4083 1129 4132; x_wconf 77' lang='lat' dir='ltr'>Damoetas</span> <span class='ocrx_word' id='word_1_301' title='bbox 1147 4095 1341 4130; x_wconf 75' lang='lat' dir='ltr'>vaccam</span> <span class='ocrx_word' id='word_1_302' title='bbox 1358 4079 1410 4128; x_wconf 87' lang='lat' dir='ltr'>in</span> <span class='ocrx_word' id='word_1_303' title='bbox 1423 4079 1616 4144; x_wconf 77' lang='lat' dir='ltr'>sponsi-</span> 
     </span>
     <span class='ocr_line' id='line_1_48' title="bbox 497 4144 1625 4208; baseline 0 -16"><span class='ocrx_word' id='word_1_304' title='bbox 497 4160 592 4192; x_wconf 89' lang='lat' dir='ltr'>one</span> <span class='ocrx_word' id='word_1_305' title='bbox 609 4144 840 4192; x_wconf 77' lang='lat' dir='ltr'>colloeat:</span> <span class='ocrx_word' id='word_1_306' title='bbox 865 4145 924 4194; x_wconf 84' lang='lat' dir='ltr'>cf.</span> <span class='ocrx_word' id='word_1_307' title='bbox 941 4147 1146 4195; x_wconf 85' lang='lat' dir='ltr'>Theocr.</span> <span class='ocrx_word' id='word_1_308' title='bbox 1162 4144 1264 4203; x_wconf 80' lang='lat' dir='ltr'>viii,</span> <span class='ocrx_word' id='word_1_309' title='bbox 1293 4147 1347 4192; x_wconf 89' lang='lat'>11</span> <span class='ocrx_word' id='word_1_310' title='bbox 1375 4161 1478 4208; x_wconf 74' lang='lat' dir='ltr'>sqq.</span> <span class='ocrx_word' id='word_1_311' title='bbox 1536 4146 1625 4192; x_wconf 71' lang='lat' dir='ltr'>Bis</span> 
     </span>
     <span class='ocr_line' id='line_1_49' title="bbox 495 4209 1621 4272; baseline -0.002 -14"><span class='ocrx_word' id='word_1_312' title='bbox 495 4213 645 4258; x_wconf 71' lang='lat' dir='ltr'>venit:</span> <span class='ocrx_word' id='word_1_313' title='bbox 665 4225 693 4256; x_wconf 94' lang='lat' dir='ltr'>e</span> <span class='ocrx_word' id='word_1_314' title='bbox 709 4209 916 4258; x_wconf 84' lang='lat' dir='ltr'>Theocr.</span> <span class='ocrx_word' id='word_1_315' title='bbox 931 4210 963 4267; x_wconf 89' lang='lat' dir='ltr'>i,</span> <span class='ocrx_word' id='word_1_316' title='bbox 977 4213 1054 4268; x_wconf 84' lang='lat'>25,</span> <span class='ocrx_word' id='word_1_317' title='bbox 1071 4212 1148 4258; x_wconf 83' lang='lat'>26.</span> <span class='ocrx_word' id='word_1_318' title='bbox 1165 4209 1258 4258; x_wconf 78' lang='lat' dir='ltr'>Est</span> <span class='ocrx_word' id='word_1_319' title='bbox 1271 4211 1621 4272; x_wconf 75' lang='lat' dir='ltr'>autemJuven-</span> 
     </span>
     <span class='ocr_line' id='line_1_50' title="bbox 498 4270 1621 4339; baseline -0.001 -17"><span class='ocrx_word' id='word_1_320' title='bbox 498 4289 558 4322; x_wconf 71' lang='lat' dir='ltr'>ea</span> <span class='ocrx_word' id='word_1_321' title='bbox 587 4270 910 4333; x_wconf 72' lang='grc' dir='ltr'>διδυματόκος·</span> <span class='ocrx_word' id='word_1_322' title='bbox 945 4274 1087 4324; x_wconf 74' lang='lat' dir='ltr'>aliter</span> <span class='ocrx_word' id='word_1_323' title='bbox 1151 4291 1264 4324; x_wconf 77' lang='lat' dir='ltr'>uem</span> <span class='ocrx_word' id='word_1_324' title='bbox 1295 4273 1426 4339; x_wconf 79' lang='lat' dir='ltr'>apud</span> <span class='ocrx_word' id='word_1_325' title='bbox 1457 4273 1621 4322; x_wconf 85' lang='lat' dir='ltr'>Theo-</span> 
     </span>
     <span class='ocr_line' id='line_1_51' title="bbox 495 4335 1621 4403; baseline 0.002 -17"><span class='ocrx_word' id='word_1_326' title='bbox 495 4337 688 4394; x_wconf 83' lang='lat' dir='ltr'>critum,</span> <span class='ocrx_word' id='word_1_327' title='bbox 713 4335 764 4386; x_wconf 88' lang='lat' dir='ltr'>in</span> <span class='ocrx_word' id='word_1_328' title='bbox 787 4353 884 4400; x_wconf 86' lang='lat' dir='ltr'>quo</span> <span class='ocrx_word' id='word_1_329' title='bbox 908 4339 956 4387; x_wconf 74' lang='grc' dir='ltr'>ἐς</span> <span class='ocrx_word' id='word_1_330' title='bbox 983 4337 1066 4386; x_wconf 78' lang='grc' dir='ltr'>δύο</span> <span class='ocrx_word' id='word_1_331' title='bbox 1087 4357 1124 4386; x_wconf 78' lang='grc' dir='ltr'>π</span> <span class='ocrx_word' id='word_1_332' title='bbox 1149 4347 1276 4388; x_wconf 63' lang='lat' dir='ltr'>nas</span> <span class='ocrx_word' id='word_1_333' title='bbox 1293 4337 1507 4403; x_wconf 81' lang='lat' dir='ltr'>positum</span> <span class='ocrx_word' id='word_1_334' title='bbox 1529 4347 1621 4396; x_wconf 78' lang='lat' dir='ltr'>est,</span> 
     </span>
     <span class='ocr_line' id='line_1_52' title="bbox 497 4400 1620 4466; baseline 0.002 -16"><span class='ocrx_word' id='word_1_335' title='bbox 497 4412 550 4450; x_wconf 83' lang='lat' dir='ltr'>ut</span> <span class='ocrx_word' id='word_1_336' title='bbox 570 4410 760 4451; x_wconf 83' lang='lat' dir='ltr'>tantum</span> <span class='ocrx_word' id='word_1_337' title='bbox 780 4400 922 4452; x_wconf 76' lang='lat' dir='ltr'>lactis</span> <span class='ocrx_word' id='word_1_338' title='bbox 943 4417 1007 4450; x_wconf 83' lang='lat' dir='ltr'>ex</span> <span class='ocrx_word' id='word_1_339' title='bbox 1025 4417 1126 4452; x_wconf 85' lang='lat' dir='ltr'>uno</span> <span class='ocrx_word' id='word_1_340' title='bbox 1139 4403 1326 4452; x_wconf 82' lang='lat' dir='ltr'>mulctn</span> <span class='ocrx_word' id='word_1_341' title='bbox 1349 4403 1620 4466; x_wconf 80' lang='lat' dir='ltr'>proveniat,</span> 
     </span>
    </p>
   </div>
   <div class='ocr_carea' id='block_1_5' title="bbox 1684 2601 2833 4080">
    <p class='ocr_par' dir='ltr' id='par_1_17' title="bbox 1684 2601 2833 2792">
     <span class='ocr_line' id='line_1_53' title="bbox 1684 2601 2833 2667; baseline 0.003 -18"><span class='ocrx_word' id='word_1_342' title='bbox 1684 2609 1921 2664; x_wconf 76' lang='lat' dir='ltr'>quantum</span> <span class='ocrx_word' id='word_1_343' title='bbox 1940 2601 2003 2650; x_wconf 77' lang='lat' dir='ltr'>ad</span> <span class='ocrx_word' id='word_1_344' title='bbox 2024 2602 2122 2649; x_wconf 87' lang='lat' dir='ltr'>duo</span> <span class='ocrx_word' id='word_1_345' title='bbox 2144 2601 2419 2650; x_wconf 72' lang='lat' dir='ltr'>mulcti-alia</span> <span class='ocrx_word' id='word_1_346' title='bbox 2436 2601 2671 2667; x_wconf 77' lang='lat' dir='ltr'>replenda</span> <span class='ocrx_word' id='word_1_347' title='bbox 2694 2603 2833 2654; x_wconf 75' lang='lat' dir='ltr'>satis</span> 
     </span>
     <span class='ocr_line' id='line_1_54' title="bbox 1684 2665 2827 2730; baseline 0.003 -18"><span class='ocrx_word' id='word_1_348' title='bbox 1684 2665 1762 2713; x_wconf 84' lang='lat' dir='ltr'>sit.</span> <span class='ocrx_word' id='word_1_349' title='bbox 1798 2667 1977 2728; x_wconf 74' lang='lat' dir='ltr'>Pignus</span> <span class='ocrx_word' id='word_1_350' title='bbox 1992 2665 2175 2714; x_wconf 84' lang='lat' dir='ltr'>dictum</span> <span class='ocrx_word' id='word_1_351' title='bbox 2192 2682 2283 2730; x_wconf 87' lang='lat' dir='ltr'>pro</span> <span class='ocrx_word' id='word_1_352' title='bbox 2296 2666 2586 2730; x_wconf 81' lang='lat' dir='ltr'>sponsione:</span> <span class='ocrx_word' id='word_1_353' title='bbox 2603 2666 2663 2715; x_wconf 75' lang='lat' dir='ltr'>cf·</span> <span class='ocrx_word' id='word_1_354' title='bbox 2680 2667 2827 2716; x_wconf 80' lang='lat' dir='ltr'>&#39;rhe-</span> 
     </span>
     <span class='ocr_line' id='line_1_55' title="bbox 1685 2729 2087 2792; baseline -0.005 -14"><span class='ocrx_word' id='word_1_355' title='bbox 1685 2745 1783 2778; x_wconf 86' lang='lat' dir='ltr'>oer.</span> <span class='ocrx_word' id='word_1_356' title='bbox 1807 2729 1909 2787; x_wconf 81' lang='lat' dir='ltr'>viii,</span> <span class='ocrx_word' id='word_1_357' title='bbox 1939 2731 1999 2777; x_wconf 74' lang='lat'>14</span> <span class='ocrx_word' id='word_1_358' title='bbox 2016 2746 2087 2792; x_wconf 79' lang='lat' dir='ltr'>sq.</span> 
     </span>
    </p>

    <p class='ocr_par' dir='ltr' id='par_1_18' title="bbox 1686 2795 2827 3308">
     <span class='ocr_line' id='line_1_56' title="bbox 1752 2795 2821 2855; baseline 0.004 -13"><span class='ocrx_word' id='word_1_359' title='bbox 1752 2795 1959 2842; x_wconf 80' lang='lat'>34—36.</span> <span class='ocrx_word' id='word_1_360' title='bbox 1986 2796 2159 2855; x_wconf 70' lang='lat' dir='ltr'>Bisque</span> <span class='ocrx_word' id='word_1_361' title='bbox 2172 2798 2248 2842; x_wconf 76' lang='lat' dir='ltr'>die</span> <span class='ocrx_word' id='word_1_362' title='bbox 2262 2803 2515 2843; x_wconf 78' lang='lat' dir='ltr'>numerant.</span> <span class='ocrx_word' id='word_1_363' title='bbox 2537 2795 2672 2843; x_wconf 87' lang='lat' dir='ltr'>Hinc</span> <span class='ocrx_word' id='word_1_364' title='bbox 2690 2795 2821 2846; x_wconf 87' lang='lat' dir='ltr'>duc-</span> 
     </span>
     <span class='ocr_line' id='line_1_57' title="bbox 1688 2858 2827 2921; baseline 0.002 -15"><span class='ocrx_word' id='word_1_365' title='bbox 1688 2867 1791 2906; x_wconf 86' lang='lat' dir='ltr'>tum</span> <span class='ocrx_word' id='word_1_366' title='bbox 1816 2867 1892 2906; x_wconf 82' lang='lat' dir='ltr'>est</span> <span class='ocrx_word' id='word_1_367' title='bbox 1908 2858 2044 2915; x_wconf 85' lang='lat' dir='ltr'>illud,</span> <span class='ocrx_word' id='word_1_368' title='bbox 2060 2861 2290 2920; x_wconf 75' lang='lat' dir='ltr'>Pauperis</span> <span class='ocrx_word' id='word_1_369' title='bbox 2306 2866 2375 2906; x_wconf 72' lang='lat' dir='ltr'>est</span> <span class='ocrx_word' id='word_1_370' title='bbox 2394 2877 2632 2907; x_wconf 74' lang='lat' dir='ltr'>numerare</span> <span class='ocrx_word' id='word_1_371' title='bbox 2640 2877 2787 2921; x_wconf 71' lang='lat' dir='ltr'>pecus</span> <span class='ocrx_word' id='word_1_372' title='bbox 2804 2881 2827 2908; x_wconf 84' lang='lat'>.-</span> 
     </span>
     <span class='ocr_line' id='line_1_58' title="bbox 1689 2922 2824 2998; baseline 0.003 -28"><span class='ocrx_word' id='word_1_373' title='bbox 1689 2922 1832 2971; x_wconf 80' lang='lat' dir='ltr'>Ovid.</span> <span class='ocrx_word' id='word_1_374' title='bbox 1858 2922 1987 2998; x_wconf 49' lang='lat' dir='ltr'>Met..</span> <span class='ocrx_word' id='word_1_375' title='bbox 2006 2922 2111 2980; x_wconf 78' lang='lat' dir='ltr'>xiii,</span> <span class='ocrx_word' id='word_1_376' title='bbox 2134 2924 2243 2970; x_wconf 83' lang='lat'><strong>824.</strong></span> <span class='ocrx_word' id='word_1_377' title='bbox 2287 2925 2425 2972; x_wconf 73' lang='lat' dir='ltr'>Alter</span> <span class='ocrx_word' id='word_1_378' title='bbox 2442 2931 2491 2970; x_wconf 81' lang='lat' dir='ltr'>et</span> <span class='ocrx_word' id='word_1_379' title='bbox 2506 2925 2657 2972; x_wconf 67' lang='lat' dir='ltr'>hodos</span> <span class='ocrx_word' id='word_1_380' title='bbox 2672 2943 2687 2970; x_wconf 90' lang='lat'><em>:</em></span> <span class='ocrx_word' id='word_1_381' title='bbox 2724 2925 2824 2973; x_wconf 77' lang='lat' dir='ltr'>fee-</span> 
     </span>
     <span class='ocr_line' id='line_1_59' title="bbox 1686 2987 2823 3110; baseline 0.003 -10"><span class='ocrx_word' id='word_1_382' title='bbox 1686 2995 1793 3100; x_wconf 62' lang='lat'>{¹:2⁰</span> <span class='ocrx_word' id='word_1_383' title='bbox 1823 2987 2823 3110; x_wconf 50' lang='lat' dir='ltr'>mztssoefflssfflffiaffli:</span> 
     </span>
     <span class='ocr_line' id='line_1_60' title="bbox 1687 3115 2825 3180; baseline 0.004 -18"><span class='ocrx_word' id='word_1_384' title='bbox 1687 3117 1793 3162; x_wconf 75' lang='lat' dir='ltr'>cula</span> <span class='ocrx_word' id='word_1_385' title='bbox 1825 3133 2003 3177; x_wconf 80' lang='lat' dir='ltr'>ponam.</span> <span class='ocrx_word' id='word_1_386' title='bbox 2072 3117 2179 3164; x_wconf 86' lang='lat' dir='ltr'>Aut</span> <span class='ocrx_word' id='word_1_387' title='bbox 2248 3115 2417 3164; x_wconf 79' lang='lat' dir='ltr'>luralis</span> <span class='ocrx_word' id='word_1_388' title='bbox 2485 3132 2543 3164; x_wconf 92' lang='lat' dir='ltr'>ro</span> <span class='ocrx_word' id='word_1_389' title='bbox 2578 3115 2825 3180; x_wconf 67' lang='lat' dir='ltr'>sing-ualui</span> 
     </span>
     <span class='ocr_line' id='line_1_61' title="bbox 1686 3132 2827 3254; baseline 0.004 -27"><span class='ocrx_word' id='word_1_390' title='bbox 1686 3178 1891 3245; x_wconf 85' lang='lat' dir='ltr'>positus,</span> <span class='ocrx_word' id='word_1_391' title='bbox 1924 3190 2009 3254; x_wconf 62' lang='lat' dir='ltr'>qut</span> <span class='ocrx_word' id='word_1_392' title='bbox 2038 3189 2156 3229; x_wconf 85' lang='lat' dir='ltr'>sunt</span> <span class='ocrx_word' id='word_1_393' title='bbox 2222 3195 2287 3229; x_wconf 91' lang='lat' dir='ltr'>uo</span> <span class='ocrx_word' id='word_1_394' title='bbox 2320 3132 2523 3244; x_wconf 59' lang='lat' dir='ltr'>pocussz</span> <span class='ocrx_word' id='word_1_395' title='bbox 2558 3181 2827 3244; x_wconf 67' lang='lat' dir='ltr'>praeferam</span> 
     </span>
     <span class='ocr_line' id='line_1_62' title="bbox 1688 3253 2026 3308; baseline 0.006 -16"><span class='ocrx_word' id='word_1_396' title='bbox 1688 3253 1853 3293; x_wconf 81' lang='lat' dir='ltr'>tamen</span> <span class='ocrx_word' id='word_1_397' title='bbox 1873 3261 2026 3308; x_wconf 76' lang='lat' dir='ltr'>prius.</span> 
     </span>
    </p>

    <p class='ocr_par' dir='ltr' id='par_1_19' title="bbox 1685 3309 2827 4080">
     <span class='ocr_line' id='line_1_63' title="bbox 1754 3309 2822 3372; baseline 0.001 -15"><span class='ocrx_word' id='word_1_398' title='bbox 1754 3311 1831 3358; x_wconf 81' lang='lat'>88.</span> <span class='ocrx_word' id='word_1_399' title='bbox 1866 3311 2017 3358; x_wconf 74' lang='lat' dir='ltr'>Lenta</span> <span class='ocrx_word' id='word_1_400' title='bbox 2036 3311 2201 3371; x_wconf 72' lang='lat' dir='ltr'>quibus</span> <span class='ocrx_word' id='word_1_401' title='bbox 2222 3317 2364 3358; x_wconf 81' lang='lat' dir='ltr'>torno.</span> <span class='ocrx_word' id='word_1_402' title='bbox 2433 3309 2547 3358; x_wconf 81' lang='lat' dir='ltr'>Hoc</span> <span class='ocrx_word' id='word_1_403' title='bbox 2571 3309 2681 3358; x_wconf 88' lang='lat' dir='ltr'>loco</span> <span class='ocrx_word' id='word_1_404' title='bbox 2708 3311 2822 3372; x_wconf 75' lang='lat' dir='ltr'>agi-</span> 
     </span>
     <span class='ocr_line' id='line_1_64' title="bbox 1688 3373 2822 3438; baseline 0.001 -16"><span class='ocrx_word' id='word_1_405' title='bbox 1688 3383 1769 3422; x_wconf 82' lang='lat' dir='ltr'>tur</span> <span class='ocrx_word' id='word_1_406' title='bbox 1802 3374 1865 3421; x_wconf 89' lang='lat' dir='ltr'>de</span> <span class='ocrx_word' id='word_1_407' title='bbox 1891 3373 2100 3438; x_wconf 77' lang='lat' dir='ltr'>pastoris</span> <span class='ocrx_word' id='word_1_408' title='bbox 2126 3388 2288 3438; x_wconf 88' lang='lat' dir='ltr'>opere,</span> <span class='ocrx_word' id='word_1_409' title='bbox 2312 3373 2397 3436; x_wconf 90' lang='lat' dir='ltr'>qui</span> <span class='ocrx_word' id='word_1_410' title='bbox 2427 3388 2517 3421; x_wconf 86' lang='lat' dir='ltr'>nec</span> <span class='ocrx_word' id='word_1_411' title='bbox 2550 3381 2679 3422; x_wconf 72' lang='lat' dir='ltr'>tomo</span> <span class='ocrx_word' id='word_1_412' title='bbox 2712 3383 2822 3424; x_wconf 81' lang='lat' dir='ltr'>tor-</span> 
     </span>
     <span class='ocr_line' id='line_1_65' title="bbox 1688 3437 2827 3502; baseline 0.001 -16"><span class='ocrx_word' id='word_1_413' title='bbox 1688 3453 1807 3486; x_wconf 79' lang='lat' dir='ltr'>nare</span> <span class='ocrx_word' id='word_1_414' title='bbox 1825 3437 2069 3502; x_wconf 84' lang='lat' dir='ltr'>poculum,</span> <span class='ocrx_word' id='word_1_415' title='bbox 2085 3453 2176 3486; x_wconf 89' lang='lat' dir='ltr'>nec</span> <span class='ocrx_word' id='word_1_416' title='bbox 2190 3441 2298 3486; x_wconf 79' lang='lat' dir='ltr'>caelo</span> <span class='ocrx_word' id='word_1_417' title='bbox 2313 3438 2385 3486; x_wconf 85' lang='lat' dir='ltr'>uti</span> <span class='ocrx_word' id='word_1_418' title='bbox 2436 3437 2575 3494; x_wconf 77' lang='lat' dir='ltr'>omit,</span> <span class='ocrx_word' id='word_1_419' title='bbox 2590 3439 2677 3486; x_wconf 81' lang='lat' dir='ltr'>sed</span> <span class='ocrx_word' id='word_1_420' title='bbox 2690 3439 2827 3488; x_wconf 71' lang='lat' dir='ltr'>scal·-</span> 
     </span>
     <span class='ocr_line' id='line_1_66' title="bbox 1688 3501 2821 3566; baseline 0.002 -16"><span class='ocrx_word' id='word_1_421' title='bbox 1688 3501 1832 3566; x_wconf 87' lang='lat' dir='ltr'>pello,</span> <span class='ocrx_word' id='word_1_422' title='bbox 1848 3518 1945 3563; x_wconf 91' lang='lat' dir='ltr'>quo</span> <span class='ocrx_word' id='word_1_423' title='bbox 1964 3513 2015 3550; x_wconf 88' lang='lat' dir='ltr'>et</span> <span class='ocrx_word' id='word_1_424' title='bbox 2027 3502 2283 3552; x_wconf 79' lang='lat' dir='ltr'>excavavit</span> <span class='ocrx_word' id='word_1_425' title='bbox 2298 3503 2389 3550; x_wconf 89' lang='lat' dir='ltr'>illu</span> <span class='ocrx_word' id='word_1_426' title='bbox 2440 3511 2492 3550; x_wconf 84' lang='lat' dir='ltr'>et</span> <span class='ocrx_word' id='word_1_427' title='bbox 2507 3502 2711 3560; x_wconf 80' lang='lat' dir='ltr'>caelavit,</span> <span class='ocrx_word' id='word_1_428' title='bbox 2726 3517 2821 3552; x_wconf 82' lang='lat' dir='ltr'>ex-</span> 
     </span>
     <span class='ocr_line' id='line_1_67' title="bbox 1690 3565 2825 3632; baseline 0.004 -18"><span class='ocrx_word' id='word_1_429' title='bbox 1690 3565 1897 3630; x_wconf 77' lang='lat' dir='ltr'>sculpsit</span> <span class='ocrx_word' id='word_1_430' title='bbox 1938 3566 1991 3614; x_wconf 87' lang='lat' dir='ltr'>in</span> <span class='ocrx_word' id='word_1_431' title='bbox 2030 3565 2195 3631; x_wconf 87' lang='lat' dir='ltr'>poculi</span> <span class='ocrx_word' id='word_1_432' title='bbox 2244 3566 2485 3616; x_wconf 80' lang='lat' dir='ltr'>exteriore</span> <span class='ocrx_word' id='word_1_433' title='bbox 2536 3582 2651 3616; x_wconf 76' lang='lat' dir='ltr'>area</span> <span class='ocrx_word' id='word_1_434' title='bbox 2690 3583 2825 3632; x_wconf 69' lang='lat' dir='ltr'>opus</span> 
     </span>
     <span class='ocr_line' id='line_1_68' title="bbox 1689 3630 2825 3696; baseline 0.002 -16"><span class='ocrx_word' id='word_1_435' title='bbox 1689 3630 2029 3695; x_wconf 73' lang='lat' dir='ltr'>anaglyphum.</span> <span class='ocrx_word' id='word_1_436' title='bbox 2084 3631 2178 3680; x_wconf 83' lang='lat' dir='ltr'>Est</span> <span class='ocrx_word' id='word_1_437' title='bbox 2196 3631 2319 3680; x_wconf 77' lang='lat' dir='ltr'>adeo</span> <span class='ocrx_word' id='word_1_438' title='bbox 2336 3641 2508 3680; x_wconf 81' lang='lat' dir='ltr'>toruus</span> <span class='ocrx_word' id='word_1_439' title='bbox 2526 3633 2573 3680; x_wconf 88' lang='lat' dir='ltr'>h.</span> <span class='ocrx_word' id='word_1_440' title='bbox 2594 3631 2625 3680; x_wconf 88' lang='lat' dir='ltr'>l.</span> <span class='ocrx_word' id='word_1_441' title='bbox 2641 3647 2825 3696; x_wconf 75' lang='lat' dir='ltr'>parum</span> 
     </span>
     <span class='ocr_line' id='line_1_69' title="bbox 1690 3694 2821 3761; baseline 0.003 -18"><span class='ocrx_word' id='word_1_442' title='bbox 1690 3695 1887 3760; x_wconf 84' lang='lat' dir='ltr'>proprie</span> <span class='ocrx_word' id='word_1_443' title='bbox 1908 3694 2071 3745; x_wconf 84' lang='lat' dir='ltr'>dictus</span> <span class='ocrx_word' id='word_1_444' title='bbox 2090 3711 2181 3761; x_wconf 84' lang='lat' dir='ltr'>pro</span> <span class='ocrx_word' id='word_1_445' title='bbox 2198 3695 2403 3760; x_wconf 75' lang='lat' dir='ltr'>scalpro,</span> <span class='ocrx_word' id='word_1_446' title='bbox 2422 3711 2511 3744; x_wconf 85' lang='lat' dir='ltr'>seu</span> <span class='ocrx_word' id='word_1_447' title='bbox 2528 3695 2686 3745; x_wconf 82' lang='lat' dir='ltr'>cultro</span> <span class='ocrx_word' id='word_1_448' title='bbox 2700 3711 2821 3760; x_wconf 73' lang='lat' dir='ltr'>pn-</span> 
     </span>
     <span class='ocr_line' id='line_1_70' title="bbox 1692 3759 2817 3825; baseline 0.002 -17"><span class='ocrx_word' id='word_1_449' title='bbox 1692 3759 1871 3818; x_wconf 81' lang='lat' dir='ltr'>toritio,</span> <span class='ocrx_word' id='word_1_450' title='bbox 1896 3760 1961 3809; x_wconf 73' lang='lat' dir='ltr'>ad</span> <span class='ocrx_word' id='word_1_451' title='bbox 1982 3761 2297 3825; x_wconf 75' lang='lat' dir='ltr'>scalpendum</span> <span class='ocrx_word' id='word_1_452' title='bbox 2320 3759 2551 3808; x_wconf 76' lang='lat' dir='ltr'>adhibito.</span> <span class='ocrx_word' id='word_1_453' title='bbox 2596 3761 2713 3809; x_wconf 75' lang='lat' dir='ltr'>Jam</span> <span class='ocrx_word' id='word_1_454' title='bbox 2734 3776 2817 3810; x_wconf 89' lang='lat' dir='ltr'>re-</span> 
     </span>
     <span class='ocr_line' id='line_1_71' title="bbox 1689 3823 2820 3889; baseline 0.003 -18"><span class='ocrx_word' id='word_1_455' title='bbox 1689 3823 1823 3885; x_wconf 76' lang='lat' dir='ltr'>liqua</span> <span class='ocrx_word' id='word_1_456' title='bbox 1842 3825 2204 3888; x_wconf 66' lang='lat' dir='ltr'>injungenda:</span> <span class='ocrx_word' id='word_1_457' title='bbox 2242 3828 2420 3886; x_wconf 72' lang='lat' dir='ltr'>quibus,</span> <span class='ocrx_word' id='word_1_458' title='bbox 2444 3825 2493 3872; x_wconf 86' lang='lat' dir='ltr'>h.</span> <span class='ocrx_word' id='word_1_459' title='bbox 2518 3823 2599 3874; x_wconf 86' lang='lat' dir='ltr'>cui</span> <span class='ocrx_word' id='word_1_460' title='bbox 2624 3825 2820 3889; x_wconf 78' lang='lat' dir='ltr'>poculo,</span> 
     </span>
     <span class='ocr_line' id='line_1_72' title="bbox 1685 3888 2819 3953; baseline 0.003 -18"><span class='ocrx_word' id='word_1_461' title='bbox 1685 3891 1795 3936; x_wconf 69' lang='lat' dir='ltr'>vitis</span> <span class='ocrx_word' id='word_1_462' title='bbox 1818 3890 1943 3936; x_wconf 73' lang='lat' dir='ltr'>lenta</span> <span class='ocrx_word' id='word_1_463' title='bbox 1962 3891 2282 3950; x_wconf 70' lang='lat' dir='ltr'>superaddita,</span> <span class='ocrx_word' id='word_1_464' title='bbox 2304 3888 2573 3953; x_wconf 79' lang='lat' dir='ltr'>exsculpta,</span> <span class='ocrx_word' id='word_1_465' title='bbox 2593 3889 2819 3951; x_wconf 75' lang='lat' dir='ltr'>tor-nosa-</span> 
     </span>
     <span class='ocr_line' id='line_1_73' title="bbox 1685 3951 2824 4025; baseline 0.004 -27"><span class='ocrx_word' id='word_1_466' title='bbox 1685 3955 1779 4009; x_wconf 70' lang='lat' dir='ltr'>cila&#39;,</span> <span class='ocrx_word' id='word_1_467' title='bbox 1804 3967 1897 4025; x_wconf 82' lang='lat' dir='ltr'>ope</span> <span class='ocrx_word' id='word_1_468' title='bbox 1926 3951 2159 4016; x_wconf 80' lang='lat' dir='ltr'>scalpelli,</span> <span class='ocrx_word' id='word_1_469' title='bbox 2183 3953 2315 4015; x_wconf 88' lang='lat' dir='ltr'>quod</span> <span class='ocrx_word' id='word_1_470' title='bbox 2344 3951 2475 4002; x_wconf 77' lang='lat' dir='ltr'>facili</span> <span class='ocrx_word' id='word_1_471' title='bbox 2503 3954 2552 4002; x_wconf 81' lang='lat' dir='ltr'>h.</span> <span class='ocrx_word' id='word_1_472' title='bbox 2590 3969 2634 4001; x_wconf 86' lang='lat' dir='ltr'>e.</span> <span class='ocrx_word' id='word_1_473' title='bbox 2674 3953 2824 4004; x_wconf 74' lang='lat' dir='ltr'>docta.</span> 
     </span>
     <span class='ocr_line' id='line_1_74' title="bbox 1686 4019 2821 4080; baseline 0.004 -16"><span class='ocrx_word' id='word_1_474' title='bbox 1686 4025 1737 4064; x_wconf 87' lang='lat' dir='ltr'>et</span> <span class='ocrx_word' id='word_1_475' title='bbox 1757 4025 1917 4080; x_wconf 76' lang='lat' dir='ltr'>perita</span> <span class='ocrx_word' id='word_1_476' title='bbox 1938 4031 2087 4064; x_wconf 79' lang='lat' dir='ltr'>manu</span> <span class='ocrx_word' id='word_1_477' title='bbox 2110 4025 2360 4066; x_wconf 80' lang='lat' dir='ltr'>tractatur.</span> <span class='ocrx_word' id='word_1_478' title='bbox 2420 4019 2571 4066; x_wconf 60' lang='lat' dir='ltr'>Vertit</span> <span class='ocrx_word' id='word_1_479' title='bbox 2584 4021 2821 4080; x_wconf 71' lang='lat' dir='ltr'>corymbos</span> 
     </span>
    </p>
   </div>
   <div class='ocr_carea' id='block_1_6' title="bbox 2468 4081 2479 4092">
    <p class='ocr_par' dir='ltr' id='par_1_20' title="bbox 2468 4081 2479 4092">
     <span class='ocr_line' id='line_1_75' title="bbox 2468 4081 2479 4092; baseline 0 0"><span class='ocrx_word' id='word_1_480' title='bbox 2468 4081 2479 4092; x_wconf 74' lang='grc' dir='ltr'><strong>ο</strong></span> 
     </span>
    </p>
   </div>
   <div class='ocr_carea' id='block_1_7' title="bbox 1685 4082 2825 4468">
    <p class='ocr_par' dir='ltr' id='par_1_21' title="bbox 1685 4082 2825 4468">
     <span class='ocr_line' id='line_1_76' title="bbox 1685 4082 2825 4196; baseline 0.005 -69"><span class='ocrx_word' id='word_1_481' title='bbox 1685 4083 1873 4142; x_wconf 62' lang='lat' dir='ltr'>afflues</span> <span class='ocrx_word' id='word_1_482' title='bbox 1892 4083 2063 4130; x_wconf 70' lang='lat' dir='ltr'>hedera</span> <span class='ocrx_word' id='word_1_483' title='bbox 2078 4085 2283 4144; x_wconf 76' lang='lat' dir='ltr'>pallente</span> <span class='ocrx_word' id='word_1_484' title='bbox 2298 4102 2313 4129; x_wconf 92' lang='grc'>.·</span> <span class='ocrx_word' id='word_1_485' title='bbox 2350 4082 2565 4196; x_wconf 46' lang='lat' dir='ltr'>afflat</span> <span class='ocrx_word' id='word_1_486' title='bbox 2584 4098 2639 4131; x_wconf 78' lang='lat' dir='ltr'>se</span> <span class='ocrx_word' id='word_1_487' title='bbox 2666 4097 2825 4148; x_wconf 74' lang='lat' dir='ltr'>supra</span> 
     </span>
     <span class='ocr_line' id='line_1_77' title="bbox 1688 4145 2819 4210; baseline 0.003 -17"><span class='ocrx_word' id='word_1_488' title='bbox 1688 4145 1933 4203; x_wconf 82' lang='lat' dir='ltr'>hederam,</span> <span class='ocrx_word' id='word_1_489' title='bbox 1952 4147 2090 4207; x_wconf 75' lang='lat' dir='ltr'>cujus</span> <span class='ocrx_word' id='word_1_490' title='bbox 2107 4145 2325 4210; x_wconf 82' lang='lat' dir='ltr'>corymbi</span> <span class='ocrx_word' id='word_1_491' title='bbox 2346 4145 2393 4196; x_wconf 84' lang='lat' dir='ltr'>di</span> <span class='ocrx_word' id='word_1_492' title='bbox 2494 4146 2504 4156; x_wconf 88' lang='lat'>&#39;</span> <span class='ocrx_word' id='word_1_493' title='bbox 2530 4155 2661 4204; x_wconf 81' lang='lat' dir='ltr'>sunt,</span> <span class='ocrx_word' id='word_1_494' title='bbox 2680 4161 2819 4197; x_wconf 75' lang='lat' dir='ltr'>enm-</span> 
     </span>
     <span class='ocr_line' id='line_1_78' title="bbox 1690 4209 2817 4287; baseline 0.002 -29"><span class='ocrx_word' id='word_1_495' title='bbox 1690 4225 1783 4272; x_wconf 86' lang='lat' dir='ltr'>que</span> <span class='ocrx_word' id='word_1_496' title='bbox 1804 4209 1927 4258; x_wconf 74' lang='lat' dir='ltr'>adeo</span> <span class='ocrx_word' id='word_1_497' title='bbox 1948 4209 2169 4275; x_wconf 80' lang='lat' dir='ltr'>implicat</span> <span class='ocrx_word' id='word_1_498' title='bbox 2196 4211 2310 4287; x_wconf 46' lang='lat' dir='ltr'>suis.</span> <span class='ocrx_word' id='word_1_499' title='bbox 2328 4210 2601 4260; x_wconf 77' lang='lat' dir='ltr'>racemulis.</span> <span class='ocrx_word' id='word_1_500' title='bbox 2668 4210 2817 4260; x_wconf 84' lang='lat' dir='ltr'>Scili-</span> 
     </span>
     <span class='ocr_line' id='line_1_79' title="bbox 1686 4274 2821 4414; baseline 0.001 -27"><span class='ocrx_word' id='word_1_501' title='bbox 1686 4274 2821 4414; x_wconf 34' lang='lat' dir='ltr'>feodafflssgduigodzrgifuiffhffifflmuffi</span> 
     </span>
     <span class='ocr_line' id='line_1_80' title="bbox 1687 4403 2650 4468; baseline 0.003 -17"><span class='ocrx_word' id='word_1_502' title='bbox 1687 4419 1797 4454; x_wconf 78' lang='lat' dir='ltr'>oras</span> <span class='ocrx_word' id='word_1_503' title='bbox 1820 4405 2027 4453; x_wconf 78' lang='lat' dir='ltr'>ambiret</span> <span class='ocrx_word' id='word_1_504' title='bbox 2046 4404 2161 4454; x_wconf 80' lang='lat' dir='ltr'>vius</span> <span class='ocrx_word' id='word_1_505' title='bbox 2183 4404 2377 4454; x_wconf 81' lang='lat' dir='ltr'>hederae</span> <span class='ocrx_word' id='word_1_506' title='bbox 2398 4403 2650 4468; x_wconf 70' lang='lat' dir='ltr'>implicita.</span> 
     </span>
    </p>
   </div>
  </div>
 </body>
</html>
