3050 4934
495 221 619 286 158

1309 213 1980 282 GEORGICON

661 371 710 436 J
710 393 814 436 am
839 371 1034 435 maris
1061 369 1354 434 immensi
1383 367 1657 453 prolem,
1686 378 1757 431 et
1782 387 1993 451 genus
2022 385 2211 430 omne
2240 369 2599 438 natantum,

667 471 922 536 Littore
951 472 1018 534 in
1047 481 1369 547 extremo,
1401 491 1526 536 ceu
1552 467 1871 552 naufraga
1900 487 2203 552 corpora,
2232 464 2472 530 fluctus

667 572 958 650 Proluit3
1002 573 1280 638 insolitae
1307 570 1570 656 fugiunt
1596 572 1665 636 in
1692 570 1959 636 flumina
1983 570 2241 654 phocae.

666 675 900 741 Interit
927 684 995 739 et
1023 675 1236 740 curvis
1265 673 1512 738 frustra
1540 671 1815 738 defensa
1838 670 2109 737 latebris

497 777 626 843 545
670 775 942 861 Vipera,
974 787 1044 841 et
1071 775 1331 840 attoniti
1361 774 1645 858 squamis
1678 773 2091 838 adstantibus
2119 770 2335 856 hydri.

668 878 841 964 Ipsis
873 887 978 941 est
1005 899 1118 942 aer
1148 879 1376 941 avibus
1405 899 1539 940 non
1566 898 1832 960 aequus3
1876 885 1945 940 et
1973 873 2100 938 illae

670 979 1052 1064 Praecipites
1083 977 1217 1043 alta
1241 979 1438 1043 vitam
1467 979 1590 1042 sub
1622 977 1796 1042 nube
1826 974 2222 1060 relinquunt.

671 1080 1006 1145 Praeterea
1025 1081 1164 1165 jam
1188 1102 1310 1145 nec
1338 1079 1576 1144 mutari
1605 1077 1847 1165 pabula
1875 1078 2115 1155 refert;

675 1182 1122 1266 Quoesitaeque
1153 1192 1391 1246 nocent
1419 1191 1631 1246 artes:
1678 1201 1936 1244 cessere
1965 1177 2283 1262 magistri,

501 1285 632 1351 550
675 1283 1068 1368 Phillyrides
1101 1281 1370 1358 Chiron,
1399 1279 2008 1365 Amythaoniusque
2039 1279 2433 1363 Melampus.

675 1386 898 1461 Saevit,
929 1395 1020 1462 et,
1048 1385 1115 1447 in
1143 1382 1354 1448 lucem
1385 1383 1630 1467 Stygiis
1661 1382 1897 1446 emissa
1927 1380 2242 1457 tenebris,

676 1486 932 1552 Pallida
959 1485 1325 1570 Tisiphone
1359 1483 1638 1548 Morbos
1670 1484 1806 1568 agit
1834 1493 1987 1547 ante
2017 1482 2430 1565 Metumque,

671 1589 879 1673 Inque
910 1589 1051 1653 dies
1080 1587 1342 1652 avidum
1371 1607 1647 1670 surgens
1676 1594 1876 1670 caput
1903 1584 2097 1649 altius
2126 1582 2339 1648 effert.

676 1689 918 1754 Balatu
947 1711 1256 1773 pecorum
1285 1698 1354 1753 et
1383 1688 1631 1752 crebris
1662 1687 2019 1770 mugitibus
2046 1705 2269 1750 amnes

502 1793 632 1858 555
674 1790 1093 1874 Arentesque
1127 1799 1363 1854 sonant
1389 1790 1551 1873 ripae
1580 1787 1909 1871 collesque
1940 1787 2177 1872 supini.

675 1893 954 1976 Jamque
982 1891 1362 1956 >catervatim
1392 1890 1509 1954 dat
1534 1899 1843 1972 stragem,
1872 1898 2072 1972 atque
2102 1896 2375 1972 aggerat
2400 1886 2561 1971 ipsis

675 1993 756 2058 In
787 1991 1058 2056 stabulis
1089 1992 1268 2078 turpi
1297 1989 1551 2075 dilapsa
1578 1990 1899 2055 cadavera
1929 1989 2121 2066 tabo;

677 2094 914 2157 Donec
941 2091 1138 2156 humo
1170 2102 1418 2175 tegere,
1450 2112 1526 2155 ac
1556 2090 1761 2155 foveis
1792 2091 2197 2156 abscondere
2227 2090 2510 2154 discunt.

675 2195 855 2259 Nam
885 2215 1100 2276 neque
1127 2203 1270 2256 erat
1299 2193 1490 2258 coriis
1520 2214 1718 2270 usus3
1764 2215 1885 2257 nec
1916 2193 2163 2258 viscera
2192 2192 2535 2275 quisquam

507 2297 638 2362 560
681 2294 824 2359 Aut
851 2295 1044 2359 undis
1077 2292 1338 2358 abolere
1366 2303 1613 2377 potest,
1644 2304 1760 2357 aut
1786 2294 2043 2358 vincere
2074 2292 2368 2370 fiamma;

679 2397 830 2462 Nec
859 2397 1134 2460 tondere
1163 2395 1428 2479 quidem
1457 2396 1685 2458 morbo
1713 2393 2058 2477 illuvieque
2087 2415 2325 2479 peresa

509 2589 633 2644 ovili,
675 2589 822 2638 Quum
852 2583 1022 2648 fremit
1059 2587 1126 2632 ad
1156 2586 1315 2632 caulas
1349 2593 1442 2632 etc.
1508 2586 1634 2632 Noc·

509 2660 688 2708 turnus,
712 2659 876 2706 noctu.
907 2659 964 2698 ut
996 2648 1141 2697 toties
1171 2648 1401 2697 vidimus.
1467 2651 1639 2696 Acrior

511 2732 639 2772 eura,
664 2713 835 2762 morbi.

577 2779 850 2826 541-543.
901 2777 1106 2826 Infectis
1141 2775 1280 2840 aquis
1317 2775 1480 2840 pisces
1517 2790 1635 2825 con-

509 2841 712 2906 tagiosis
740 2843 923 2891 morbis
945 2841 1127 2900 vexari,
1151 2857 1232 2890 res
1264 2851 1343 2890 est
1371 2841 1502 2889 inter
1535 2841 1636 2888 his-

511 2907 650 2956 toriae
690 2906 926 2956 naturalis
961 2916 1183 2956 auctores
1219 2920 1350 2954 nunc
1385 2905 1505 2954 satis
1551 2921 1636 2952 ex-

545 2971 714 3020 lorata.
783 2973 961 3029 Phocae,
996 2969 1138 3020 vituli
1173 2969 1365 3018 marini.
1432 2971 1639 3018 [molita

559 3040 712 3098 gisae,
734 3050 826 3100 pro
847 3033 1043 3083 insolito
1066 3049 1214 3082 more.

588 3101 700 3157 544,
747 3101 856 3146 545.
925 3101 1089 3148 Carnis
1138 3100 1361 3152 latebris,-
1415 3096 1470 3145 in
1519 3111 1640 3158 quas

509 3171 712 3226 propter
753 3163 999 3211 anfractus
1051 3171 1102 3210 et
1143 3163 1334 3210 viarum
1375 3159 1641 3210 curvitates

511 3241 614 3274 non
641 3225 784 3274 facile
805 3243 858 3274 se
881 3227 1098 3276 insinuat
1118 3241 1203 3274 ser
1224 3235 1496 3289 corruptus.
1544 3229 1636 3272 Ae-

513 3294 662 3349 eom‘ti,
698 3299 962 3354 torpentes,
1006 3289 1233 3353 rig-entes.
1303 3292 1513 3352 Squamic
1551 3291 1637 3336 ad-

509 3358 755 3412 stantibus,
779 3353 1036 3414 stantibus,
1059 3354 1249 3412 erectis,
1273 3354 1599 3402 horrentibus.

581 3420 692 3477 546,
709 3419 818 3469 547.
851 3423 948 3468 Aer
967 3436 1054 3468 non
1071 3427 1142 3467 est
1156 3435 1326 3480 aquus,
1345 3417 1446 3466 imo
1464 3417 1643 3466 noxius

515 3493 604 3544 est,
641 3487 801 3533 avibus
835 3487 962 3545 ipsis.
1019 3485 1293 3545 Praecipites
1327 3485 1428 3530 alta
1446 3501 1462 3529 .·
1503 3480 1639 3530 altis-

519 3548 643 3598 sime
669 3547 866 3612 quidem
888 3548 1130 3606 volabant,
1154 3562 1303 3610 seque
1336 3545 1520 3611 ipsas-a
1542 3555 1640 3594 ter-

515 3613 980 3725 ξὲῧνίᾙοέἕι
1010 3611 1518 3740 {uuiffluffssidffl
1521 3619 1647 3723 ²515?ss

517 3741 670 3789 vitam
691 3741 1045 3803 relinquebant.

585 3808 696 3864 549,
721 3807 830 3853 550.
871 3808 1171 3868 Quaesitaeque
1200 3813 1360 3854 nocent
1390 3813 1528 3862 artes,
1553 3818 1641 3868 pa·

519 3879 627 3919 rata
658 3868 888 3918 remedia.
968 3872 1150 3918 Cessero
1191 3871 1418 3944 magistr-i,
1464 3866 1647 3916 cedunt

521 3935 704 3992 morbo,
736 3933 1013 3992 vincuntur,
1049 3940 1203 3981 artem
1237 3949 1282 3982 ei
1314 3948 1452 3981 suam
1486 3931 1643 3996 impa-

517 4014 622 4047 rem
647 4015 753 4047 esse
786 3997 957 4046 vident
987 3996 1178 4056 medici,
1207 4007 1258 4046 et
1289 3995 1484 4059 quidem
1517 4011 1643 4060 prae-

517 4062 819 4120 stantissimi,
866 4078 988 4126 quos
1031 4061 1310 4110 nominibus
1362 4059 1646 4110 clarissimis

520 4135 738 4183 exornat,
783 4129 993 4175 Chironis
1023 4141 1050 4175 e
1093 4125 1291 4190 Philyra
1326 4126 1559 4190 Nympha
1596 4133 1648 4174 et

522 4190 747 4247 Saturno,
785 4200 836 4238 et
869 4193 950 4239 Me
1131 4194 1174 4238 ἰε
1217 4205 1281 4238 ex
1319 4190 1643 4254 Amythaone,

521 4252 722 4302 AEsonis
753 4252 916 4312 fratre,
949 4265 1066 4313 nan,
1098 4269 1304 4318 quorum
1335 4253 1413 4303 hic
1447 4253 1644 4318 quidem

677 4314 737 4363 ”s
781 4325 833 4364 et
885 4320 1136 4380 καθαρμοῖς
1180 4318 1390 4368 maxime
1440 4317 1645 4370 illustris

520 4379 652 4444 apud
667 4389 852 4442 poetas,
876 4381 1000 4444 alter
1020 4397 1137 4430 vero
1157 4382 1336 4455 herbis.

1776 2584 2051 2632 551—-553,
2105 2583 2292 2632 Versus
2336 2583 2480 2648 longe
2522 2587 2830 2649 prestantis-

1702 2647 1829 2760 ‘1⁸32ss
1838 2657 1908 2760 Yet
1926 2647 2123 2726 picmra
2143 2647 2278 2760 ogni
2293 2647 2576 2762 ‘riv-{giges
2610 2650 2702 2762 &1⁸38
2716 2654 2829 2712 pol-

1876 2715 2079 2774 utpkons
2110 2727 2139 2760 e
2221 2729 2345 2776 πω
2510 2731 2578 2762 ηε
2686 2717 2834 2764 lucen

1704 2775 1957 2836 emittitur,
1999 2785 2097 2834 aut,
2136 2777 2265 2840 quod
2298 2777 2497 2840 gravius
2535 2788 2625 2836 est,
2664 2783 2833 2828 emissa

1702 2845 1847 2899 saevit,
1872 2850 1923 2889 et
1952 2849 2058 2890 ante
2088 2858 2137 2888 se
2159 2845 2263 2905 agit
2284 2843 2469 2890 Morbos
2500 2860 2557 2890 ac
2584 2846 2756 2901 Metus,
2781 2853 2835 2892 et

1704 2920 1839 2953 more
1874 2921 2044 2954 eorum
2075 2905 2277 2954 deorum
2300 2905 2383 2968 qui
2417 2905 2697 2956 hominibus
2725 2907 2834 2956 sive

1706 2979 1912 3032 augusta
1944 2969 2048 3018 sive
2083 2967 2289 3018 terribili
2323 2969 2479 3018 forma
2514 2972 2831 3036 apparebant,

1704 3033 1764 3082 fit
1782 3036 1937 3095 major
1953 3035 2215 3097 majorque,
2232 3038 2470 3097 surgitque
2487 3035 2610 3084 adeo
2627 3045 2679 3084 et
2698 3037 2835 3098 effert

1702 3106 1851 3210 cange
1870 3101 2069 3210 extitit-um,
2092 3099 2207 3162 quia
2237 3097 2347 3163 ipsa
2366 3109 2443 3147 est
2472 3099 2643 3148 mortis
2670 3101 2832 3160 avida,

1704 3179 1754 3209 m
1850 3179 1875 3209 s
1984 3180 2051 3210 us.

1770 3227 2043 3278 554—557.
2080 3227 2275 3276 Interea
2291 3226 2505 3290 undique
2520 3228 2652 3278 circa
2672 3229 2833 3293 ipsam

1705 3299 1927 3339 armenta
1968 3300 2021 3339 et
2061 3307 2236 3355 greges
2282 3301 2535 3354 aegrotant,
2582 3310 2699 3342 mox
2742 3293 2835 3342 toti

1704 3371 1879 3418 greges
1912 3365 2149 3420 pereunt;
2197 3364 2250 3404 at
2280 3366 2461 3420 quanto
2493 3357 2693 3406 feralius
2725 3357 2838 3422 ipsa

1705 3419 1799 3467 dea
1819 3422 1917 3477 dat,
1942 3419 2057 3477 edit,
2081 3428 2276 3484 strages,
2298 3424 2419 3469 etc!

1772 3483 2045 3531 558—560.
2084 3483 2271 3533 Unicus
2294 3483 2467 3533 modus
2483 3487 2699 3535 restabat
2718 3502 2833 3550 pes-

1710 3545 1871 3595 tilenti
1902 3549 2073 3597 morbo
2105 3547 2331 3598 medendi
2368 3549 2531 3612 (isque
2560 3549 2709 3599 etiam
2744 3567 2835 3599 no-

1710 3619 1920 3661 strorum
1964 3612 2241 3676 sapientum
2288 3613 2475 3676 judicio
2519 3612 2734 3676 unicus),
2782 3623 2842 3664 ut

1710 3685 1840 3724 tacta
1882 3675 2119 3726 cadavera
2162 3693 2227 3725 ex
2268 3689 2533 3742 conspectu
2582 3679 2841 3730 hominum

1711 3741 2031 3800 auferrentur,
2060 3751 2117 3790 ut
2146 3741 2297 3790 humo
2330 3751 2625 3806 tegerentur.
2694 3743 2839 3794 Nihil

1711 3805 1843 3854 enim
1864 3819 1927 3854 ex
1961 3815 2062 3853 toto
2084 3804 2330 3855 animante
2353 3808 2464 3856 usui
2494 3807 2643 3856 alicui
2676 3808 2837 3858 inser-

1710 3869 1815 3918 vire
1848 3879 2052 3944 poterat.
2124 3873 2357 3920 Curiorum
2379 3871 2543 3920 nunus
2565 3881 2672 3921 erat
2703 3889 2839 3931 usus,

1711 3932 1755 3981 si
1787 3949 1895 3995 quis
1924 3950 1983 3982 ea
2003 3933 2227 3999 deripere
2251 3944 2301 3983 et
2330 3951 2535 4000 corpora
2566 3935 2629 3984 iis
2651 3937 2840 3986 nudare

1710 3996 1763 4045 in
1783 3997 2001 4046 animum
2023 3997 2306 4054 induxeram
2334 4003 2510 4048 edacem
2528 4009 2708 4060 autem,
2726 4003 2777 4050 h.
2796 4017 2839 4050 e.

1710 4077 1915 4137 corpora
1936 4073 2047 4111 cute
2074 4063 2481 4138 nudata,·carnes,
2515 4063 2568 4138 in
2592 4073 2731 4114 tanta
2755 4082 2841 4115 co-

1709 4142 2295 4240 83:4²3:ssssssssss
2316 4137 2840 4242 ffissssgnffiffm²³

1776 4255 1886 4314 561,
1926 4255 2034 4304 562.
2088 4257 2197 4304 Nec
2235 4257 2362 4305 lanae
2401 4255 2531 4305 ullus
2566 4272 2688 4306 usus
2721 4267 2845 4316 erat,

1700 4307 1940 4384 'corrupta
1958 4319 2088 4385 pelle
2110 4336 2200 4384 per
2230 4320 2397 4370 ulcera
2423 4330 2476 4368 et
2502 4321 2708 4380 saniem,
2733 4338 2845 4385 que

1712 4392 1787 4433 est
1827 4387 2061 4454 illuviem,-¹
2087 4400 2193 4454 nec¹
2223 4395 2383 4436 uuum
2424 4395 2531 4434 erat
2573 4401 2659 4436 eas
2702 4387 2845 4436 lanas
