3050 4934
696 729 2219 872 BUcoLlcoN

1245 1077 1675 1151 LIBER.

895 1681 1340 1748 ECLOGA
1387 1684 1440 1746 1.
1519 1681 2024 1748 TITYRUS.

1115 2009 1129 2018 ⁵
1157 1936 1764 1987 ARGUMENTUM.

287 2065 633 2123 Hennaeus,
655 2063 788 2128 agris
817 2063 920 2114 suis
942 2073 1134 2124 enutris,
1156 2065 1280 2128 dum,
1293 2065 1456 2130 patria
1485 2065 1697 2116 extorris
1726 2064 2026 2129 capellarum
2054 2079 2253 2128 gregem
2276 2073 2391 2112 ante
2418 2079 2471 2122 se
2502 2065 2619 2129 agit,

359 2145 414 2193 in
437 2145 668 2208 Tityrum
698 2144 899 2202 ‘uncidin
928 2161 1076 2210 quem
1103 2161 1216 2194 cum
1246 2145 1301 2194 in
1331 2145 1579 2194 communi
1611 2145 1885 2195 calamitate
1918 2161 2110 2194 summa
2141 2145 2402 2194 securitate
2436 2154 2487 2194 et
2519 2145 2621 2195 otio

361 2226 462 2274 frui
501 2225 704 2284 videret,
742 2227 947 2275 miratus
991 2225 1205 2276 hominis
1248 2236 1445 2285 sortem,
1481 2226 1563 2276 cui
1598 2236 1849 2292 acceptam
1884 2241 1993 2275 eam
2034 2227 2175 2285 ferat,
2212 2236 2366 2290 rogat.
2436 2228 2619 2276 Narrat

357 2307 580 2370 Τίς-τω,
601 2323 646 2356 v.
673 2308 738 2355 20
758 2323 876 2370 sqq„
901 2307 1145 2371 quomodo
1175 2315 1228 2355 et
1255 2323 1286 2355 a
1305 2323 1404 2370 quo
1435 2323 1579 2370 agros
1609 2323 1723 2357 suos
1744 2323 2014 2371 gregesque
2045 2307 2205 2356 salvos
2226 2308 2617 2373 recuperaverit3

359 2387 556 2436 seilicet
571 2403 641 2446 se,
654 2389 758 2450 jam
777 2397 920 2437 aetate
933 2389 1236 2454 provectum,
1251 2388 1490 2438 libertatis
1508 2388 1864 2452 consequendae
1876 2403 2025 2438 causa
2038 2388 2225 2436 Urbem
2241 2389 2435 2446 adiisse,
2455 2389 2621 2452 ibique

355 2469 422 2517 ab
457 2467 568 2516 heri
608 2467 838 2518 facilitate
868 2470 962 2518 hoc
998 2467 1282 2528 obtinuisse,
1319 2478 1376 2518 ut
1410 2485 1589 2533 greges
1624 2485 1739 2518 suos
1774 2479 1880 2518 tuto
1917 2485 1973 2518 ac
2007 2469 2161 2518 libere
2197 2485 2397 2534 pascere
2433 2469 2617 2520 liceret.

361 2549 624 2598 Putandus
657 2557 734 2598 est
763 2549 884 2598 adeo
917 2549 1120 2614 Tityrus
1163 2565 1269 2598 esse
1311 2557 1458 2599 unus·
1483 2565 1547 2598 ex
1578 2549 1859 2614 pastoribus
1897 2549 2053 2599 servis
2085 2548 2138 2598 in
2172 2549 2325 2598 fundo
2357 2566 2387 2598 a
2419 2549 2619 2599 domino

359 2630 576 2678 habitis:
611 2629 672 2679 cf.
697 2631 758 2678 ad
789 2647 832 2678 v.
869 2633 946 2680 28.
1019 2631 1218 2680 Interea
1253 2631 1378 2679 alter
1408 2630 1470 2679 de
1497 2630 1639 2680 malis
1670 2647 1727 2679 ac
1758 2629 1997 2679 molestiis
2028 2629 2334 2694 migrationis
2366 2645 2467 2679 suae
2496 2647 2613 2679 con-

359 2709 611 2774 queriturz
637 2710 926 2775 tandemque
957 2719 1127 2778 aperte
1157 2711 1218 2760 de
1253 2720 1597 2760 veteranorum
1632 2711 1937 2760 immissione
1972 2709 2024 2758 in
2047 2727 2191 2774 agros
2213 2709 2441 2774 loquitur,
2467 2727 2511 2760 v.
2538 2712 2615 2762 71.

361 2791 606 2841 Subsistit
633 2791 854 2855 dialogus
889 2791 942 2840 in
959 2791 1049 2851 ‘eo,
1084 2801 1140 2840 ut
1168 2792 1370 2856 Tityrus
1405 2792 1642 2842 miserum
1669 2793 1865 2842 exulem
1892 2792 1947 2841 in
1976 2808 2067 2842 suo
2101 2792 2297 2855 tugurio
2330 2802 2617 2858 pernoctare

356 2875 548 2936 iubeat.

291 2953 594 3003 Communis
613 2955 831 3003 omnium
851 2963 1125 3019 temporum
1147 2953 1328 3018 opinio,
1349 2963 1572 3003 veterum
1594 2955 2024 3018 grammaticorum
2046 2954 2142 3002 fide
2166 2955 2369 3014 firmata,
2392 2955 2616 3014 obtinuit,

363 3035 549 3098 ecloga·
576 3035 723 3098 huJ'us
750 3034 992 3083 rationem
1017 3033 1080 3083 ad
1109 3033 1194 3083 illa
1222 3042 1440 3099 tempora
1468 3042 1520 3083 et
1548 3034 1745 3099 Virgilii
1776 3035 2019 3083 fortunam
2045 3035 2455 3084 accommodatam
2484 3051 2617 3093 esse;
2656 3081 2659 3084 ,

365 3131 524 3178 eoque
551 3130 682 3163 anno
713 3115 800 3176 (U.
825 3115 880 3164 C.
908 3115 1028 3176 ⁷13)
1064 3129 1174 3164 eam
1205 3113 1438 3180 scriptam
1467 3131 1589 3174 esse,
1620 3131 1720 3178 quo
1750 3113 2142 3164 Triumvirorum
2168 3114 2393 3180 pactione
2424 3115 2622 3164 decreta

367 3195 582 3244 nefanda
611 3195 698 3243 illa
727 3210 957 3258 agrorum
988 3195 1119 3244 inter
1148 3203 1406 3244 veteranos
1437 3195 1617 3245 divisio
1648 3197 1711 3244 ab
1741 3195 2014 3244 Octaviano
2046 3194 2173 3243 facta
2205 3205 2317 3244 est.·
2366 3197 2506 3245 Inter
2534 3213 2619 3246 eos

361 3291 576 3339 quorum
605 3274 712 3338 agri
741 3275 976 3339 assignati
1006 3285 1122 3324 sunt
1143 3275 1404 3335 veteranis,
1427 3275 1567 3325 fuere
1594 3277 1965 3335 Cremonenses,
1991 3276 2074 3339 qui
2106 3287 2157 3324 et
2181 3275 2277 3341 ipsi
2306 3276 2465 3326 Cassii
2487 3277 2615 3327 Bru-

369 3359 502 3422 tique
536 3367 703 3423 partes
741 3367 884 3406 erant
913 3357 1096 3414 secuti;
1141 3373 1348 3421 quorum
1389 3357 1496 3421 agri
1535 3374 1647 3408 cum
1680 3373 1771 3423 pro
1804 3357 2015 3407 militum
2047 3357 2377 3406 immissorum
2415 3374 2621 3408 numero

365 3439 516 3488 nimis
551 3438 747 3502 angusti
783 3447 962 3497 essent,
997 3438 1184 3488 vicinos
1223 3439 1609 3488 Mantuanorum
1646 3455 1789 3502 agros
1822 3437 2013 3488 additos
2048 3453 2157 3486 esse
2191 3447 2408 3486 narrant.
2480 3439 2621 3487 lnter

371 3521 672 3570 Mantuanos
691 3517 774 3584 qui
793 3520 920 3568 hanc
943 3519 1136 3582 injuriae
1157 3518 1500 3582 indignitatem
1522 3519 1759 3578 subirent,
1783 3519 2045 3584 Virgilium
2068 3518 2217 3568 fuisse
2242 3518 2469 3574 tradunt3
2506 3534 2619 3567 eum

367 3612 550 3658 tamen,
587 3599 692 3650 sive
731 3615 822 3649 suo
857 3599 962 3650 sive
998 3599 1160 3648 Asinii
1203 3599 1440 3649 Pollionis
1478 3599 1699 3661 consilio,
1736 3601 1945 3649 Romam
1981 3599 2269 3664 profectum,
2298 3599 2361 3646 ab
2392 3598 2619 3661 Augusto

369 3681 642 3732 obtinuisse
663 3689 719 3730 ut
740 3679 844 3744 agri
867 3679 960 3730 sibi
982 3680 1372 3730 restituerentur.

309 3765 471 3814 Locus
493 3762 547 3811 in
569 3777 666 3826 quo
687 3771 906 3826 pastores
927 3761 1240 3820 conveniunt,
1266 3771 1344 3810 est
1361 3762 1425 3810 ad
1449 3762 1729 3810 umbrosam
1750 3760 1915 3824 fagum
1938 3759 1992 3808 in
2012 3759 2119 3808 loeo
2136 3757 2396 3808 'arboribus
2416 3759 2619 3820 consito,

367 3845 462 3894 sub
481 3860 579 3908 qua
599 3843 800 3908 Tityrus
820 3845 1060 3892 recubans
1089 3843 1343 3908 pastoritio
1369 3853 1518 3892 cantu
1542 3843 1695 3892 otium
1718 3841 1977 3901 consumit,
2000 3842 2115 3890 dum
2138 3835 2340 3905 gregem
2374 3853 2618 3892 errantem

367 3923 618 3990 prospicit.
675 3923 836 3972 Versu
859 3931 1021 3972 tamen
1047 3925 1241 3972 52—69
1264 3924 1538 3972 accuratius
1561 3924 1854 3973 describitur
1874 3923 1968 3972 loci
1987 3931 2298 3988 prospectum
2326 3931 2377 3970 et
2398 3922 2459 3970 ad
2486 3931 2619 3974 tanto

368 4007 606 4067 majorem
633 4004 708 4054 rei
731 4003 1092 4067 jucunditatem
1122 4003 1240 4053 facit
1271 4004 1516 4054 contraria
1542 4004 1744 4054 alterius
1771 4003 1980 4069 pastoris
2012 4003 2232 4058 fortuna;
2277 4019 2385 4066 quae
2416 4004 2618 4056 misera-

369 4087 554 4136 tionem
595 4095 775 4143 movet,
817 4095 868 4134 et
906 4101 1004 4149 qua
1045 4085 1169 4136 nihil
1213 4084 1444 4134 disertius
1485 4082 1551 4133 ad'
1582 4085 1744 4149 Tityri
1782 4083 2069 4134 felicitatem
2106 4083 2447 4135 illustrandam
2483 4101 2617 4136 com.

375 4165 638 4216 memorari
659 4175 868 4231 poterat.
2197 4163 2208 4174 “

307 4247 436 4296 Sunt
469 4257 632 4296 tamen
675 4245 830 4295 multa
871 4246 925 4296 in
961 4249 1052 4296 hae
1095 4247 1275 4310 ecloga,
1313 4247 1367 4294 in
1409 4246 1585 4310 quibus
1625 4245 1851 4296 subtilius
1887 4254 2046 4309 poetae
2076 4243 2318 4307 judicium
2356 4245 2618 4298 desideres.

369 4328 592 4377 Primum
629 4327 792 4392 ipsum
827 4328 919 4376 hoc
962 4343 1119 4392 genus
1159 4327 1449 4390 argumenti,
1488 4329 1618 4391 quod
1654 4328 1717 4376 ad
1757 4325 2037 4388 allegoriam
2072 4325 2273 4385 accedit,
2310 4325 2527 4390 adeoque
2568 4328 2621 4378 in

367 4419 612 4474 perpetuo
651 4424 818 4458 terum
861 4425 917 4458 ac
957 4410 1216 4458 verborum
1257 4409 1368 4458 lusu
1405 4417 1643 4466 versatur,
1683 4406 1767 4456 vix
1806 4404 1925 4455 satis
1968 4422 2195 4470 magnam
2234 4407 2523 4470 gravitatem
2562 4425 2621 4457 ac

367 4489 660 4552 dignitatem
689 4505 904 4554 unquam
931 4491 1112 4540 habere
1138 4497 1312 4554 potest.
1383 4489 1431 4536 N
1437 4505 1491 4536 ec
1519 4488 1571 4536 in
1600 4503 1659 4535 eo
1692 4487 1851 4552 potuit
1879 4488 1989 4536 vitae
2016 4487 2211 4538 rusticae
2236 4488 2435 4551 propria
2464 4489 2537 4538 vis
2565 4505 2619 4538 ac

1457 4585 1484 4617 a
