3050 4934
470 200 603 265 300

1361 192 1891 259 AENEIDOS

651 348 808 413 Huc
835 348 948 412 ubi
975 344 1234 412 delatus
1263 344 1597 409 Cumaeam
1626 344 1979 409 accesseris
2014 346 2263 422 urbem,

649 450 1058 533 Divinosque
1085 446 1289 525 lacus,
1319 458 1390 511 et
1419 444 1687 510 Averna
1716 447 2011 511 sonantia
2042 446 2255 523 silvis3

649 551 954 615 Insanum
983 559 1196 614 vatem
1224 548 1573 633 adspicies,
1604 568 1753 630 quae
1782 566 1947 630 rupe
1978 547 2103 611 sub
2130 548 2259 611 ima

652 651 820 717 Fata
847 652 1042 727 canit,
1071 648 1372 733 foliisque
1403 644 1591 713 notas
1620 657 1689 711 et
1716 646 1975 711 nomina
2002 643 2289 712 mandat.

479 754 611 819 445
653 752 1084 835 Quaecunque
1113 751 1182 815 in
1209 748 1378 814 foliis
1407 748 1757 832 descripsit
1784 747 2069 811 carmina
2096 748 2304 831 virgo,

657 853 920 938 Digerit
944 853 1014 915 in
1041 850 1402 928 numerum,
1435 860 1633 935 atque
1662 859 1853 913 antro
1882 847 2139 923 seclusa
2166 848 2493 933 relinquit.

656 953 777 1019 Illa
803 963 1070 1017 manent
1093 953 1356 1017 immota
1382 950 1566 1027 lociS,
1598 971 1813 1034 neque
1847 950 1930 1013 ab
1960 950 2187 1015 ordine
2218 950 2482 1015 cedunt.

656 1055 910 1119 Verum
937 1054 1190 1130 eadem,
1220 1074 1412 1117 verso
1441 1052 1655 1115 tenuis
1685 1072 1887 1135 quum
1916 1050 2180 1115 cardine
2208 1061 2441 1115 ventus

654 1154 945 1241 Impulit,
975 1165 1044 1219 et
1072 1164 1332 1219 teneras
1365 1152 1655 1217 turbavit
1674 1152 1879 1235 janua
1907 1149 2199 1228 frondes,

481 1257 612 1323 450
652 1255 1012 1341 Nunquam
1040 1255 1280 1320 deinde
1309 1275 1472 1319 cavo
1499 1252 1833 1315 volitantia
1862 1252 2187 1337 prendere
2220 1273 2403 1328 saxo,

658 1355 810 1420 Nec
837 1377 1146 1420 revocare
1177 1356 1365 1431 situs,
1397 1364 1512 1417 aut
1533 1352 1815 1437 jungere
1844 1353 2127 1416 carmina
2154 1364 2363 1417 curat.

653 1454 1012 1522 Inconsulti
1042 1456 1309 1531 abeunt,
1342 1454 1696 1536 sedemque
1726 1452 1927 1517 odere
1960 1450 2249 1537 Sibyllae.

657 1556 792 1623 Hic
820 1557 940 1621 tibi
968 1578 1052 1621 ne
1083 1578 1216 1641 qua
1241 1576 1441 1619 morae
1470 1552 1715 1619 fuerint
1744 1553 2089 1637 dispendis
2119 1554 2319 1633 tanti3

658 1657 974 1732 Quamvis
1003 1658 1398 1741 increpitent
1427 1656 1610 1732 socii,
1641 1666 1709 1718 et
1738 1654 1802 1717 vi
1829 1675 2061 1719 cursus
2090 1654 2157 1717 in
2187 1654 2389 1719 altum

367 1752 382 1806 ·''
484 1760 615 1826 455
633 1774 640 1779 ’
658 1758 830 1825 Vela
860 1768 1072 1834 vocet,
1103 1756 1452 1841 possisque
1483 1756 1664 1819 sinus
1696 1752 1962 1839 implere
1996 1755 2363 1833 secundos;

659 1859 840 1934 Quin
868 1858 1070 1923 adeas
1099 1867 1336 1933 vatem,
1367 1856 1809 1940 precibusque
1840 1852 2102 1919 oracula
2132 1878 2392 1939 poscas,

659 1960 817 2045 Ipsa
843 1968 1058 2035 canat,
1087 1978 1440 2040 vocemque
1470 1955 1693 2021 volens
1724 1966 1921 2039 atque
1952 1978 2067 2021 ora
2097 1953 2406 2022 resolvat.

661 2059 783 2123 Illa
810 2060 929 2124 tibi
959 2056 1167 2122 Italioe
1195 2056 1498 2141 populos,
1532 2068 1935 2139 venturaque
1965 2056 2159 2135 bella,

657 2158 775 2235 Et,
805 2180 938 2242 quo
967 2179 1290 2242 quemque
1317 2158 1513 2221 modo
1542 2157 1887 2241 fugiasque
1916 2157 2219 2243 ferasque
2248 2157 2562 2236 laborem,

487 2260 618 2324 460
661 2258 1033 2344 Expediet3
1077 2279 1440 2343 cursusque
1469 2258 1657 2323 dabit
1684 2270 1991 2323 venerata
2014 2260 2359 2325 secundos.

492 2499 601 2546 bem
617 2503 694 2545 est
707 2494 762 2544 in
781 2494 1002 2545 formulis
1019 2494 1171 2545 sacris
1191 2494 1448 2557 ηοθύμως,
1468 2494 1611 2543 adeo-

523 2576 590 2609 ue
625 2576 719 2609 nec
761 2574 908 2625 parce
952 2576 1044 2609 nec
1088 2559 1281 2625 supine.
1359 2562 1634 2616 Dominam,-

489 2576 646 2683 deam,
679 2621 944 2673 δέσποιναν.
1001 2627 1192 2687 Supera,
1217 2638 1444 2687 expugna
1465 2622 1619 2671 sacris

489 2686 658 2743 stetin
692 2687 810 2735 hine
843 2692 1001 2736 vietor.
1068 2690 1207 2735 Fines
1242 2689 1386 2735 Italos
1419 2689 1617 2745 saittere,

491 2749 768 2807 dimittetis,
799 2751 1033 2811 discedes,
1068 2751 1262 2800 Italiam
1298 2750 1467 2799 adibis.
1527 2750 1621 2799 Est

493 2814 722 2863 Graecum
737 2814 1004 2876 πέμπεσθαι
1021 2814 1082 2863 de
1099 2813 1424 2877 navigatione.
1467 2814 1621 2863 Vides

493 2876 548 2925 in
579 2877 660 2927 his
690 2888 848 2942 poene
882 2888 1055 2929 artem.
1113 2878 1370 2927 Praestruit
1401 2878 1535 2927 enim
1571 2888 1623 2927 et

491 2951 736 3007 preparat
765 2943 858 2991 sibi
883 2943 1184 3001 descensum,
1206 2941 1388 3005 partim
1408 2942 1472 2991 ad
1493 2952 1615 2991 tem-

493 3014 732 3069 pestatem
769 3004 854 3053 lib.
889 3006 924 3065 i,
963 3005 1178 3055 Junonis
1218 3006 1388 3054 fraude
1433 3006 1617 3055 excita-

495 3078 611 3126 tam,
643 3067 822 3141 partim
855 3068 918 3116 ad
955 3068 1164 3119 Didonis
1203 3084 1406 3128 amores,
1443 3070 1619 3145 quibus

495 3132 528 3179 J
530 3145 630 3179 uno
661 3130 948 3193 impeditum
971 3132 1181 3181 AEneam
1213 3132 1426 3183 retinere
1451 3150 1503 3182 m
1531 3135 1615 3182 Li-

494 3192 815 3305 bysegglebat,
848 3204 899 3243 et
929 3194 992 3243 ad
1023 3196 1304 3247 incendium
1334 3197 1502 3248 classis
1532 3198 1616 3247 lib.

497 3274 546 3317 Vn

561 3321 835 3369 441—443.
876 3322 950 3370 ef.
975 3322 1060 3371 inf.
1084 3324 1131 3372 vi
1189 3340 1228 3373 r.
1261 3330 1453 3376 Divinos
1475 3330 1616 3385 lacus,

498 3386 766 3441 Avernum,
791 3394 846 3433 ut
873 3385 1040 3435 statim
1183 3398 1218 3447 t,
1249 3394 1448 3439 Anemo.
1504 3393 1619 3440 Jam

496 3452 684 3498 Averso
715 3453 926 3498 mantia
963 3466 1172 3515 pronum
1195 3464 1270 3501 est
1303 3454 1356 3502 in
1378 3458 1506 3504 silvis
1538 3456 1615 3504 in-

497 3512 733 3576 telligere.
802 3512 902 3563 Sed
929 3514 992 3563 de
1021 3517 1146 3575 lacu,
1171 3532 1270 3566 non
1304 3518 1366 3569 de
1387 3518 1617 3578 flumine,

497 3576 670 3689 sqimr.
763 3576 936 3641 Itaque
989 3580 1090 3631 acci
1125 3580 1340 3642 iendum,
1397 3584 1621 3633 sonantis

496 3640 536 3690 si
561 3656 634 3689 vae
667 3641 890 3705 strepitu,
917 3658 1014 3705 qua
1052 3644 1062 3655 '
1104 3660 1132 3694 e
1166 3645 1300 3695 lacus
1326 3658 1431 3696 erat
1457 3647 1617 3697 inclu-

497 3719 608 3761 suu
649 3719 766 3753 nam
799 3704 885 3756 inf.
922 3706 986 3764 vi,
1019 3709 1128 3767 238,
1165 3712 1271 3758 lacu
1299 3715 1432 3773 nigro
1465 3728 1615 3759 nem-

495 3784 684 3831 nunqtoe
721 3772 949 3823 tenebo-1⁸,-
983 3778 1034 3819 et
1067 3772 1138 3820 sic
1171 3772 1236 3831 vi,
1271 3774 1382 3831 704,
1414 3778 1621 3838 virgulta

497 3834 890 3884 commatum
923 3832 1138 3895 adeoque
1161 3846 1236 3884 est
1267 3838 1396 3899 quod
1425 3838 1478 3886 in
1507 3838 1616 3887 vul-

496 3896 618 4007 εῐί,
643 3898 854 3943 Avernus
883 3899 1005 3945 inter
1023 3907 1233 3946 οοιιιικεσε
1252 3903 1392 3949 siloas
1405 3920 1423 3954 ,-
1457 3911 1617 3951 trans-

547 3968 598 4007 to
620 3957 828 4023 strepitu
849 3957 1080 4007 silvarum
1100 3960 1164 4009 ad
1187 3962 1348 4011 lacum
1377 3979 1522 4026 quem
1547 3982 1619 4015 eae

495 4022 812 4073 circumdant.
865 4025 1056 4071 Divinos
1076 4034 1241 4073 autem
1263 4029 1390 4075 laem
1411 4028 1488 4075 vel
1511 4045 1616 4078 om-

497 4085 618 4137 niuo
670 4102 847 4143 suctos,
899 4098 1219 4146 consecratos,
1263 4106 1378 4137 cum
1431 4091 1620 4149 Servio,

497 4164 721 4262 333·
737 4150 1622 4278 vltimp'ffti‘ssfffl'ffmwffss‘yu‘m

899 4248 912 4262 .
1457 4236 1607 4268 ουσαν

500 4273 672 4332 tuom,
711 4278 842 4338 quod
881 4292 1073 4343 semper
1116 4234 1524 4340 Quamnam,
1564 4254 1622 4332 u}

499 4338 650 4389 semel
669 4352 966 4399 moneamus,
990 4358 1100 4391 cum
1119 4344 1182 4392 de
1207 4344 1384 4403 furore,
1413 4345 1618 4406 insania,

1680 2502 1849 2543 vanum
1888 2494 2062 2559 agitur.
2128 2497 2262 2558 Rape
2300 2498 2386 2545 snb
2424 2498 2531 2553 ima,
2563 2493 2617 2543 in
2648 2503 2807 2553 antro,

1682 2574 1800 2607 mox
1820 2561 1931 2617 450,
1956 2576 2063 2607 cavo
2082 2576 2207 2609 saxo.

1748 2624 2023 2671 444-4-46.
2074 2624 2241 2682 Notas,
2285 2622 2469 2682 literas,
2515 2632 2566 2672 et
2608 2626 2807 2683 sarcina,

1685 2688 1847 2743 verbs,
1892 2690 2081 2735 mandat
2138 2690 2257 2745 otiis,
2300 2688 2481 2737 scribit.
2574 2690 2807 2747 Carmina,

1684 2766 1783 2799 non
1817 2766 2001 2809 versun,
2156 2751 2401 2801 vaticinia.

1684 2814 1895 2863 fabulam
1934 2815 2285 2878 antiquissimis
2329 2816 2631 2881 temporibus
2673 2826 2810 2880 pun,

1686 2880 1878 2941 quando
1894 2879 2139 2929 scribendi
2156 2879 2361 2929 materia
2382 2890 2524 2929 erant
2538 2880 2815 2944 palmatum

1684 2951 1769 2991 aut
1800 2943 2005 2993 aliarum
2040 2946 2266 2993 arborum
2299 2943 2430 2993 folia.
2499 2944 2627 2993 Tum
2660 2944 2813 2993 etiam

1684 3016 1825 3055 antra
1855 3017 1996 3056 erant
2024 3024 2115 3073 pro
2143 3008 2381 3057 domibus.
2436 3012 2628 3073 Digen‘t
2648 3013 2701 3057 in
2722 3026 2810 3058 ns-

1683 3088 1867 3129 merms,
1904 3072 2111 3133 ordinat,
2150 3072 2368 3137 disponit
2396 3072 2449 3121 in
2484 3072 2725 3133 ordinem,
2758 3083 2815 3123 ut

1682 3137 1807 3184 bene
1832 3136 2045 3195 Servius,
2069 3146 2215 3200 atque
2235 3146 2377 3185 antro
2395 3136 2617 3199 includit.

1750 3201 2022 3247 448—452.
2084 3204 2254 3250 Ventus
2292 3205 2441 3251 tensis
2454 3221 2474 3257 ,-
2522 3211 2665 3251 ornat
2702 3203 2809 3267 epi-

1683 3252 1866 3322 theton,
1906 3279 1937 3312 a
1975 3274 2161 3324 natura,
2206 3274 2340 3330 puto,
2384 3266 2521 3315 venti
2562 3276 2811 3326 sumtum3

1682 3328 1855 3377 saltem
1876 3328 1968 3377 hoc
1999 3328 2195 3393 dignius
2224 3340 2383 3395 poeta,
2412 3344 2559 3393 quam
2579 3340 2635 3380 ut
2664 3332 2745 3391 sit,
2770 3332 2813 3381 si

1682 3392 1761 3439 vel
1782 3408 1956 3457 parum
1978 3393 2113 3442 venti
2135 3394 2405 3443 immissum
2437 3394 2598 3444 fuerit.
2652 3398 2815 3445 Ima

1684 3467 1829 3515 mota,
1853 3466 2080 3533 motaque
2100 3474 2211 3507 cum
2239 3458 2347 3524 ipss
2368 3474 2499 3508 aurs.
2556 3462 2685 3508 Situs
2716 3476 2807 3525 po-

1684 3520 1807 3569 situs
1828 3530 1879 3569 et
1911 3522 2107 3571 ordines
2137 3522 2379 3583 foliorum,
2402 3538 2639 3601 reponere
2664 3538 2725 3572 es
2756 3524 2811 3573 in

1684 3600 1773 3633 sua
1804 3584 1922 3634 loca.
1990 3589 2243 3636 Inconsulta·
2272 3588 2320 3637 h.
2344 3589 2375 3636 l.
2401 3590 2577 3652 quibus
2608 3588 2805 3638 consul-

1686 3657 2266 3779 ‘uffisssfi‘ffiumommn
2259 3662 2527 3783 Z‘impfi.
2544 3727 2660 3766 ...nt
2682 3727 2805 3778 ιω,

1683 3776 1831 3839 poris.
1896 3780 2067 3828 Vocant
2078 3798 2205 3830 (ιω-ω
2218 3784 2330 3839 vela,
2348 3798 2497 3847 supra
2510 3798 2554 3831 v.
2574 3783 2811 3841 356,cum

1684 3849 1860 3889 ventus
1898 3843 2141 3893 secundus
2175 3845 2343 3920 spirat.
2412 3846 2661 3902 Quoniam
2700 3846 2809 3895 talis

1684 3912 1859 3952 ventus
1885 3920 2081 3955 cursum
2114 3908 2244 3967 facit,
2270 3920 2321 3958 et
2354 3910 2417 3959 sd
2446 3910 2807 3973 navigationem

1682 3967 2030 4017 instituendam
2052 3984 2206 4030 vocat,
2229 3974 2279 4021 h.
2314 3974 2347 4022 l.
2380 3975 2487 4039 ipse
2516 3991 2679 4023 careas
2700 3976 2807 4023 vels

1684 4042 1825 4081 vocat
1840 4036 1898 4091 vi,
1914 4048 1977 4081 ex
1995 4032 2093 4098 βίῃ,
2114 4034 2266 4099 βίῃφι,
2283 4038 2332 4086 h.
2358 4054 2399 4087 e.
2418 4038 2510 4087 σὺν
2524 4037 2625 4101 βίᾳ,
2646 4038 2807 4095 βιαίοι-

1684 4096 2011 4167 vehementer.
2047 4102 2184 4148 Sinus
2195 4106 2412 4151 secundos
2428 4102 2649 4153 velorum
2666 4104 2807 4152 docte

1684 4156 1812 4206 dixit
1832 4170 1978 4209 vento
1998 4165 2212 4213 secundo
2234 4165 2442 4215 inflatos.

1750 4222 1859 4272 457.
1896 4227 2005 4285 Ipsa
2044 4238 2193 4277 canae.
2252 4231 2367 4279 Non
2408 4230 2537 4279 foliis
2572 4228 2803 4279 vaticinia

1686 4286 1910 4335 mandet:
1944 4289 2041 4337 vid.
2068 4306 2111 4339 v.
2138 4295 2247 4341 445.

1750 4352 2023 4400 458-460.
2076 4354 2187 4402 Vid.
2220 4356 2303 4405 inf.
2334 4359 2399 4416 vi,
2432 4361 2495 4406 83
2526 4374 2630 4421 sqq.
2690 4359 2801 4407 Non

2470 2752 2810 2801 Natamhanc
2860 2780 2873 2793 .
