3050 4934
1096 271 1436 337 LIBER
1480 272 1613 338 VI.

2404 274 2525 337 391

461 421 805 500 Daedalus,
837 433 912 487 ut
942 423 1114 487 fama
1144 423 1269 499 est,
1301 424 1559 507 fugiens
1590 425 1841 488 Minoia
1870 447 2094 508 regna,
2130 431 2140 438 '

247 523 328 587 15
375 522 794 607 Praepetibus
825 524 1056 606 pennis
1087 547 1284 587 ausus
1318 546 1388 586 se
1419 525 1688 589 credere
1717 524 1909 602 caelu,

375 623 718 689 Insuetum
747 646 868 708 per
895 625 1020 688 iter
1050 623 1300 708 gelidas
1331 627 1549 688 enavit
1578 625 1663 688 ad
1694 622 1963 702 ArctoS‚

377 724 884 808 Chalcidicaque
913 723 1070 789 levis
1103 725 1365 789 tandem
1397 747 1596 809 super
1626 727 1877 789 adstitit
1906 747 2097 790 arce.·

383 824 718 890 Redditus
749 825 852 888 his
883 827 1160 909 primum
1188 827 1404 902 terriS‚
1436 827 1575 903 tibi,
1608 825 1885 902 Phoebe,
1921 828 2197 891 sacravit

383 925 762 1010 Remigium
790 925 1058 1002 alarum,
1090 928 1440 1011 posuitque
1471 928 1769 990 immania
1798 927 2057 1011 templa.

251 1025 344 1090 20
387 1024 466 1089 In
497 1027 746 1091 foribus
776 1025 1024 1091 lethum
1055 1025 1434 1110 Androgei:
1482 1039 1622 1091 tum
1648 1029 1937 1111 pendere
1969 1051 2198 1112 poenas

380 1126 766 1211 Cecropidae
787 1129 958 1211 jussi
987 1127 1314 1208 (miserum
1333 1128 1378 1210 Ξ)
1410 1139 1682 1212 septena
1706 1139 1865 1211 quot
1895 1131 2079 1193 annis

380 1227 680 1313 Corpora
708 1238 1044 1306 natorum3
1093 1238 1224 1292 stat
1253 1230 1466 1292 ductis
1499 1229 1785 1293 sortibus
1814 1251 2000 1294 urna.

379 1328 626 1393 Contra
656 1328 826 1393 elata
853 1330 1016 1393 mari
1043 1331 1400 1413 respondet
1431 1328 1687 1394 Gnosia
1716 1330 1945 1394 tellus:

385 1429 519 1494 Hic
551 1429 832 1494 crudelis
863 1451 1044 1493 amor
1073 1431 1266 1506 tauri,
1299 1429 1744 1514 suppostaque
1774 1430 1949 1495 furto

249 1530 340 1594 25
385 1529 736 1613 Pasiphae,
767 1530 1166 1613 mixtumque
1197 1551 1402 1613 genus
1431 1529 1780 1615 prolesque
1802 1530 2092 1596 biformis

385 1630 800 1695 Minotaurus
831 1631 1023 1706 inest,
1055 1630 1336 1695 Veneris
1366 1641 1781 1696 monumenta
1808 1630 2145 1711 nefandae3

201 1811 360 1874 tecta)
385 1818 491 1859 erat
513 1825 602 1874 per
623 1810 802 1870 lucum,
821 1826 916 1874 quo
938 1809 1060 1858 illud
1089 1810 1334 1859 ambieba-

207 1885 294 1924 tur
314 1892 342 1950 ς.
362 1890 428 1922 ex
449 1889 584 1922 more
605 1884 784 1949 vetere.
843 1875 986 1948 Ωιι-σᾶ
1008 1875 1070 1922 ad
1101 1873 1206 1937 agri
1235 1875 1333 1922 Cu-

203 1939 761 2078 ωοωηῗῗοῗτῖιξιιιιιέῗ
771 1939 1339 2077 ἰιιιὶιεεῗῐῖῗιῒιέοὶίἒζοοῐῗιῗξ

207 2081 323 2179 ἓὲἳ
341 2075 587 2179 tm:
602 2067 1338 2179 Qssssssssffizzti'aetzmss:

206 2195 300 2243 nui
313 2193 541 2242 imminet
555 2194 686 2243 lacus
695 2195 937 2251 Avernus,
949 2194 1163 2256 adeoque
1173 2195 1342 2243 Cumis

207 2258 300 2306 ille
319 2273 350 2305 a
366 2265 504 2320 tergo
519 2258 657 2306 situs.
715 2257 877 2306 Colles
900 2257 980 2320 qui
1004 2258 1161 2305 lacum
1185 2259 1337 2306 ambi-

207 2331 308 2370 unt
335 2320 459 2369 silva
485 2321 600 2369 olim
631 2321 877 2370 inaccessa
908 2320 1086 2370 consiti
1113 2332 1253 2370 erant
1278 2323 1339 2369 ad

209 2385 464 2434 convalles
491 2385 807 2440 decurrente3
853 2395 904 2434 et
931 2385 984 2433 hi
1016 2397 1132 2434 sunt
1153 2389 1246 2433 luci
1267 2390 1336 2433 A-

209 2465 292 2562 &⁰⁸¹
293 2449 868 2576 „¹”21122133323³1⁵'5⁸²⁰¹’
897 2449 1341 2574 {zaffibgzczsszzae

213 2587 320 2652 tem
337 2577 478 2625 lucus
493 2577 576 2625 ille
598 2530 886 2652 flemma-qq.
911 2577 1010 2638 13),
1031 2593 1117 2652 seu
1139 2577 1338 2652 Proser-

211 2641 858 2763 &5233‘132223202323
927 2656 1190 2768 &aasz
1209 2657 1341 2753 ⁶5¹3?

213 2783 298 2825 na,
326 2768 470 2816 Luna
491 2769 730 2817 nominari
750 2769 885 2817 solet.
943 2769 1233 2831 Contagium
1265 2779 1336 2816 te-

211 2832 280 2881 tri
305 2833 434 2880 aeris
455 2833 584 2880 fama
605 2833 721 2881 olim
744 2833 794 2881 in
819 2833 1104 2881 miraculum
1128 2842 1342 2890 auxerat,

213 2905 276 2944 ut
296 2911 412 2944 aves
435 2895 556 2944 adeo
583 2914 606 2946 s
675 2897 966 2945 ervoliantes
997 2895 1168 2943 foetore
1190 2895 1340 2944 'enec-

213 2969 296 3008 tas
339 2959 566 3009 decidere
765 2970 917 3009 arent.
991 2959 1154 3008 Colles
1195 2959 1342 3008 variis

213 3023 426 3090 perfossi
449 3027 688 3136 ffeeubus
711 3024 814 3073 vias
843 3025 1120 3072 habuerunt
1149 3026 1339 3072 subter-

213 3103 410 3146 raneas,
427 3105 454 3136 c
501 3088 714 3152 iginosas
731 3097 783 3136 et
799 3097 959 3136 tetras.
1009 3089 1168 3136 Locus
1190 3088 1342 3151 igitur

213 3151 442 3280 :ign-ime
463 3153 750 3265 idgneusgb
770 3152 1338 3270 hosslpqffinllnimoedne-

307 3231 458 3264 onum
551 3231 674 3265 rron
707 3231 767 3264 us
811 3231 866 3264 so
901 3231 967 3264 ici
1085 3231 1152 3264 os.
1277 3232 1342 3264 uo

215 3280 404 3328 factunm
423 3291 500 3330 est
515 3289 570 3329 ut
587 3280 810 3328 Manium
829 3281 970 3328 sedes
993 3289 1044 3328 et
1063 3279 1157 3354 ipsi
1179 3279 1338 3338 inferi,

214 3345 398 3408 quibus
412 3343 670 3392 evocandis
687 3360 824 3394 sacra
841 3345 893 3392 in
913 3344 990 3392 his
1005 3344 1126 3392 locis
1143 3344 1339 3401 fiebant,

215 3409 302 3457 hic
321 3423 430 3457 esse
451 3409 530 3456 vel
548 3409 720 3458 crediti
740 3417 857 3457 sunt
876 3409 954 3457 vel
980 3423 1009 3454 a
1037 3408 1197 3484 poetis
1227 3423 1338 3456 nar-

215 3471 330 3522 rati.
379 3473 506 3520 Tota
525 3473 619 3521 loci
641 3473 788 3520 facies
816 3487 946 3521 nunc
972 3472 1168 3535 qmdem
1197 3487 1342 3534 quam

215 3535 436 3650 mange
452 3545 526 3585 est
547 3545 758 3585 mutata:
783 3537 1096 3585 cflAddc'sou's
1103 3539 1341 3594 Rcmarks,

217 3617 270 3664 P·
289 3667 366 3722 14,
395 3666 470 3712 15.
507 3665 678 3714 Fuisse
713 3665 890 3712 famam
913 3664 1162 3728 antiquam
1191 3680 1220 3714 a
1255 3681 1340 3730 pa-

217 3739 314 3786 ret,
337 3729 571 3792 templum
596 3729 840 3794 Apollinis
867 3730 1144 3778 Cumanum
1174 3745 1204 3777 a
1275 3745 1341 3777 ae-

217 3792 336 3841 dalo
357 3807 464 3841 esse
485 3803 801 3842 exstructum.
854 3793 1099 3841 Videntur
1122 3792 1274 3840 Siculi
1295 3802 1346 3842 et

225 3855 358 3914 Itali.
379 3857 606 3920 quicquid
629 3857 760 3922 apud
781 3873 834 3906 se
859 3856 996 3905 mirae
1015 3857 1094 3904 vel
1113 3857 1344 3920 praeclare

219 3920 346 3969 artis
391 3921 642 3978 haberent,
677 3921 738 3970 ad
789 3920 1042 3970 Daedalum
1087 3920 1342 3977 retulisse3

219 3985 489 4047 habuitque
522 3985 644 4035 adeo
675 3985 802 4034 forte
839 3985 1014 4033 horum
1053 3984 1346 4060 populorum

220 4065 304 4098 ars
320 4049 594 4098 aedificandi
608 4058 658 4098 et
671 4049 924 4114 sctxlpendi
947 4049 1184 4112 originem
1207 4065 1346 4098 suam

220 4129 252 4162 e
271 4115 436 4162 Creta.
495 4113 782 4162 Communis
811 4114 1026 4162 narratio
1055 4123 1142 4170 est,
1170 4113 1345 4162 Daeda-

221 4177 326 4227 lum
345 4193 408 4226 ex
427 4179 574 4227 Creta
591 4178 850 4241 profugum
869 4177 920 4225 in
940 4177 1108 4225 Sicilia
1124 4194 1154 4226 a
1177 4178 1348 4226 Minoe

219 4241 372 4291 filine
391 4257 694 4307 oppressum.
754 4243 824 4290 At
840 4251 983 4306 poeta
1009 4241 1262 4291 Daedalum
1286 4257 1348 4290 ex

221 4306 392 4355 Sicilia
407 4321 602 4370 quoque
617 4306 732 4369 fuga
749 4307 962 4355 evasisse
977 4307 1160 4354 statuit.
1214 4307 1345 4354 Prae-

219 4371 351 4420 clare
365 4371 604 4428 ,Seu-vim:
641 4373 864 4420 Daedolus
885 4387 988 4419 vero
1005 4373 1202 4432 primum
1230 4374 1342 4418 Sar-

219 4437 411 4494 ὢίαι,
434 4444 490 4485 at
512 4437 628 4483 dicu
652 4436 900 4484 Sallustius
921 4437 1000 4483 lib.
1037 4438 1076 4482 in·
1105 4437 1342 4484 Historia-

1402 1828 1518 1869 rum,
1539 1820 1644 1873 post
1684 1815 1865 1860 delatus
1907 1822 1978 1862 est
2020 1817 2185 1863 Cumas
2200 1835 2216 1862 :
2269 1824 2317 1863 et
2361 1821 2525 1878 templo

1403 1879 1611 1938 Apollini
1625 1879 1815 1934 condito,
1827 1881 2109 1940 sacratisque
2118 1882 2161 1926 ei
2174 1881 2276 1935 alis,
2288 1879 2525 1942 inferibus

1401 1943 1498 1988 hoec
1525 1943 1738 1988 universa
1755 1945 1924 2002 pina-it.
1971 1945 2172 2004 Preme,
2198 1942 2341 2000 celer,
2365 1945 2523 1993 velox.

1470 2005 1673 2052 16—19.
1710 2007 1790 2052 Ad
1800 2009 1994 2053 Arctos:
2018 2005 2077 2054 cf.
2096 2008 2217 2054 Geo.
2233 2007 2265 2064 i,
2283 2009 2391 2065 245,
2415 2009 2523 2058 246.

1407 2067 1535 2114 Sane
1568 2068 1799 2117 Daedalus
1828 2069 1988 2118 volatu
2015 2086 2185 2119 versus
2215 2072 2523 2135 septemtrio-

1404 2131 1567 2180 nalem
1580 2132 1771 2196 plagam
1786 2134 2039 2182 contendit
2053 2134 2169 2182 dum
2181 2136 2361 2184 Cumas
2378 2137 2526 2185 advo-

1405 2194 1537 2243 lavit.
1596 2195 1793 2244 Scilicet
1812 2196 1948 2246 fuere
1978 2198 2144 2262 plures
2171 2198 2286 2247 olim
2317 2200 2377 2248 de
2409 2201 2524 2249 Dae-

1406 2259 1502 2306 (lali
1524 2260 1768 2308 erroribus
1789 2276 1879 2325 per
1896 2277 2059 2310 aerem
2080 2262 2396 2322 narrationes,
2418 2265 2525 2328 qui-

1404 2324 1494 2371 bus
1511 2323 1594 2371 ille
1612 2323 1759 2372 etiam
1772 2325 2083 2374 remotiorem
2096 2327 2529 2392 septentrionalem

1403 2387 1597 2450 plagam
1638 2388 1815 2436 adiisse
1860 2389 2131 2446 ferebatur-3
2188 2391 2319 2439 unde
2371 2393 2528 2442 redux

1406 2452 1602 2499 tandem
1625 2452 1793 2499 Cumis
1820 2453 2035 2515 Apollini
2064 2455 2298 2517 templum
2329 2471 2392 2503 ex
2414 2467 2527 2504 voto

1404 2515 1581 2578 posuit.
1640 2519 1810 2563 Emit
1832 2515 2011 2564 usitata
2030 2517 2115 2564 illa
2136 2529 2266 2565 meta
2301 2520 2419 2566 hora
2447 2519 2525 2568 in-

1405 2589 1481 2626 ter
1504 2578 1716 2626 volatum
1737 2589 1786 2626 et
1808 2578 2193 2642 navigationem:
2230 2598 2257 2628 c
2315 2584 2435 2630 Geo.
2460 2584 2523 2642 iv,

1407 2643 1481 2690 59.
1543 2642 1624 2690 Sic
1654 2658 1771 2690 mox
1798 2647 2035 2706 remigium
2063 2647 2255 2702 alarum,
2280 2654 2337 2693 ut
2358 2661 2462 2710 sup.
2492 2648 2525 2706 i,

1405 2708 1514 2754 301.
1554 2709 1821 2755 Chalcidica
1837 2724 1957 2766 arce,
1974 2707 2159 2756 Cumis.
2212 2711 2362 2768 Levis,
2382 2721 2525 2760 ornat

1405 2785 1432 2816 e
1469 2771 1657 2819 itheton
1698 2771 1956 2819 volantem.
2038 2775 2247 2820 Sat-ravit
2300 2782 2527 2837 tanquam

1441 2835 1663 2883 onarium
1688 2850 1749 2882 ex
1774 2843 1897 2882 voto.
1956 2835 2129 2898 Cogita
2152 2849 2320 2886 notum
2341 2853 2528 2888 morem

1409 2913 1576 2946 eorum
1614 2898 1697 2960 qui
1718 2915 1779 2946 ex
1797 2898 1920 2947 mari
1944 2909 2085 2948 erant
2115 2901 2307 2949 servati.
2364 2903 2527 2952 Etiam

1408 2965 1620 3023 templum
1644 2979 1707 3010 ex
1728 2973 1843 3011 voto
1863 2963 2043 3012 factum
2066 2963 2221 3012 videri
2274 2974 2413 3014 otest.

1473 3029 1536 3073 20
1558 3042 1658 3089 sqq.
1696 3027 1909 3076 Possunt
1926 3029 2042 3085 haec,
2066 3027 2107 3076 si
2125 3028 2239 3092 paul
2260 3045 2291 3077 o
2311 3031 2529 3080 severius

1404 3105 1534 3153 agas,
1560 3107 1589 3138 a
1608 3105 1663 3138 re
1686 3091 1845 3139 aliena
1866 3091 2049 3147 videri:
2086 3101 2137 3140 et
2168 3093 2361 3143 videtur
2381 3106 2527 3159 poeta

1403 3155 1693 3217 argumenti,
1727 3155 1855 3218 quod
1890 3172 1919 3204 a
1954 3156 2120 3205 multis
2152 3158 2338 3207 Graecis
2369 3159 2529 3224 poetis

1404 3227 1664 3266 tractatum
1682 3219 1788 3277 fuit,
1812 3219 2069 3268 dulcedine
2103 3230 2154 3269 et
2181 3223 2325 3286 copia
2352 3227 2523 3289 abrep-

1404 3290 1484 3330 tus
1507 3297 1627 3330 esse.
1686 3283 1783 3330 Sed
1804 3285 2009 3332 observa
2040 3301 2185 3347 quam
2216 3287 2389 3335 callide
2412 3303 2525 3336 nar-

1405 3345 1644 3394 rationem
1666 3346 1720 3394 in
1754 3348 2015 3411 sculpturae
2049 3359 2387 3412 argumentum
2418 3368 2525 3400 mu-

1406 3409 1555 3464 tavit;
1582 3419 1631 3458 et
1644 3411 1705 3458 ad
1727 3412 1819 3459 hoc
1833 3413 2223 3474 cognoscendum
2241 3415 2392 3462 otium
2413 3415 2529 3463 fecit

1407 3474 1595 3532 AEneae,
1618 3474 1870 3539 praemisso
1894 3477 2082 3525 Achate
2112 3477 2171 3525 ad
2191 3479 2529 3526 arcessendam

1409 3538 1655 3601 Sibyllam.
1712 3539 1851 3586 Talia
1873 3549 2035 3587 autem
2052 3540 2322 3614 anaglypha
2338 3540 2389 3587 in
2405 3549 2526 3589 tem-

1407 3602 1601 3666 plorum
1624 3602 1805 3662 foribus
1824 3617 1886 3649 ex
1904 3602 2099 3650 metallo
2114 3602 2416 3665 pretiosiore,
2442 3621 2527 3653 an-

1409 3665 1609 3728 tiquitas
1640 3667 1845 3730 probare
1889 3665 2086 3713 solebat.
2146 3665 2378 3714 Fabulam
2410 3685 2529 3733 cog-

1409 3740 1625 3787 noscant,
1662 3729 1837 3792 quibus
1872 3745 1995 3804 opus
2029 3737 2117 3788 est,
2154 3745 2216 3778 ex
2240 3731 2381 3779 ovid.
2406 3733 2529 3782 Met.

1408 3794 1492 3852 vii,
1515 3793 1611 3842 456
1632 3809 1733 3856 sqq.
1758 3803 1809 3842 et
1826 3793 1926 3853 viii,
1955 3796 2045 3841 133
2062 3810 2163 3857 sqq.
2212 3798 2407 3857 Septem
2428 3815 2527 3846 eor-

1401 3875 1519 3920 poro
1562 3866 1784 3916 natorum,
1828 3874 1932 3923 pro,
1987 3858 2104 3916 nati,
2147 3859 2429 3922 elegantius,
2476 3871 2533 3910 ut

1407 3938 1551 3986 saepe.
1612 3925 1730 3980 Stat,
1746 3923 1917 3981 adstat,
1934 3941 2079 3971 urna.-
2098 3923 2329 3988 graphice
2350 3925 2441 3973 hoc
2468 3927 2530 3974 ad

1407 3987 1712 4036 sortitionem
1758 4003 1939 4044 eorum,
1986 3987 2067 4049 qui
2108 3987 2333 4036 mittendi
2375 3999 2527 4048 erant,

1408 4051 1761 4100 declarandam.
1818 4053 1946 4110 Jam,
1982 4067 2027 4100 v.
2076 4052 2281 4109 20—22‚
2328 4052 2379 4099 in
2419 4054 2531 4103 unis

1411 4115 1589 4164 forium
1630 4115 1783 4164 valvis
1826 4131 2081 4180 expressas
2124 4125 2243 4180 puta
2292 4117 2528 4178 Athenas,

1413 4180 1663 4242 Androgei
1703 4195 1873 4228 necem
1913 4189 1963 4228 et
2004 4179 2305 4228 sortitionem
2351 4197 2528 4245 puero-

1412 4259 1549 4300 rum3
1586 4259 1615 4292 a
1632 4261 1675 4292 v.
1707 4246 1767 4290 23
1802 4259 1901 4306 sqq.
1928 4253 2091 4292 autem
2113 4243 2165 4291 in
2189 4244 2354 4292 alteris
2377 4248 2530 4298 valvis

1413 4309 1626 4365 Cretam,
1642 4317 1849 4365 taurum,
1870 4307 2158 4372 Pasiphaen,
2180 4309 2529 4371 Minotaurum,

1411 4372 1779 4434 Labyrinthum,
1806 4372 2071 4431 Ariadnen,
2100 4373 2366 4424 Daedalum.

1476 4437 1682 4484 23—26.
1731 4439 1901 4486 Gnosia
1928 4441 2075 4495 tellus,
2100 4447 2155 4486 ut
2188 4441 2359 4488 Gnosia
2389 4457 2533 4504 regna
