3050 4934
1192 269 1536 335 LIBER
1581 271 1728 336 111.

2493 272 2624 355 303.

484 418 717 503 Epiro,
750 419 1103 503 Hesperia,
1136 420 1399 503 (quibus
1428 420 1602 485 idem
1633 420 1990 485 Dardanus
2021 432 2270 499 auctor,

480 518 706 605 Atque
736 522 911 586 idem
938 521 1183 603 casus)
1210 542 1407 585 unam
1430 520 1740 586 faciemus
1769 532 2114 606 utramque

300 618 441 683 505
482 619 753 706 Trojam
782 622 1029 687 animis.
1108 621 1383 687 Maneat
1410 636 1670 686 nostros
1701 644 1782 687 ea
1809 646 1966 688 cura
1997 634 2293 708 nepotes.

568 722 1001 788 Provehimur
1030 721 1265 807 pelago
1296 724 1503 787 vicina
1533 724 1857 788 Ceraunia
1878 726 2095 809 juxta,

487 822 682 887 Unde
713 825 837 887 iter
866 821 1141 901 Italiam,
1172 846 1534 908 cursusque
1564 826 1982 890 brevissimus
2012 827 2228 891 undis-

496 922 609 987 Sol
638 926 772 989 ruit
798 925 1070 1001 interea,
1101 936 1171 990 et
1200 935 1452 989 montes
1482 928 1869 991 umbrantur
1899 928 2106 1011 opaci.

487 1024 850 1090 Sternimur
881 1036 1125 1111 optatae
1153 1028 1400 1110 gremio
1429 1026 1680 1091 telluris
1711 1029 1796 1092 ad
1827 1029 2092 1105 undam,

310 1125 444 1188 510
487 1126 715 1190 Sortiti
745 1148 981 1203 remos,
1014 1128 1385 1211 passimque
1416 1129 1481 1193 in
1511 1126 1731 1193 littore
1765 1130 1936 1194 sicco

222 1255 249 1300 ,ι
286 1245 309 1284 s
488 1226 785 1312 Corpora
810 1249 1143 1295 curamus:
1190 1226 1401 1295 fessos
1432 1250 1632 1313 sopor
1660 1230 1889 1314 irrigat
1917 1241 2123 1294 artus.

484 1326 793 1394 Necdum
822 1330 1049 1393 orbem
1075 1329 1359 1393 medium
1387 1352 1520 1394 nox
1547 1329 1730 1394 horis
1760 1342 1908 1395 acta
1939 1332 2235 1395 subibat:

487 1428 693 1493 Haud
722 1431 938 1514 segnis
970 1440 1177 1493 strato
1208 1431 1417 1513 surgit
1446 1429 1819 1509 Palinurus,
1849 1442 1918 1497 et
1947 1454 2168 1497 omnes

487 1528 815 1614 Explorat
840 1541 1094 1607 ventos,
1128 1540 1325 1615 atque
1356 1532 1626 1597 auribus
1657 1554 1810 1597 aera
1840 1544 2092 1617 captat3

306 1630 439 1693 515
482 1630 717 1695 Sidera
746 1643 981 1697 cuncta
1010 1642 1194 1696 notat
1222 1633 1421 1695 tacito
1448 1632 1736 1698 labentia
1765 1632 1955 1709 coe10,

482 1729 862 1809 Arcturum,
895 1732 1277 1817 pluviasque
1308 1731 1610 1817 HyadaS,
1641 1736 2062 1819 geminosque
2093 1734 2398 1811 TrioneS,

484 1830 957 1917 Armatumque
988 1855 1149 1897 auro
1179 1834 1614 1919 circumspicit
1645 1835 1915 1901 Oriona.

485 1932 843 2018 Postquam
872 1944 1107 1999 cuncta
1134 1935 1313 2000 videt
1341 1933 1511 2000 coelo
1541 1947 1842 2003 constare
1873 1958 2127 2013 sereno,

483 2033 622 2097 Dat
651 2034 895 2101 clarum
922 2056 961 2099 e
990 2036 1201 2118 puppi
1230 2036 1519 2119 signum3
1567 2058 1687 2101 nos
1719 2048 1934 2102 castra
1962 2059 2314 2113 movemus,

310 2197 426 2230 nam
451 2182 701 2230 Actiacam
716 2182 1013 2231 Octavianus
1037 2182 1300 2257 Nicopolin
1314 2198 1431 2231 con-

304 2246 449 2302 didit,
464 2246 725 2295 contractis
738 2247 791 2294 in
809 2262 916 2295 eam
932 2247 1283 2303 Acar-nauibus,
1300 2263 1430 2295 eam-

307 2326 406 2373 que
438 2310 641 2359 liberam
674 2320 725 2359 et
756 2321 1011 2374 cognatam
1044 2310 1293 2359 civitatem
1326 2326 1433 2361 esse

301 2374 467 2437 jussit.
526 2374 649 2423 Haec
682 2384 911 2439 tanquam
942 2377 1003 2425 ab
1027 2375 1187 2423 AEnea
1217 2375 1269 2423 in
1292 2385 1430 2424 ante-

308 2454 503 2487 cessum
534 2438 797 2489 coustituta
828 2449 1157 2503 exponuntur.
1214 2442 1345 2487 Data
1366 2456 1433 2489 sc.

308 2503 413 2553 fato
433 2507 613 2562 Μία,
638 2513 695 2553 ut
723 2520 831 2569 sup.
872 2506 980 2551 255.
1042 2506 1271 2566 Cognatas
1302 2507 1436 2551 urbes

302 2572 579 2631 populosque
604 2572 895 2631 propinquos,
930 2571 1089 2629 Epiro,
1124 2566 1437 2630 Hesperia,—

310 2640 551 2695 πεποίηκε
582 2631 775 2693 (retulit
805 2633 868 2681 ad
901 2648 1125 2695 sequens,
1159 2648 1249 2696 pro
1282 2642 1431 2681 utros-

307 2714 410 2759 que,
432 2712 495 2746 ex
524 2706 728 2759 utraque
756 2696 967 2753 civitate,
992 2698 1231 2745 Buthroto
1254 2706 1303 2745 et
1328 2697 1428 2745 Ro-

309 2777 407 2819 ma,
448 2776 477 2809 a
516 2760 725 2809 Lavinio
768 2760 999 2821 oriunda)
1026 2759 1258 2822 faciemus
1296 2778 1433 2809 unam

306 2829 479 2873 caini·
516 2826 715 2888 Troiam.
762 2828 959 2887 Populos
992 2828 1151 2887 Epiro,
1186 2828 1431 2887 Hesperia,

307 2889 511 2954 accipio,
545 2890 751 2953 populos
783 2890 837 2939 in
874 2890 1029 2954 Epiro
1058 2890 1105 2937 h.
1132 2906 1173 2939 e.
1209 2889 1350 2953 Epiri
1384 2900 1432 2939 et

312 2953 585 3018 Hesperiae.
644 2954 798 3003 vides
830 2970 911 3002 me
942 2970 973 3002 a
1071 2954 1177 3002 osin
1200 2964 1312 3017 post
1332 2971 1430 3003 cer·

308 3035 417 3065 naun
448 3018 615 3067 statim
646 3018 901 3083 auspicari.
1022 3021 1245 3067 Dardano
1270 3028 1433 3067 autem

309 3082 515 3145 Trojani
552 3098 722 3131 omnes
756 3082 997 3145 originem
1031 3084 1275 3131 habebant
1312 3082 1432 3145 (vid.

310 3158 411 3195 not.
428 3147 491 3195 ad
502 3163 549 3195 v.
574 3146 689 3207 167)
708 3147 925 3210 adeoque
944 3157 993 3195 et
1014 3146 1087 3196 illi
1104 3147 1189 3210 qui
1210 3146 1449 3210 Epirum,'

308 3210 343 3259 i.
362 3227 403 3259 e.
429 3210 739 3268 Buthrotum,
758 3228 873 3261 cum
896 3212 1093 3261 Heleno
1115 3212 1361 3270 tenebant,
1384 3222 1436 3260 et

308 3276 361 3323 1ιί
386 3276 469 3339 qui
489 3292 600 3324 cum
620 3276 781 3325 AEnea
806 3276 999 3325 ltaliam
1022 3278 1265 3341 petebant.

377 3340 649 3389 606—509.
697 3341 959 3403 Postquam
995 3340 1237 3389 Buthroto
1274 3340 1431 3389 solve-

310 3416 438 3461 rant,
462 3404 667 3469 legendo
700 3404 837 3455 littus
866 3406 929 3454 ad
952 3414 1141 3453 montes
1164 3404 1434 3453 Ceraunios

311 3469 597 3592 prop-iffi&
626 3469 752 3583 iliilic
784 3472 875 3591 sutl‘)
908 3480 1101 3519 noctem
1124 3468 1437 3581 ἓὶοὲοηά-υηι

310 3550 367 3583 m
574 3550 625 3583 sc
680 3546 773 3592 cet,
798 3550 832 3584 ιι
891 3549 1005 3583 cum
1040 3548 1124 3581 mu
1242 3549 1302 3581 us
1356 3548 1434 3581 am

312 3608 445 3647 esset
462 3614 646 3657 cursus,
662 3610 865 3647 ventum
881 3597 1151 3647 secundum
1170 3596 1277 3645 cxci
1314 3550 1433 3645 iim.

322 3664 606 3712 Umbra-tar
649 3678 712 3712 ex
766 3664 987 3713 σκιὸσθαι
1033 3661 1109 3711 vel
1161 3659 1273 3710 σκιά
1303 3665 1437 3710 εσθαι

314 3727 611 3777 Homerico:
646 3726 707 3775 cf.
732 3726 903 3791 Odyss.
924 3744 974 3787 γ,
998 3725 1093 3776 487
1125 3735 1177 3775 et
1197 3726 1257 3775 al.
1315 3726 1438 3781 Quae

310 3802 596 3855 sequuntur,
608 3808 673 3841 ex
689 3792 864 3855 Odyss.
880 3810 909 3848 ι,
928 3792 1017 3839 168
1032 3806 1101 3853 sq.
1116 3790 1435 3839 illustrantur.

347 3920 359 3930 ·
378 3858 489 3931 610,
514 3858 625 3905 511.
660 3860 1011 3931 Sortitn‘semof,
1035 3870 1125 3919 per
1157 3863 1338 3903 sortem
1360 3853 1435 3928 di-

310 3921 503 4033 332⁶
510 3920 695 4035 ‚3332
716 3920 1093 4042 ἔέῗὲξὲἒίὲέἐ
1110 3919 1232 4049 2⁶2⁹ss
1252 3934 1439 4057 {³32¹}

308 4049 377 4099 ad
416 4064 579 4099 remos
610 4057 943 4114 pernoctarem
987 4060 1086 4105 aut,
1110 4047 1239 4110 quod
1277 4062 1441 4095 verius

310 4130 423 4163 esse
446 4114 669 4172 arbitror,
688 4128 779 4163 nos
794 4113 879 4176 qui
901 4128 1094 4163 eramus
1106 4115 1261 4161 sortite·
1282 4128 1439 4169 rem,

312 4178 397 4241 qui
444 4178 576 4227 diem
616 4194 777 4227 remos
830 4176 1061 4242 agitando
1105 4190 1439 4239 exegeramus,

308 4246 563 4291 sternimur
584 4253 676 4293 etc.
730 4245 913 4307 Irrigat
941 4258 1049 4307 sup.
1075 4241 1106 4299 i,
1131 4242 1243 4299 691,
1269 4241 1441 4290 Venus

310 4310 517 4357 Ascanio
531 4310 765 4369 placidam
784 4325 871 4371 per
886 4310 1085 4356 membra
1107 4309 1302 4368 quietem
1324 4306 1437 4353 ἰπὶ-

306 4380 415 4435 gae,
461 4370 690 4421 infundit.
760 4372 831 4423 At
881 4386 1011 4421 nunc
1056 4380 1153 4429 eso
1192 4368 1443 4433 perfundit

314 4436 537 4485 membra
556 4452 741 4488 aomo.

1566 2186 1836 2233 512—514.
1874 2184 2152 2246 Trajectum
2173 2200 2237 2232 ex
2259 2184 2302 2231 E
2339 2183 2414 2233 iro
2433 2186 2494 2233 ad
2520 2188 2622 2236 Ita-

1497 2247 1579 2295 liae
1597 2248 1734 2297 littus
1759 2252 1896 2311 Justa
1929 2248 2161 2313 temporis
2194 2201 2340 2311 quod,
2345 2249 2428 2297 ille
2449 2266 2620 2315 posce-

1498 2312 1586 2360 bat
1616 2328 1846 2361 mensura
1877 2324 1934 2361 ut
1961 2312 2230 2361 declararet
2255 2322 2428 2376 poeta;
2463 2314 2624 2363 media

1498 2376 1562 2424 de
1607 2387 1748 2425 nocte
1792 2376 1960 2425 classis
2006 2376 2222 2425 solvitur.
2285 2380 2492 2425 Necdum
2536 2397 2624 2427 nor

1498 2444 1685 2489 subibat
1707 2444 1858 2489 orbem
1879 2444 2087 2498 medium,
2112 2450 2280 2489 evecta
2303 2451 2409 2489 erat
2429 2442 2620 2501 coelum,

1498 2512 1608 2553 aeta
1649 2508 1787 2563 horis,
1830 2504 2070 2567 exquisite
2113 2521 2204 2568 pro
2241 2504 2376 2553 horis
2421 2506 2620 2555 exactis.

1498 2570 1660 2623 Quem
1683 2568 1863 2633 poetici
1895 2568 2134 2617 sermonis
2155 2584 2298 2617 usum
2321 2568 2416 2617 nisi
2437 2580 2618 2629 teneas,

1498 2633 1658 2697 possis
1673 2642 1858 2691 noctem,
1882 2632 1986 2681 sive
2018 2634 2124 2694 ejus
2156 2636 2290 2695 bigas
2317 2636 2376 2681 ab
2398 2636 2521 2681 horis
2542 2652 2621 2681 ac-

1498 2706 1584 2754 tas,
1641 2698 1780 2747 suavi
1833 2712 1998 2746 rerum
2049 2696 2276 2759 imag-ine,
2333 2695 2620 2760 intelligere.

1499 2761 1668 2811 Media
1689 2774 1852 2810 autem
1884 2772 2040 2819 nocte,
2065 2761 2257 2823 quando
2280 2760 2466 2810 scilicet
2487 2777 2620 2820 aura,

1496 2826 1722 2890 inprimis
1765 2826 1818 2875 in
1868 2826 2028 2890 plagis
2067 2825 2338 2883 maritimis,
2381 2825 2499 2873 oriri
2543 2827 2622 2875 vel

1498 2890 1676 2939 mutari
1711 2891 1849 2950 solet,
1887 2902 2064 2939 ventus
2097 2900 2230 2938 recte
2275 2890 2556 2953 exploratur
2591 2906 2620 2939 a

1567 2956 1848 3011 bernatore;
1885 2964 1936 3002 et
1953 2958 2144 3003 auribus
2174 2970 2342 3003 auram
2362 2963 2534 3015 captat,
2559 2970 2624 3003 ex

1516 3019 1597 3067 eni
1631 3020 1758 3096 aeris
1794 3030 1930 3069 motu
1965 3019 2018 3067 in
2054 3018 2290 3069 fluctuum
2323 3034 2378 3067 ac
2402 3018 2621 3067 velomm

1500 3093 1840 3199 ΒαὲῗὲῗόΠ.
1881 3151 2040 3197 Tacito
2068 3150 2193 3206 coelo,
2217 3146 2330 3210 quia
2361 3156 2537 3203 noctu3
2572 3157 2624 3197 et

1498 3219 1644 3270 notae,
1669 3214 1824 3275 ἐσορᾷ.
1867 3216 2047 3261 Gemitu·
2069 3217 2252 3269 triones,
2269 3222 2472 3275 utraque
2491 3228 2618 3261 ursa.

1500 3277 1600 3325 Sed
1623 3276 1684 3325 de
1701 3277 1793 3325 hoc
1814 3286 1865 3325 et
1881 3278 1944 3326 de
1968 3288 2068 3326 toto
2090 3292 2236 3326 versu
2259 3278 2369 3335 516,
2395 3276 2491 3325 vid.
2512 3293 2620 3341 sup.

1498 3340 1561 3389 ad
1597 3340 1612 3387 i
1651 3341 1766 3389 AEn.
1808 3341 1917 3392 744.
1979 3346 2220 3390 Armatam
2272 3358 2386 3389 auro
2433 3345 2618 3399 Oriona,

1498 3401 1758 3469 χρυσάορα,
1782 3406 1908 3468 quia,
1945 3416 1998 3454 ut
2030 3407 2154 3455 bene
2187 3404 2400 3462 Servius,
2436 3416 2487 3454 et
2521 3409 2620 3453 bal-

1501 3477 1602 3517 teus
1645 3470 1745 3531 ejus
1785 3478 1832 3517 et
1875 3473 2064 3532 gladius
2115 3472 2383 3518 clarissimis
2422 3472 2624 3531 fingitur

1498 3535 1660 3581 stellis.
1731 3533 2080 3581 Commentarii
2123 3532 2232 3581 loco
2275 3532 2341 3579 sit
2373 3532 2556 3579 Aratus
2593 3548 2624 3579 a

1500 3596 1794 3646 Germanico
1841 3612 2024 3653 versus,
2084 3596 2330 3643 Phaenom.
2379 3596 2472 3641 586
2517 3612 2620 3658 sqq.

1503 3662 1687 3709 Lucan.
1715 3660 1745 3718 i,
1771 3662 1880 3718 675,
1905 3658 2113 3721 Ensiferi
2129 3662 2316 3706 nimium
2325 3655 2484 3721 fulget
2502 3662 2626 3707 latus

1508 3728 1704 3774 Orimu's.
1762 3722 1932 3773 Posuit
1953 3734 2117 3773 autem
2138 3732 2284 3787 poeta
2306 3738 2404 3769 uno
2425 3722 2533 3771 loco
2555 3724 2622 3771 si·

1503 3789 1636 3847 dera,
1673 3805 1772 3837 non
1812 3804 1920 3852 quae
1961 3804 2062 3837 uno
2106 3798 2324 3851 tempore
2362 3787 2626 3850 conspicua

1503 3853 1619 3912 sint,
1658 3854 1878 3902 oriantur
1909 3863 1958 3901 et
1987 3851 2223 3909 occidant,
2264 3850 2352 3899 sed
2387 3866 2414 3897 e
2449 3850 2626 3913 quibua

1503 3918 1686 3982 partim
1707 3917 2010 3983 tempestatis
2033 3916 2326 3965 mutationes
2348 3914 2546 3963 omnino
2569 3931 2624 3963 ac

1504 3982 1637 4032 vices
1659 3991 1850 4031 veteres
1881 3983 2256 4045 augurabantur,
2290 3978 2470 4043 partim
2503 3995 2621 4040 quo—

1504 4063 1616 4096 rum
1639 4058 1944 4111 conspectus,
1971 4045 2065 4095 nisi
2081 4060 2207 4109 puro
2227 4060 2284 4092 ac
2305 4057 2480 4091 sereno
2503 4045 2626 4091 coelo

1506 4110 1671 4159 nullus
1711 4120 1801 4169 est,
1838 4111 1898 4159 cf.
1919 4126 1963 4159 v.
1995 4112 2118 4165 518;
2154 4108 2385 4170 adeoque,
2419 4122 2534 4155 cum
2567 4122 2628 4156 ea

1506 4175 1669 4225 sidera
1707 4175 1872 4223 omnia
1915 4189 2044 4222 nunc
2088 4172 2322 4221 Palinuro
2365 4170 2419 4219 in
2461 4172 2628 4221 oculos

1504 4240 1772 4297 incurrant,
1813 4237 2124 4289 securitatem
2163 4235 2275 4285 coeli
2313 4234 2475 4285 sereni
2513 4236 2630 4285 inde

1505 4320 1564 4352 ca
1601 4312 1682 4351 tat.

1565 4320 1846 4416 {la—520.
1888 4368 2066 4415 Cuncta
2096 4368 2220 4415 videt
2251 4372 2470 4423 constare,
2495 4382 2628 4413 com-

1506 4432 1668 4495 posita
1701 4442 1752 4479 et
1785 4430 2044 4494 tranquilla
2072 4446 2206 4487 esse3
2242 4428 2380 4488 nihil,
2405 4429 2533 4493 quod
2550 4430 2628 4477 in-
