3050 4934
482 226 612 288 504

1383 226 1912 292 AENEIDOS

656 373 998 441 Audacem
1028 378 1111 441 ad
1146 376 1467 441 Turnum.
1550 375 1738 440 Luco
1768 388 1905 440 tum
1934 375 2107 440 forte
2140 377 2429 461 parentis

655 475 936 541 Pilumni
967 477 1236 541 Turnus
1267 487 1524 564 sacrata
1554 476 1718 540 valle
1751 477 2047 542 sedebat.

568 578 609 640 5
653 576 768 641 Ad
799 601 992 662 quem
1022 579 1114 642 sic
1143 601 1336 643 roseo
1366 577 1839 642 Thaumantias
1872 599 1985 641 ore
2014 575 2234 641 locuta
2264 587 2401 641 est:

656 677 908 755 Turne,
942 679 1120 762 quod
1150 679 1403 763 optanti
1433 676 1652 742 divt‘im
1683 678 2063 760 promittere
2100 699 2290 741 nemo

655 777 980 856 Auderet,
1015 779 1332 843 volvenda
1362 779 1528 856 dies,
1560 801 1667 855 en,
1699 777 1917 841 attulit
1945 777 2141 841 ultro.

655 881 932 957 AEneas,
965 882 1152 957 urbe,
1186 891 1254 944 et
1285 881 1498 955 sociis,
1532 890 1601 943 et
1630 878 1837 942 classe
1870 876 2118 954 relicta,

656 981 934 1070 Sceptra
965 980 1243 1045 Palatini
1273 981 1627 1062 sedemque
1659 977 1829 1063 petit
1860 978 2177 1042 Evandri.

532 1084 612 1146 10
653 1082 802 1146 Nec
833 1083 1025 1146 satis:
1071 1092 1396 1145 extremas
1428 1079 1703 1162 Corythi
1732 1081 2101 1163 penetravit
2130 1080 2214 1143 ad
2247 1081 2481 1158 urbes;

656 1183 1121 1266 Lydorumque
1149 1203 1429 1256 manum,
1460 1180 1765 1244 collectos
1799 1191 2005 1244 armat
2033 1191 2351 1264 agrestes.

657 1284 840 1356 Quid
868 1283 1174 1347 dubitas?
1219 1303 1391 1345 nunc
1421 1292 1678 1364 tempus
1711 1302 1939 1364 equOS,
1972 1303 2145 1344 nunc
2174 1303 2446 1364 poscere
2476 1306 2736 1349 currus.

658 1383 922 1468 Rumpe
951 1404 1164 1445 moras
1195 1403 1441 1457 omnes,
1472 1391 1542 1444 et
1568 1381 1835 1444 turbata
1862 1382 2079 1464 arripe
2110 1392 2344 1446 castra.

659 1469 873 1558 Dixit,
902 1493 970 1546 et
997 1483 1062 1545 in
1091 1476 1326 1546 coelum
1356 1465 1625 1563 paribus
1657 1501 1727 1544 se
1760 1480 2023 1544 sustulit
2050 1481 2206 1558 alis3

537 1587 617 1650 15
660 1585 1126 1668 lugentemque
1156 1580 1312 1664 fuga
1343 1581 1552 1644 secuit
1584 1581 1705 1644 sub
1736 1581 2021 1645 nubibus
2052 1605 2294 1647 arcum.

658 1684 949 1768 Agnovit
969 1683 1252 1768 juveniS,
1285 1680 1710 1765 duplicesque
1740 1682 1825 1745 ad
1858 1681 2073 1746 sidera
2102 1681 2349 1765 palmas

659 1783 960 1860 Sustulit,
993 1793 1062 1846 et
1091 1781 1203 1846 tali
1231 1781 1588 1866 fugientem
1617 1792 1720 1845 est
1749 1803 1909 1846 voce
1940 1792 2241 1847 secutus:

657 1887 769 1962 Iri,
803 1886 1004 1949 decus
1034 1883 1205 1960 coeli,
1233 1884 1380 1967 quis
1412 1897 1478 1947 te
1507 1882 1664 1946 mihi
1694 1883 1975 1945 nubibus
2006 1893 2221 1946 actam

659 1985 919 2052 Detulit
945 1987 1014 2048 in
1043 1987 1296 2048 terras?
1341 1985 1516 2047 unde
1546 1983 1691 2047 haec
1720 1993 1851 2046 tam
1880 1981 2053 2046 clara
2080 1995 2353 2067 repente

527 2090 615 2154 20
655 2087 1092 2170 Tempestas?
1140 2084 1421 2148 medium
1448 2085 1640 2148 video
1668 2083 2008 2148 discedere
2042 2083 2300 2161 coelum,

659 2186 1096 2268 Palantesque
1126 2183 1278 2267 polo
1309 2183 1551 2248 stellas.
1630 2183 1885 2267 Sequor
1914 2184 2125 2248 omina
2154 2195 2359 2263 tanta,

659 2286 977 2369 Quisquis
1005 2286 1074 2348 in
1097 2307 1276 2348 arma
1304 2307 1518 2350 vocae.
1597 2283 1691 2348 Et
1720 2285 1812 2348 sic
1840 2283 2079 2349 effatus
2112 2285 2197 2349 ad
2224 2286 2467 2350 undam

659 2386 1012 2462 Processit,
1045 2407 1420 2468 summoque
1449 2385 1671 2449 hausit
1698 2385 1783 2449 de
1812 2386 2071 2469 gurgite
2100 2385 2418 2470 lymphas,

658 2488 876 2554 Multa
906 2487 1066 2551 deos
1099 2507 1328 2564 orans3
1375 2487 1795 2568 oneravitque
1826 2485 2077 2550 aethera
2104 2487 2291 2550 votis.

489 2721 706 2776 Turnum,
739 2735 770 2766 a
803 2719 972 2764 Tuscia
1006 2719 1070 2763 ad
1101 2717 1318 2772 Ardeam,
1342 2732 1371 2762 a
1387 2717 1610 2776 petitione

484 2786 760 2831 auxiliorum
807 2783 872 2829 ad
922 2783 1098 2828 bellum.
1181 2779 1356 2841 Inique
1398 2778 1611 2828 clamant

483 2846 706 2895 nonnulli
726 2845 926 2895 ultimos
959 2843 1108 2893 libros
1133 2859 1298 2891 rerum
1323 2842 1538 2890 novitate
1561 2853 1611 2890 et

482 2911 716 2958 varietate
749 2925 930 2957 carere.
986 2907 1280 2970 Argumenti
1309 2915 1495 2964 natura,
1519 2907 1610 2954 hac

483 2974 536 3021 in
558 2983 696 3038 parte
722 2972 990 3020 Homerico
1025 2987 1116 3019 usu
1151 2979 1414 3019 extenuata
1439 2980 1489 3017 et
1520 2986 1606 3018 ex-

483 3039 671 3094 hausta,
694 3037 939 3085 abnuebat
959 3051 1018 3083 ea
1036 3050 1143 3097 quae
1173 3034 1227 3082 in
1283 3043 1394 3082 oeta
1415 3033 1605 3082 deside-

481 3101 636 3149 randa
671 3115 778 3148 esse
814 3098 1122 3147 arbitraumr.
1181 3099 1246 3146 Se
1313 3098 1366 3146 in
1387 3097 1478 3145 hae
1499 3098 1609 3162 ipsa

483 3162 760 3226 argumenti
789 3162 958 3226 inopia
994 3161 1180 3210 attendi
1219 3161 1364 3210 velim
1387 3161 1607 3210 animum

481 3228 546 3277 ad
567 3243 626 3276 ea
647 3243 754 3289 quae
775 3235 921 3291 poeta
941 3225 1004 3274 ad
1023 3225 1257 3274 tenendas
1293 3235 1344 3274 et
1377 3241 1603 3275 recrean-

482 3293 569 3340 das
590 3290 858 3354 legentium
887 3299 1076 3338 mentes
1110 3289 1405 3352 excogitavit
1433 3289 1602 3338 soller-

481 3355 667 3405 tissime
683 3374 694 3412 3
719 3363 776 3402 ut
793 3353 846 3401 in
863 3354 955 3402 hoc
976 3353 1100 3401 libro
1119 3369 1146 3400 e
1182 3353 1390 3401 isodium
1405 3352 1465 3400 de
1481 3353 1607 3402 Niso

481 3431 532 3469 et
556 3419 784 3483 Euryalo.
843 3417 1008 3466 Etiam
1041 3416 1128 3464 illu
1183 3417 1414 3480 praeclare
1448 3432 1603 3480 expu-

482 3494 650 3542 tatum,
675 3483 804 3546 quod
831 3483 924 3529 hoc
953 3480 1079 3529 libro
1110 3495 1188 3528 res
1221 3482 1420 3528 absente
1445 3473 1607 3528 AEnea

477 3549 678 3614 geritur,
703 3555 760 3595 ut
777 3549 882 3609 ejus
917 3545 1131 3594 adventu
1165 3560 1291 3592 nova
1329 3559 1494 3593 rerum
1517 3560 1602 3592 ex-

475 3612 689 3678 pectatio
711 3611 810 3658 fiat.

548 3679 589 3723 1.
625 3678 824 3723 Diversa
853 3676 1067 3734 penitus.-
1101 3673 1243 3722 valde
1275 3672 1480 3728 diversa,
1503 3671 1535 3720 i.
1562 3689 1603 3720 e.

474 3739 668 3803 longius
691 3745 877 3786 remota
893 3753 922 3785 a
937 3737 1135 3792 castris3
1161 3737 1239 3784 vel
1259 3737 1390 3800 apud
1409 3736 1603 3784 Pallan-

478 3814 642 3858 teum3
677 3802 754 3850 vel
777 3802 830 3848 in
855 3800 1068 3858 Etruria,
1093 3800 1174 3848 ubi
1201 3811 1302 3848 tum
1323 3801 1520 3848 AEneas.

545 3871 589 3925 3,
614 3869 660 3914 4.
695 3869 914 3913 Parentis
934 3866 1150 3922 Pilumni,
1171 3865 1219 3911 h.
1246 3881 1285 3911 e.
1311 3863 1477 3912 abavi:
1505 3863 1601 3911 vid.

473 3933 559 3980 inf.
593 3947 642 3989 x,
685 3931 794 3976 619.
832 3931 1058 3976 Sedebae:
1095 3935 1286 3991 spectat
1318 3927 1410 3976 sim
1445 3927 1602 3975 liciter

477 3997 538 4044 ad
572 3993 899 4044 solitudinem.
957 3992 1146 4039 Lucum
1186 4001 1348 4039 autem
1429 3991 1603 4038 ilumni

474 4060 528 4108 in
551 4075 610 4107 ea
630 4057 829 4120 regione
849 4055 1000 4104 fuisse
1019 4055 1186 4118 quidni
1206 4055 1552 4102 admittamus?

540 4122 582 4173 7.
627 4125 853 4171 Volvenda
885 4122 996 4178 dies,
1026 4135 1134 4182 qaae
1167 4118 1404 4167 volvitur:
1441 4117 1538 4166 vid.
1562 4117 1595 4177 i,

539 4253 662 4298 9-1
674 4252 712 4297 1.
739 4253 929 4310 Sceptra
947 4247 1236 4312 exquisitius
1255 4263 1400 4310 quam
1413 4262 1591 4310 regna:

475 4325 732 4376 utrumque
759 4329 849 4376 pro
877 4312 1014 4374 reg-ia
1034 4311 1266 4360 Evandri.
1323 4314 1513 4374 Corythi
1535 4315 1599 4359 ad

471 4383 620 4436 urbes,
639 4376 860 4438 designat
880 4376 1129 4424 Etruriam
1147 4378 1208 4423 ab
1221 4377 1452 4439 Corytho,
1476 4391 1593 4424 con·

1674 2713 1830 2763 ditore
1853 2715 2093 2766 Cortonae.
2141 2717 2375 2780 Lydorum
2407 2731 2587 2765 mum
2620 2717 2795 2768 Etrus—

1675 2795 1757 2828 cos
1779 2779 1907 2828 dixit
1928 2780 1989 2828 ad
2012 2781 2261 2845 vulgarem
2284 2781 2579 2846 opinionem.

1746 2847 1817 2891 13.
1858 2847 2067 2894 Turbata
2102 2849 2259 2907 arripe
2290 2855 2459 2903 eastra,
2498 2845 2689 2904 invade,
2713 2861 2796 2894 oc·

1675 2923 1827 2970 cupa:
1864 2908 2051 2956 scilicet
2088 2918 2145 2957 ut
2182 2925 2356 2973 rapere
2398 2908 2558 2973 poetis
2596 2921 2675 2958 est
2708 2926 2799 2973 pro

1673 2987 1861 3034 capere.
1920 2972 2065 3020 Dixit
2084 2983 2249 3022 autem
2278 2982 2434 3022 castra
2456 2973 2797 3036 Trojanorum,

1674 3051 1718 3083 v.
1753 3037 1783 3083 8
1815 3039 1984 3094 urbem,
2022 3036 2137 3084 alibi
2170 3054 2334 3096 muros,
2380 3053 2607 3101 aggerem.
2667 3039 2797 3086 Nam

1674 3099 1858 3148 AEneas
1892 3099 1946 3148 in
1978 3099 2154 3159 littore,
2190 3103 2376 3159 urbem,
2412 3117 2571 3150 novam
2596 3103 2796 3164 stojan,

1670 3163 1980 3219 condideram
2014 3179 2159 3226 quam
2184 3165 2265 3226 (ut
2292 3181 2398 3229 sup.
2424 3165 2507 3224 vii,
2536 3165 2655 3228 157)
2682 3169 2795 3214 cm-

1671 3235 1843 3276 trorum
1865 3232 1913 3276 in
1934 3245 2097 3276 morem
2112 3233 2272 3290 pinnis
2293 3238 2431 3292 atque
2444 3247 2617 3292 aggere
2636 3233 2795 3278 cinxit.

1740 3293 1814 3338 15.
1850 3293 2007 3340 See-uit
2023 3308 2189 3341 arcum
2206 3309 2311 3356 pro,
2328 3293 2509 3342 meavit
2520 3309 2613 3357 per
2630 3309 2797 3342 areum

1670 3354 1795 3411 omli,
1832 3354 2046 3414 incessit,
2088 3365 2317 3419 tanquam
2353 3357 2462 3414 Iris,
2500 3373 2619 3406 arcu
2654 3357 2793 3415 facto,

1670 3433 1763 3481 pro
1784 3419 1991 3466 tramite.
2050 3421 2213 3468 Ducta
2234 3419 2463 3482 loquendi
2482 3420 2641 3470 forma
2658 3437 2690 3469 a
2707 3437 2793 3470 na—

1675 3481 1931 3544 vigatione,
1953 3482 2143 3542 τέμνειν
2160 3481 2271 3542 ἅλα,
2288 3485 2423 3533 sulco
2448 3485 2578 3534 facto
2598 3486 2655 3534 in
2676 3486 2793 3534 fluc-

1672 3545 1815 3604 tibus,
1839 3545 1955 3593 hinc
1978 3555 2163 3606 terram,
2188 3557 2293 3596 tum
2314 3548 2469 3612 ipsam
2492 3553 2628 3598 vim

1737 3611 1813 3657 21.
1852 3609 1965 3657 Non
1991 3626 2171 3659 novum
2192 3621 2267 3660 est
2288 3622 2549 3671 ostentum,

1665 3675 1769 3734 polo
1790 3676 1949 3721 stellas
1984 3674 2149 3723 videre
2186 3675 2347 3723 medio
2377 3675 2485 3732 die;
2522 3686 2574 3724 et
2594 3687 2673 3726 est
2692 3678 2739 3725 h.
2762 3677 2795 3724 l.

1670 3737 1886 3785 interdiu
1906 3737 2121 3787 oblatum
2149 3739 2447 3803 auspicium;
2484 3755 2615 3789 nunc
2632 3751 2797 3789 tamen

1670 3811 1846 3848 ornant
1885 3801 1988 3849 haec
2020 3803 2212 3861 coelum,
2253 3804 2381 3866 quod
2413 3803 2693 3868 disruptum
2722 3813 2798 3852 est

1672 3865 1787 3926 (hoc
1810 3867 2042 3914 discedere
2076 3865 2217 3924 dixit,
2242 3883 2361 3914 voce
2397 3867 2449 3914 in
2480 3867 2573 3915 hac
2604 3883 2662 3916 re
2682 3883 2795 3931 pro-

1668 3929 1791 3991 pria,
1834 3944 1925 3992 pro
1960 3929 2225 3988 dehiscere,
2267 3931 2454 3979 hiatum
2490 3931 2693 3992 facere),
2730 3941 2793 3988 et,

1668 3992 1797 4054 quod
1834 3992 1954 4040 alias
1985 3993 2037 4042 in
2072 3994 2263 4057 fulgure
2298 3994 2405 4043 fieri
2439 3995 2577 4052 solet,
2600 3996 2797 4043 chasma

1666 4055 1796 4103 fecit.
1854 4056 1906 4103 Si
1940 4057 2107 4119 itaque
2136 4059 2296 4122 ruptis
2336 4058 2546 4107 nubibus
2578 4058 2629 4106 in
2663 4059 2791 4106 inte·

1661 4119 1791 4168 riora
1800 4121 2057 4232 tlperrexit,
2092 4121 2257 4232 stiellas
2288 4137 2541 4186 apparere,
2579 4123 2789 4172 nubibus

1663 4199 1797 4231 remo
1838 4199 1875 4242 s,
1906 4200 2103 4232 necesse
2146 4201 2197 4233 m

1740 4249 1963 4296 22—24.
2018 4249 2163 4304 Quod
2205 4249 2376 4314 relig-io
2424 4250 2586 4300 facere
2632 4251 2787 4312 jubet,

1662 4311 1824 4360 omine
1860 4321 2074 4377 accepto,
2102 4313 2249 4362 etiam
2276 4315 2381 4362 viso
2416 4323 2467 4363 et
2488 4329 2553 4363 ex
2574 4313 2787 4363 somnioz

1661 4375 1849 4424 scilieet
1870 4377 2107 4425 lustrandi
2128 4393 2287 4426 causa.
