3050 4934
487 228 617 294 310

1377 226 1907 293 AENEIDOS
1996 278 1999 283 .

659 379 752 441 Et
783 378 1046 442 tandem
1073 376 1206 440 laeti
1239 378 1561 441 sociorum
1592 376 1959 442 ulciscimur
1994 377 2279 440 umbras.

657 478 792 543 Sed
823 478 1054 561 fugite,
1087 500 1126 542 o
1156 478 1396 555 miseri,
1428 477 1659 562 fugite,
1691 489 1888 561 atque
1920 478 2004 541 ab
2032 475 2251 541 littore
2280 475 2501 541 funem

485 578 616 643 640
657 580 994 664 Rumpite.

656 679 854 756 Nam,
887 678 1095 763 qualis
1128 689 1543 763 quantusque
1572 702 1731 743 cavo
1764 678 2205 762 Polyphemus
2232 680 2302 741 in
2330 689 2520 741 antro

659 781 1018 865 Lanigeras
1049 778 1296 844 claudit
1322 780 1638 864 pecudes,
1670 790 1867 863 atque
1898 781 2105 843 ubera
2132 791 2413 864 pressat,

655 881 936 947 Centum
963 880 1068 945 alii
1097 902 1296 945 curva
1323 880 1466 945 haec
1494 879 1793 944 habitant
1822 880 1907 943 ad
1935 878 2157 943 littora
2186 879 2383 962 vulgo

659 976 918 1048 Infandi
949 982 1293 1066 Cyclopes,
1325 992 1393 1045 et
1420 979 1567 1045 altis
1598 981 1925 1045 montibus
1954 991 2196 1043 errant.

485 1086 614 1149 645
657 1085 890 1149 Tertia
908 1085 1046 1168 jam
1072 1082 1245 1147 lunae
1275 1105 1346 1147 se
1377 1103 1622 1146 cornua
1649 1081 1887 1145 lumine
1918 1079 2267 1165 complent,

659 1186 884 1260 Quum
912 1185 1109 1248 vitam
1135 1184 1202 1248 in
1233 1182 1430 1259 silvis,
1461 1185 1635 1247 inter
1664 1183 1929 1247 deserta
1953 1180 2238 1245 ferarum

659 1286 906 1350 Lustra
931 1286 1290 1367 domosque
1321 1284 1535 1360 traho,
1566 1294 1915 1366 vastosque
1946 1284 2030 1347 ab
2061 1303 2225 1366 rupe
2256 1281 2577 1367 Cyclopas

656 1386 1018 1471 Prospicio,
1051 1386 1460 1468 sonitumque
1492 1386 1735 1468 pedum
1764 1405 2115 1467 vocemque
2146 1384 2467 1449 tremisco.
2608 1396 2611 1401 '

658 1486 925 1551 Victum
952 1484 1294 1561 infelicem,
1326 1487 1559 1550 baccas
1590 1484 2015 1569 lapidosaque
2046 1506 2267 1562 corna,

485 1590 616 1653 650
660 1586 844 1652 Dant
874 1588 1055 1664 rami,
1088 1597 1156 1651 et
1183 1586 1380 1651 vulsis
1409 1597 1691 1670 pascunt
1718 1586 2046 1650 radicibus
2076 1584 2324 1649 herbae.

659 1690 899 1754 Omnia
928 1687 1338 1764 collustrans,
1370 1687 1540 1752 hanc
1570 1688 1847 1771 primum
1876 1686 1961 1749 ad
1990 1686 2211 1750 littora
2238 1685 2509 1751 classem

658 1791 994 1875 Conspexi
1021 1790 1404 1853 venientem.
1483 1788 1662 1853 Huic
1688 1809 1813 1863 me,
1846 1808 2271 1871 quaecumque
2307 1786 2562 1864 fuisset,

655 1890 945 1955 Addixi:
993 1890 1150 1953 satis
1182 1900 1284 1953 est
1311 1900 1573 1973 gentem
1602 1888 1912 1971 effugisse
1940 1887 2307 1953 nefandam.
2524 1888 2528 1893 ⁴

655 1991 796 2056 Vos
827 1992 1102 2055 animam
1129 1988 1298 2053 hane
1327 1990 1547 2074 potius
1578 2010 1985 2074 quocumque
2016 1990 2335 2054 absumite
2366 1989 2567 2055 letho.

483 2094 612 2157 655

741 2090 878 2155 Vix
907 2114 986 2154 ea
1015 2089 1187 2154 fatus
1217 2100 1396 2166 erat3
1443 2114 1692 2154 summo
1719 2113 1919 2175 quum
1948 2102 2166 2155 monte
2196 2092 2487 2155 videmus

654 2191 882 2276 Ipsum
909 2192 1079 2255 inter
1105 2191 1396 2275 pecudes
1427 2204 1611 2255 vasta
1644 2214 1713 2254 se
1743 2191 1910 2256 mole
1942 2202 2303 2256 moventem

654 2292 995 2357 Pastorem
1024 2290 1518 2375 Polyphemum,
1551 2303 1620 2357 et
1649 2292 1869 2359 littora
1898 2304 2056 2357 nota
2082 2303 2447 2377 petentem:

653 2393 1027 2458 Monstrum
1047 2392 1468 2471 horrendum,
1487 2393 1783 2471 informe,
1804 2395 2057 2478 ingena,
2076 2394 2183 2459 cui
2203 2393 2419 2459 lumen
2444 2396 2793 2461 ademtam.

653 2494 923 2559 Trunca
949 2517 1144 2558 manu
1172 2495 1364 2578 pinus
1393 2495 1587 2577 regit,
1618 2504 1687 2559 et
1716 2496 1988 2578 vestigia
2016 2494 2253 2559 firmat.

478 2598 608 2664 660
654 2597 998 2681 Lanigerae
1028 2596 1415 2660 comitantur
1445 2616 1635 2658 oves:

477 2782 618 2843 τόπῳ
639 2780 719 2842 Ἐξ
748 2781 868 2831 brer
886 2779 1099 2839 rbi-arm,
1123 2781 1328 2829 Theocr.
1363 2779 1503 2844 Idyll.
1534 2781 1601 2837 xi,

479 2844 556 2896 71.
624 2847 834 2909 Argolici
869 2849 1006 2908 clipei
1022 2864 1038 2893 .-
1087 2854 1192 2892 erat
1231 2844 1274 2891 is
1306 2844 1603 2907 Argivorum

476 2908 746 2957 inventum.
801 2909 916 2958 Fuit
929 2924 1046 2957 sane
1060 2908 1124 2957 cli
1159 2923 1248 2956 eus
1263 2908 1379 2956 inde
1395 2908 1446 2955 in
1466 2924 1599 2957 com-

478 2973 615 3022 muni
645 2976 928 3023 Graecorum
964 2988 1070 3025 usu.
1143 2972 1356 3034 iquando
1387 2972 1534 3020 etiam
1572 2988 1602 3021 a

477 3036 716 3085 Romanis
744 3044 971 3099 receptus
1005 3052 1095 3100 pro
1129 3048 1293 3084 scuto:
1330 3036 1492 3099 potuit
1525 3046 1597 3086 ta-

476 3116 591 3147 men
616 3100 876 3162 Argolicus
897 3099 960 3146 cli
999 3114 1086 3147 eus
1107 3099 1352 3163 peculiare
1371 3100 1488 3163 quid
1509 3101 1597 3149 ha-

475 3164 620 3218 bere3
657 3162 786 3225 quod
817 3172 963 3210 rotun
1001 3178 1056 3212 us
1096 3174 1214 3221 erat,
1237 3180 1350 3212 cum
1385 3164 1470 3212 alii
1508 3165 1597 3213 cli-

473 3226 557 3291 pei
591 3236 756 3275 essent
793 3226 904 3274 oblo
975 3226 1012 3283 ’ς
1048 3237 1186 3275 scuta
1217 3228 1362 3276 etiam
1391 3229 1601 3293 oblonga

473 3291 722 3353 quadrata.
759 3290 924 3339 Etiam
987 3290 1068 3339 ion
1154 3292 1316 3341 Halie.
1327 3292 1391 3350 iv,
1405 3294 1476 3356 (p.
1490 3296 1599 3353 221,

471 3370 513 3403 c.
544 3353 1062 3417 16.)Ἀρ·γολικὰςᾶσπ
1107 3374 1174 3405 as.
1222 3358 1467 3405 Phoebeam
1485 3361 1599 3406 lam-

648 3433 755 3467 esse
768 3418 935 3477 solem,
951 3434 1050 3467 non
1063 3420 1244 3477 lunam,
1259 3420 1312 3469 in
1326 3431 1496 3485 aperto
1509 3432 1599 3470 est.

536 3484 811 3531 641—644.
840 3486 1002 3535 Qualis
1023 3484 1350 3559 Polyphemus
1373 3493 1462 3543 est,
1479 3486 1601 3535 tales

472 3548 710 3613 Cyclopes
743 3548 884 3596 multi
917 3546 970 3596 in
1004 3548 1184 3597 vicima
1215 3558 1343 3607 sunt,
1372 3552 1600 3599 habitant.

471 3612 566 3660 Est
594 3622 758 3660 autem
791 3612 834 3661 is
865 3622 1122 3676 poetarum
1151 3630 1271 3671 mos,
1303 3614 1491 3663 Graecis
1520 3614 1599 3662 in-

469 3676 642 3739 primis
664 3676 924 3725 admodum
945 3676 1294 3741 frequentatus,
1315 3677 1368 3725 in
1387 3678 1601 3726 Pindaro

470 3740 550 3788 vel
579 3740 764 3789 centies
791 3742 1090 3799 observatus,
1115 3751 1173 3790 ut
1203 3742 1416 3790 evitetur
1438 3742 1600 3792 tenuis

469 3804 733 3916 33¹3&
745 3805 1322 3932 {fissffitfflff
1333 3814 1418 3917 {1⁶⁹
1428 3822 1456 3917 f
1459 3806 1599 3934 ‘⁸33

467 3935 619 3993 qualis
636 3941 704 3981 est
719 3934 1034 3995 Polyphemus,
1049 3934 1268 3982 ornatius
1285 3934 1414 3982 dixit
1427 3943 1595 3999 poeta3

465 3998 620 4057 qualis
641 3999 817 4045 claudit
839 4005 976 4059 atque
993 4006 1205 4057 pressas,-
1227 3998 1420 4062 plenior
1441 3999 1598 4047 oratio

469 4062 969 4174 '‘i'rgri'eissd‘gtlrtishgcoiest
983 4124 1038 4173 in
1057 4065 1597 4189 glsiiseig’ciguinctiilitilgix‘s·

469 4186 638 4234 eadem
662 4189 895 4238 orationis
916 4190 1072 4238 forma
1093 4190 1316 4239 occurrit.
1375 4190 1456 4239 Sic
1485 4206 1593 4256 sup.

469 4247 501 4305 i,
526 4252 623 4297 498
651 4261 769 4308 erat,
799 4256 963 4305 Qualis
995 4262 1186 4312 exercet,
1210 4270 1300 4319 pro
1332 4254 1489 4317 qualis
1519 4266 1597 4305 est

468 4327 580 4360 cum
601 4323 808 4362 exercet.
866 4318 947 4365 An
965 4334 1082 4366 vero
1104 4318 1214 4367 talis
1231 4321 1490 4368 verborum
1513 4336 1593 4369 or-

471 4388 614 4423 natus
637 4378 897 4441 trepidanti
922 4381 1246 4430 Achemenidi
1272 4384 1392 4431 satis
1413 4400 1592 4433 conve-

1683 2616 1762 2658 ea
1792 2595 1929 2659 sola
1956 2594 2256 2678 voluptas
2262 2641 2280 2671 ‚

1670 2780 1787 2840 nist,
1802 2781 2024 2830 dubitare
2040 2782 2165 2829 forte
2182 2782 2355 2845 possis.
2404 2783 2503 2831 Sed
2518 2783 2572 2831 in
2590 2784 2670 2833 his
2686 2801 2797 2836 cum

1668 2854 1813 2919 poeta
1834 2845 2188 2921 quodammodo
2220 2846 2365 2895 tacite
2393 2853 2693 2923 conventum
2724 2860 2799 2899 est

1666 2910 2795 3031 &stat‘0tizqffinlaef¹²ffiza”ssffim

1664 3037 1868 3086 haberet
1888 3039 2128 3101 quomodo
2151 3040 2386 3102 tragoedia
2406 3039 2552 3089 scribi
2577 3046 2779 3105 posset?

1730 3102 2002 3151 647—-649,
2028 3106 2206 3161 Domoe,
2225 3120 2289 3152 sc.
2302 3102 2531 3165 ferar-itm,
2550 3120 2651 3153 non
2670 3106 2793 3155 otio-

1664 3182 1772 3213 sum
1794 3176 1911 3241 post
1929 3169 2078 3215 larem
2092 3186 2111 3222 ,·
2144 3183 2257 3217 nam
2288 3168 2508 3244 speciem
2522 3169 2597 3217 rei
2618 3170 2793 3220 clario-

1662 3244 1767 3341 ῗὲῗ
1786 3231 2183 3357 ἑῖὺῧζσᾘῗ
2205 3235 2797 3362 ξῧῖςὲῗρᾞῑὲῗ“ἳὲ

1666 3367 1831 3406 monte
1872 3368 2117 3407 errantes:
2166 3360 2311 3408 modo
2353 3378 2399 3410 v.
2540 3397 2553 3420 ,
2598 3371 2647 3411 et
2685 3368 2797 3413 altis

1665 3426 1889 3470 montibus
1916 3432 2109 3478 err-am,-
2144 3433 2195 3472 et
2224 3424 2309 3473 inf.
2334 3426 2445 3484 655,
2464 3444 2633 3475 sumo
2660 3444 2797 3489 qm
2898 3446 2909 3461 ·

1665 3494 1811 3535 monte
1841 3490 2075 3541 videntum
2108 3487 2227 3537 item
2253 3490 2363 3540 675.
2428 3493 2607 3539 Victum
2636 3490 2791 3553 infeli-

1666 3566 1773 3607 cem,
1802 3550 1961 3627 simpl.
1994 3551 2243 3611 miserum,
2276 3562 2488 3603 tenuem.
2546 3556 2793 3618 Argutum

1664 3624 1799 3678 puto,
1818 3615 1880 3663 de
1900 3615 2084 3664 infelici
2098 3618 2269 3666 arbore
2283 3618 2519 3683 accipere.
2555 3622 2793 3681 Lapidem

1664 3694 1815 3736 corna,
1840 3681 1901 3728 ab
1924 3694 2033 3729 osse
2052 3680 2183 3743 quod
2204 3682 2256 3729 in
2278 3696 2332 3731 se
2355 3683 2549 3731 habent.

1728 3744 1838 3790 653.
1876 3746 2057 3793 Addita·
2072 3764 2089 3793 .·
2137 3746 2329 3809 signato
2370 3748 2520 3796 verbo
2560 3749 2796 3812 exprimit

1664 3807 2069 3870 desperationem,
2093 3810 2164 3858 ait
2186 3810 2411 3867 Servium
2446 3822 2499 3859 at
2520 3816 2793 3875 quatenus?

1663 3887 1729 3919 sc.
1763 3881 1838 3919 est
1868 3886 1972 3935 pro,
2002 3888 2081 3921 me
2118 3874 2309 3922 tradere
2341 3875 2551 3933 decrevi,
2586 3886 2643 3925 ut
2676 3877 2795 3927 alias

1663 3935 1823 3993 mord,
1869 3935 2106 3995 servituti,
2152 3938 2294 3996 malo,
2338 3955 2392 3988 se
2437 3940 2545 4003 quis
2594 3942 2791 3991 addicit.

1662 3999 1915 4048 Addicunt
1943 4016 1997 4048 se
2028 4002 2239 4065 proprie,
2269 4003 2349 4065 qui
2384 4020 2439 4053 se
2468 4003 2705 4065 vendunt,
2740 4015 2795 4054 ut

1662 4063 1967 4126 gladiatores.

1726 4128 1837 4175 658.
1874 4127 2015 4177 Πέλμ
2041 4165 2055 4188 ,
2078 4130 2312 4193 πελώριον
2334 4134 2489 4193 θαῦμα
2517 4135 2646 4199 apud
2680 4135 2787 4183 Ho-

1660 4207 1864 4241 merum.
1932 4196 1966 4241 I
2011 4212 2144 4253 orme,
2182 4204 2241 4243 ut
2282 4196 2509 4259 ἄμορφον,
2555 4198 2787 4247 deforme.

1664 4259 1751 4305 Gna·
1774 4260 1922 4305 lumen
1946 4262 2173 4307 ademtam
2198 4260 2247 4307 h.
2274 4276 2316 4308 e.
2340 4272 2667 4319 excaecatum3
2702 4263 2787 4311 de-

1660 4320 1879 4370 formitas
1900 4336 2025 4370 nova
2046 4332 2225 4387 praeter
2246 4325 2533 4373 naturalem.

1726 4386 1997 4434 659—663.
2028 4386 2087 4434 ln
2106 4404 2241 4435 manu
2258 4396 2459 4438 truncus
2474 4389 2655 4453 pineus
2670 4396 2787 4455 regie
