3050 4934
451 243 582 308 478
1340 240 1871 308 AENEIDOS

628 393 808 468 Quin
839 415 1092 458 omnem
1122 392 1515 477 Hesperiam
1544 393 1807 477 penitus
1840 413 1959 455 sua
1990 390 2115 456 sub
2134 389 2301 475 juga
2328 389 2609 465 mittant,

627 495 721 558 Et
747 516 950 570 mare,
982 495 1160 578 quod
1193 516 1416 578 supra,
1449 503 1737 570 teneant,
1770 491 2079 578 quodque
2110 490 2293 556 alluit
2318 489 2508 556 infra.

461 595 584 659 150
627 592 898 680 Accipe,
932 595 1146 678 daque
1176 594 1396 660 fidem.
1477 595 1649 658 Sunt
1674 595 1864 660 nobis
1897 593 2091 660 fortia
2120 591 2293 658 bello

630 696 934 774 Pectora,
968 707 1120 760 sunt
1149 697 1364 773 animi,
1394 706 1465 760 et
1493 697 1693 760 rebus
1726 706 2023 780 spectata
2040 696 2377 780 juventus.

715 795 997 862 Dixerat
1031 797 1296 861 AEneas.
1373 796 1490 860 Ille
1524 819 1623 874 os,
1652 796 2008 881 oculosque
2038 795 2361 880 loquentis

629 895 778 961 Jam
809 897 1080 974 dudum,
1112 908 1179 961 et
1210 907 1419 961 totum
1446 896 1771 962 lustrabat
1799 896 2037 962 lumine
2068 919 2330 981 corpus.

629 997 805 1062 Tum
836 999 927 1064 sic
957 1021 1166 1084 pauca
1193 997 1432 1062 refert:
1483 997 1581 1062 Ut
1609 1010 1698 1076 te,
1732 997 2080 1062 fortissime
2111 993 2469 1073 Teucrum,

463 1100 584 1164 155
627 1098 904 1184 Accipio
930 1122 1344 1184 agnoscoque
1373 1099 1620 1164 libens!
1668 1110 1755 1163 ut·
1771 1098 1973 1163 verba
2002 1099 2316 1183 parentis,

630 1199 726 1266 Et
754 1223 976 1266 vocem
1004 1199 1317 1265 Anchisae
1345 1201 1561 1284 magni
1592 1199 1969 1285 vultumque
2000 1200 2347 1264 recordor!

631 1302 806 1367 Nam
835 1303 1092 1366 memini
1123 1300 1438 1366 Hesionae
1468 1302 1783 1366 visentem
1812 1323 2017 1385 regna
2046 1301 2289 1364 sororis

633 1403 1236 1468 Laomedontiaden
1269 1401 1621 1479 Priamu‘m,
1652 1401 1978 1466 Salamina
2006 1411 2360 1487 petentem,

633 1504 960 1570 Protenus
992 1504 1300 1570 Arcadiae
1327 1503 1583 1589 gelidos
1612 1504 1889 1568 invisere
1922 1502 2111 1568 fines.

467 1606 590 1670 160
632 1603 809 1670 Tum
835 1605 992 1669 mihi
1022 1607 1230 1690 prima
1256 1627 1459 1690 genas
1489 1606 1774 1670 vestibat
1801 1604 1963 1668 flore
1986 1605 2295 1689 juventa;

633 1705 1060 1791 Mirabarque
1091 1707 1292 1772 duces
1325 1706 1647 1784 Teucros,
1678 1707 1960 1770 mirabar
1986 1716 2055 1770 et
2080 1706 2295 1789 ipsum

637 1806 1279 1886 Laomedontiaden;
1327 1807 1446 1872 sed
1475 1809 1727 1872 cunctis
1758 1806 1948 1870 altior
1976 1807 2115 1871 ibat

632 1905 982 1975 Anchises.
1060 1909 1234 1974 Mihi
1261 1931 1442 1974 mens
1465 1907 1754 1993 juvenali
1782 1908 2059 1973 ardebat
2086 1928 2305 1971 amore

634 2009 1040 2094 Compellare
1071 2011 1298 2086 virum,
1327 2020 1394 2074 et
1425 2010 1679 2074 dextrae
1708 2010 2106 2094 conjungere
2136 2007 2457 2092 dextram.
2502 2087 2528 2098 .-

469 2110 590 2174 165
634 2108 931 2187 Accessi,
963 2121 1031 2174 et
1059 2111 1338 2194 cupidus
1370 2107 1628 2174 Phenei
1654 2111 1778 2175 sub
1808 2111 2047 2174 moenia
2076 2109 2258 2174 duxi.

636 2209 753 2274 Ille
783 2210 940 2275 mihi
965 2211 1282 2294 insignem
1310 2210 1687 2297 pharetram
1720 2210 2087 2295 Lyciasque
2120 2211 2391 2294 sagittas

640 2309 1006 2376 Discedens
1039 2311 1572 2396 chlamydemque
1604 2333 1764 2376 auro
1794 2312 1979 2376 dedit
2004 2313 2444 2387 intertextam,

637 2411 980 2499 Frenaque
1009 2414 1185 2491 bina,
1215 2435 1398 2478 meus
1427 2435 1575 2497 quae
1604 2435 1777 2478 nunc
1804 2413 2030 2490 habet,
2056 2434 2277 2489 aurea,
2310 2409 2551 2475 Pallas.

637 2513 823 2599 Ergo
853 2526 943 2592 et,
975 2538 1167 2600 quam
1197 2515 1440 2600 petitis,
1461 2514 1694 2599 juncta
1723 2524 1826 2578 cst
1854 2513 2011 2578 mihi
2040 2512 2292 2578 foedere
2325 2513 2592 2592 dextra3

471 2617 594 2680 170
637 2615 753 2694 Et,
785 2616 901 2682 lux
928 2639 1129 2702 quum
1158 2618 1434 2704 primum
1464 2615 1657 2680 terris
1692 2637 1761 2678 se
1792 2616 2077 2680 crastina
2102 2615 2363 2692 reddet,

636 2716 904 2782 Auxilio
930 2717 1117 2782 laetos
1149 2718 1486 2794 dimittam,
1519 2717 1887 2801 opibusque
1910 2717 2181 2802 juvabo.

636 2819 902 2886 Interea
933 2841 1119 2886 sacra
1146 2819 1313 2896 haec,
1344 2820 1611 2903 quando
1640 2818 1771 2882 huc
1802 2818 2066 2882 venistis
2098 2818 2306 2896 amici,

635 2917 902 2997 Annua,
933 2943 1082 3005 quae
1111 2919 1376 2986 differre
1407 2919 1618 2998 nefas,
1650 2918 1981 2984 celebrate
2011 2918 2303 2984 faventes

639 3020 1027 3098 Nobiscum,
1059 3032 1126 3085 et
1145 3022 1283 3104 jam
1310 3043 1483 3085 nunc
1515 3022 1839 3086 sociorum
1868 3022 2225 3086 assuescite
2256 3022 2517 3085 mensis.

473 3122 596 3185 175
725 3120 894 3185 Haec
923 3122 1037 3186 ubi
1067 3122 1262 3199 dicta,
1296 3123 1502 3207 dapes
1525 3123 1721 3208 jubet
1749 3133 1817 3187 et
1846 3121 2104 3187 sublata
2132 3125 2363 3207 reponi

639 3221 908 3299 Pocula,
941 3223 1400 3308 gramineoque
1430 3225 1603 3288 viros
1635 3224 1806 3290 locat
1834 3225 1976 3309 ipse
2010 3222 2232 3302 sedili3

641 3323 1186 3407 Praecipumque
1218 3335 1362 3389 toro
1390 3335 1458 3389 et
1487 3324 1697 3390 villosi
1721 3324 1891 3412 pelle
1920 3325 2127 3390 leonis

639 3421 902 3508 Accipit
930 3424 1217 3503 AEnean,
1245 3425 1535 3510 solioque
1564 3427 1792 3490 invitat
1820 3448 2079 3492 acerno.

639 3526 813 3590 Tum
842 3525 996 3590 lecti
1012 3526 1289 3611 juvenes
1320 3529 1617 3592 certatim
1645 3549 1909 3611 araeque
1941 3527 2249 3592 sacerdos

535 3701 625 3752 157
647 3717 748 3764 sqq.
786 3701 898 3750 Hoc
926 3717 1042 3750 vero
1075 3701 1386 3765 ingeniosum
1409 3711 1460 3750 et
1491 3701 1591 3750 ele·
1730 3701 1835 3760 165,
1866 3703 1973 3750 166.
2007 3705 2237 3752 Pheneum
2260 3703 2425 3767 posuit
2488 3703 2665 3754 riseam
2686 3705 2783 3752 Ar-

467 3781 590 3830 gans
629 3775 703 3814 est
741 3774 899 3829 poetoe
935 3775 1277 3824 commentum,
1319 3781 1414 3828 quo
1453 3765 1591 3815 Pria·
1658 3765 1811 3815 eadiae
1831 3769 2018 3826 urbem,
2044 3766 2321 3832 passimque
2354 3767 2407 3816 in
2482 3767 2625 3827 bulis,
2651 3769 2783 3817 Her-

427 3865 436 3870 -
468 3847 602 3879 mum
625 3829 769 3906 lingit
790 3829 1098 3886 Salaminem,
1125 3830 1372 3879 Hesiones
1399 3829 1593 3888 sororis,
1658 3831 1783 3880 culis
1818 3832 2045 3890 maxime,
2078 3841 2409 3890 memoratam,
2446 3842 2675 3896 tanquam
2705 3849 2781 3882 se-

468 3895 724 3944 Telamom
749 3893 982 3942 Herculis
1003 3894 1155 3942 sodali
1178 3903 1358 3961 nuptas,
1381 3893 1597 3944 visendae
1660 3895 1772 3944 dem
1805 3898 2056 3958 maiorum.
2123 3899 2355 3960 Insignem
2382 3901 2679 3959 plemma:
2724 3913 2787 3946 ex

468 3969 627 4018 causa,
643 3958 852 4022 hincque
865 3957 1126 4008 Arcadiam
1145 3958 1338 4017 adiisse,
1355 3968 1412 4008 ut
1429 3959 1595 4007 Evan-
1664 3968 1780 4008 noto
1813 3960 1913 4008 ritu
1947 3963 2045 4009 τᾶν
2079 3959 2253 4022 ξενίαν,
2282 3976 2541 4010 munerum
2571 3962 2785 4026 hospita-

467 4024 556 4072 der
591 4027 696 4086 ejus
729 4021 952 4071 notitiam
993 4023 1174 4070 habere
1213 4032 1393 4098 posset.
1467 4023 1597 4072 Sane
1661 4023 1796 4082 lium,
1822 4039 1885 4071 ex
1902 4040 2109 4086 quorum
2130 4025 2291 4088 pretio
2313 4036 2364 4074 et
2394 4035 2499 4074 arte
2526 4035 2661 4074 tanto
2682 4041 2785 4074 ma·

469 4088 666 4151 quidem
688 4087 769 4151 qui
793 4087 1069 4136 Homerum
1095 4087 1282 4151 legent,
1306 4086 1447 4135 facile
1469 4087 1512 4136 is
1544 4087 1596 4135 in
1654 4089 1735 4149 jor
1756 4087 1913 4136 honos
1934 4091 2241 4138 accrescebat
2264 4089 2310 4138 ei
2332 4090 2417 4154 qui
2440 4105 2499 4139 ea
2518 4100 2785 4156 acceperat.

468 4153 562 4200 boc
596 4161 923 4200 commentum
957 4151 1168 4207 incidam
1199 4151 1288 4199 sed
1319 4151 1478 4200 facere
1502 4152 1597 4200 hoc
1730 4151 1836 4202 171.
1871 4155 2111 4202 Auxilium
2134 4163 2185 4202 et
2206 4171 2324 4216 opes,
2347 4155 2395 4202 h.
2432 4170 2491 4203 ea
2524 4153 2699 4217 quibus
2728 4154 2787 4204 ad

469 4216 634 4292 debito
665 4215 770 4264 loco
792 4225 842 4263 et
873 4223 1109 4280 tempore,
1146 4215 1198 4263 id
1219 4231 1336 4264 vero
1358 4225 1434 4264 est
1467 4215 1596 4278 quod
1661 4216 1842 4292 bellum
1875 4218 2145 4281 gerendum
2176 4217 2377 4281 Trojani
2411 4218 2590 4268 instrui
2622 4227 2673 4267 et
2708 4233 2783 4268 or·

467 4295 672 4390 mgledgu
673 4287 908 4390 111γέοέὸῖ
920 4281 1346 4404 weit-²2:121?
1345 4281 1595 4394 beli-nudus
1659 4291 2031 4398 mago-teliz&
2065 4346 2233 4396 Nolim
2263 4349 2473 4411 jungere
2503 4351 2785 4410 precipuum

471 4408 523 4456 in
551 4407 769 4454 Homero
791 4406 964 4468 Odyss.
989 4417 1038 4466 λ,
1063 4409 1171 4465 318,
1197 4409 1305 4456 319.
1662 4418 1769 4468 toro,
1812 4411 1941 4472 quod
1982 4410 2187 4477 impedit
2226 4410 2441 4476 reliqus;
2494 4412 2580 4463 sed
2618 4415 2785 4475 accipis
