<?xml version="1.0" encoding="UTF-8"?>
<!DOCTYPE html PUBLIC "-//W3C//DTD XHTML 1.0 Transitional//EN"
    "http://www.w3.org/TR/xhtml1/DTD/xhtml1-transitional.dtd">
<html xmlns="http://www.w3.org/1999/xhtml" xml:lang="en" lang="en">
 <head>
  <title>
</title>
<meta http-equiv="Content-Type" content="text/html;charset=utf-8" />
  <meta name='ocr-system' content='tesseract 3.04.00' />
  <meta name='ocr-capabilities' content='ocr_page ocr_carea ocr_par ocr_line ocrx_word'/>
</head>
<body>
  <div class='ocr_page' id='page_1' title='image "./publiivirgiliim00unkngoog_0523.png"; bbox 0 0 3050 4934; ppageno 0'>
   <div class='ocr_carea' id='block_1_1' title="bbox 502 250 633 310">
    <p class='ocr_par' dir='ltr' id='par_1_1' title="bbox 502 250 633 310">
     <span class='ocr_line' id='line_1_1' title="bbox 502 250 633 310; baseline 0 0"><span class='ocrx_word' id='word_1_1' title='bbox 502 250 633 310; x_wconf 86' lang='grc'><strong>512</strong></span> 
     </span>
    </p>
   </div>
   <div class='ocr_carea' id='block_1_2' title="bbox 1397 241 1926 309">
    <p class='ocr_par' dir='ltr' id='par_1_2' title="bbox 1397 241 1926 309">
     <span class='ocr_line' id='line_1_2' title="bbox 1397 241 1926 309; baseline -0.004 0"><span class='ocrx_word' id='word_1_2' title='bbox 1397 241 1926 309; x_wconf 88' lang='lat' dir='ltr'>AENEIDOS</span> 
     </span>
    </p>
   </div>
   <div class='ocr_carea' id='block_1_3' title="bbox 502 390 2418 979">
    <p class='ocr_par' dir='ltr' id='par_1_3' title="bbox 502 390 2418 979">
     <span class='ocr_line' id='line_1_3' title="bbox 677 390 2198 459; baseline -0.001 -1"><span class='ocrx_word' id='word_1_3' title='bbox 677 394 883 459; x_wconf 80' lang='lat' dir='ltr'>Posse</span> <span class='ocrx_word' id='word_1_4' title='bbox 914 394 1081 457; x_wconf 83' lang='lat' dir='ltr'><strong>viam</strong></span> <span class='ocrx_word' id='word_1_5' title='bbox 1108 393 1195 457; x_wconf 83' lang='lat' dir='ltr'><strong>ad</strong></span> <span class='ocrx_word' id='word_1_6' title='bbox 1224 413 1443 455; x_wconf 88' lang='lat' dir='ltr'><strong>muros</strong></span> <span class='ocrx_word' id='word_1_7' title='bbox 1474 401 1546 456; x_wconf 91' lang='lat' dir='ltr'><strong>et</strong></span> <span class='ocrx_word' id='word_1_8' title='bbox 1571 391 1810 457; x_wconf 81' lang='lat' dir='ltr'><strong>moenia</strong></span> <span class='ocrx_word' id='word_1_9' title='bbox 1839 390 2198 457; x_wconf 71' lang='lat' dir='ltr'><strong>Pallantea.</strong></span> 
     </span>
     <span class='ocr_line' id='line_1_4' title="bbox 676 490 2232 578; baseline -0.002 -19"><span class='ocrx_word' id='word_1_10' title='bbox 676 494 1043 578; x_wconf 79' lang='lat' dir='ltr'><strong>Obstupuit</strong></span> <span class='ocrx_word' id='word_1_11' title='bbox 1070 514 1307 576; x_wconf 84' lang='lat' dir='ltr'><strong>magno</strong></span> <span class='ocrx_word' id='word_1_12' title='bbox 1332 490 1600 557; x_wconf 83' lang='lat' dir='ltr'><strong>laudum</strong></span> <span class='ocrx_word' id='word_1_13' title='bbox 1631 514 1984 576; x_wconf 89' lang='lat' dir='ltr'><strong>percussus</strong></span> <span class='ocrx_word' id='word_1_14' title='bbox 2013 514 2232 556; x_wconf 83' lang='lat' dir='ltr'><strong>amore</strong></span> 
     </span>
     <span class='ocr_line' id='line_1_5' title="bbox 674 590 2391 677; baseline -0.002 -19"><span class='ocrx_word' id='word_1_15' title='bbox 674 593 1043 677; x_wconf 78' lang='lat' dir='ltr'><strong>Euryalus3</strong></span> <span class='ocrx_word' id='word_1_16' title='bbox 1087 590 1279 657; x_wconf 85' lang='lat' dir='ltr'><strong>simul</strong></span> <span class='ocrx_word' id='word_1_17' title='bbox 1306 590 1411 655; x_wconf 85' lang='lat' dir='ltr'><strong>his</strong></span> <span class='ocrx_word' id='word_1_18' title='bbox 1440 594 1780 656; x_wconf 82' lang='lat' dir='ltr'><strong>ardentem</strong></span> <span class='ocrx_word' id='word_1_19' title='bbox 1809 591 2052 657; x_wconf 82' lang='lat' dir='ltr'><strong>affatur</strong></span> <span class='ocrx_word' id='word_1_20' title='bbox 2079 592 2356 657; x_wconf 85' lang='lat' dir='ltr'><strong>amicum</strong></span> <span class='ocrx_word' id='word_1_21' title='bbox 2372 617 2391 655; x_wconf 78' lang='lat' dir='ltr'><strong><em>z</em></strong></span> 
     </span>
     <span class='ocr_line' id='line_1_6' title="bbox 676 692 2320 778; baseline -0.001 -20"><span class='ocrx_word' id='word_1_22' title='bbox 676 694 877 759; x_wconf 87' lang='lat' dir='ltr'>Mene</span> <span class='ocrx_word' id='word_1_23' title='bbox 907 696 1106 778; x_wconf 88' lang='lat' dir='ltr'><strong>igitur</strong></span> <span class='ocrx_word' id='word_1_24' title='bbox 1138 695 1385 758; x_wconf 89' lang='lat' dir='ltr'><strong>socium</strong></span> <span class='ocrx_word' id='word_1_25' title='bbox 1412 694 1676 757; x_wconf 88' lang='lat' dir='ltr'><strong>summis</strong></span> <span class='ocrx_word' id='word_1_26' title='bbox 1707 692 2068 777; x_wconf 85' lang='lat' dir='ltr'><strong>adjungere</strong></span> <span class='ocrx_word' id='word_1_27' title='bbox 2099 694 2320 769; x_wconf 86' lang='lat' dir='ltr'><strong>rebus,</strong></span> 
     </span>
     <span class='ocr_line' id='line_1_7' title="bbox 502 792 2418 878; baseline 0 -19"><span class='ocrx_word' id='word_1_28' title='bbox 502 795 633 859; x_wconf 95' lang='grc'><strong>200</strong></span> <span class='ocrx_word' id='word_1_29' title='bbox 675 795 867 871; x_wconf 86' lang='lat' dir='ltr'><strong>Nise,</strong></span> <span class='ocrx_word' id='word_1_30' title='bbox 898 794 1116 878; x_wconf 71' lang='lat' dir='ltr'><strong>fugis?</strong></span> <span class='ocrx_word' id='word_1_31' title='bbox 1164 792 1373 859; x_wconf 89' lang='lat' dir='ltr'><strong>solum</strong></span> <span class='ocrx_word' id='word_1_32' title='bbox 1401 805 1468 856; x_wconf 90' lang='lat' dir='ltr'><strong>te</strong></span> <span class='ocrx_word' id='word_1_33' title='bbox 1498 795 1566 857; x_wconf 88' lang='lat' dir='ltr'><strong>in</strong></span> <span class='ocrx_word' id='word_1_34' title='bbox 1597 804 1778 857; x_wconf 81' lang='lat' dir='ltr'><strong>tanta</strong></span> <span class='ocrx_word' id='word_1_35' title='bbox 1805 793 2098 877; x_wconf 80' lang='lat' dir='ltr'><strong>pericula</strong></span> <span class='ocrx_word' id='word_1_36' title='bbox 2125 796 2418 859; x_wconf 70' lang='lat' dir='ltr'><strong>mittam?</strong></span> 
     </span>
     <span class='ocr_line' id='line_1_8' title="bbox 672 892 2322 979; baseline -0.001 -19"><span class='ocrx_word' id='word_1_37' title='bbox 672 896 831 960; x_wconf 90' lang='lat' dir='ltr'><strong>Non</strong></span> <span class='ocrx_word' id='word_1_38' title='bbox 858 896 949 959; x_wconf 87' lang='lat' dir='ltr'><strong>ita</strong></span> <span class='ocrx_word' id='word_1_39' title='bbox 976 918 1079 959; x_wconf 89' lang='lat' dir='ltr'><strong>me</strong></span> <span class='ocrx_word' id='word_1_40' title='bbox 1108 896 1387 979; x_wconf 88' lang='lat' dir='ltr'><strong>genitor,</strong></span> <span class='ocrx_word' id='word_1_41' title='bbox 1418 892 1606 959; x_wconf 85' lang='lat' dir='ltr'><strong>bellis</strong></span> <span class='ocrx_word' id='word_1_42' title='bbox 1635 905 1962 971; x_wconf 78' lang='lat' dir='ltr'><strong>assuetuS,</strong></span> <span class='ocrx_word' id='word_1_43' title='bbox 1993 894 2322 978; x_wconf 79' lang='lat' dir='ltr'><strong>Opheltes</strong></span> 
     </span>
    </p>
   </div>
   <div class='ocr_carea' id='block_1_4' title="bbox 500 994 2554 2793">
    <p class='ocr_par' dir='ltr' id='par_1_4' title="bbox 500 994 2554 2793">
     <span class='ocr_line' id='line_1_9' title="bbox 674 994 2273 1081; baseline -0.001 -21"><span class='ocrx_word' id='word_1_44' title='bbox 674 995 1055 1081; x_wconf 88' lang='lat' dir='ltr'><strong>Argolicum</strong></span> <span class='ocrx_word' id='word_1_45' title='bbox 1080 1008 1402 1059; x_wconf 74' lang='lat' dir='ltr'><strong>terrorem</strong></span> <span class='ocrx_word' id='word_1_46' title='bbox 1430 996 1604 1057; x_wconf 86' lang='lat' dir='ltr'><strong>inter</strong></span> <span class='ocrx_word' id='word_1_47' title='bbox 1630 994 1988 1078; x_wconf 87' lang='lat' dir='ltr'><strong>Trojaeque</strong></span> <span class='ocrx_word' id='word_1_48' title='bbox 2013 994 2273 1059; x_wconf 81' lang='lat' dir='ltr'><strong>labores</strong></span> 
     </span>
     <span class='ocr_line' id='line_1_10' title="bbox 603 1094 2148 1181; baseline -0.002 -19"><span class='ocrx_word' id='word_1_49' title='bbox 603 1172 611 1181; x_wconf 39' lang='lat'>‚</span> <span class='ocrx_word' id='word_1_50' title='bbox 678 1098 1021 1162; x_wconf 77' lang='lat' dir='ltr'><strong>Sublatam</strong></span> <span class='ocrx_word' id='word_1_51' title='bbox 1050 1097 1324 1173; x_wconf 81' lang='lat' dir='ltr'><strong>erudiit3</strong></span> <span class='ocrx_word' id='word_1_52' title='bbox 1370 1116 1491 1159; x_wconf 90' lang='lat' dir='ltr'><strong>nec</strong></span> <span class='ocrx_word' id='word_1_53' title='bbox 1522 1106 1738 1159; x_wconf 90' lang='lat' dir='ltr'><strong>tecum</strong></span> <span class='ocrx_word' id='word_1_54' title='bbox 1767 1094 1920 1159; x_wconf 79' lang='lat' dir='ltr'><strong>talia</strong></span> <span class='ocrx_word' id='word_1_55' title='bbox 1950 1096 2148 1179; x_wconf 80' lang='lat' dir='ltr'>gessi,</span> 
     </span>
     <span class='ocr_line' id='line_1_11' title="bbox 676 1194 2358 1283; baseline 0 -21"><span class='ocrx_word' id='word_1_56' title='bbox 676 1199 1163 1283; x_wconf 82' lang='lat' dir='ltr'><strong>Magnanimum</strong></span> <span class='ocrx_word' id='word_1_57' title='bbox 1192 1196 1457 1260; x_wconf 81' lang='lat' dir='ltr'><strong>AEnean</strong></span> <span class='ocrx_word' id='word_1_58' title='bbox 1484 1206 1556 1259; x_wconf 92' lang='lat' dir='ltr'><strong>et</strong></span> <span class='ocrx_word' id='word_1_59' title='bbox 1583 1194 1720 1261; x_wconf 82' lang='lat' dir='ltr'><strong>fata</strong></span> <span class='ocrx_word' id='word_1_60' title='bbox 1747 1206 2042 1261; x_wconf 82' lang='lat' dir='ltr'><strong>extrema</strong></span> <span class='ocrx_word' id='word_1_61' title='bbox 2071 1207 2358 1262; x_wconf 86' lang='lat' dir='ltr'><strong>secutus.</strong></span> 
     </span>
     <span class='ocr_line' id='line_1_12' title="bbox 500 1295 2306 1375; baseline -0.001 -12"><span class='ocrx_word' id='word_1_62' title='bbox 500 1300 630 1363; x_wconf 86' lang='grc'><strong>205</strong></span> <span class='ocrx_word' id='word_1_63' title='bbox 674 1300 803 1364; x_wconf 91' lang='lat' dir='ltr'><strong>Est</strong></span> <span class='ocrx_word' id='word_1_64' title='bbox 830 1299 961 1375; x_wconf 88' lang='lat' dir='ltr'><strong>hic,</strong></span> <span class='ocrx_word' id='word_1_65' title='bbox 990 1309 1097 1363; x_wconf 89' lang='lat' dir='ltr'><strong>est</strong></span> <span class='ocrx_word' id='word_1_66' title='bbox 1124 1298 1373 1361; x_wconf 86' lang='lat' dir='ltr'><strong>animus</strong></span> <span class='ocrx_word' id='word_1_67' title='bbox 1400 1295 1564 1360; x_wconf 86' lang='lat' dir='ltr'><strong>lucis</strong></span> <span class='ocrx_word' id='word_1_68' title='bbox 1595 1307 1980 1373; x_wconf 84' lang='lat' dir='ltr'><strong>contemtor,</strong></span> <span class='ocrx_word' id='word_1_69' title='bbox 2011 1308 2080 1361; x_wconf 87' lang='lat' dir='ltr'><strong>et</strong></span> <span class='ocrx_word' id='word_1_70' title='bbox 2109 1298 2306 1362; x_wconf 88' lang='lat' dir='ltr'><strong>istum</strong></span> 
     </span>
     <span class='ocr_line' id='line_1_13' title="bbox 675 1397 2402 1480; baseline 0 -17"><span class='ocrx_word' id='word_1_71' title='bbox 675 1401 813 1472; x_wconf 85' lang='lat' dir='ltr'><strong>Qui</strong></span> <span class='ocrx_word' id='word_1_72' title='bbox 842 1402 973 1464; x_wconf 83' lang='lat' dir='ltr'><strong>vita</strong></span> <span class='ocrx_word' id='word_1_73' title='bbox 998 1400 1167 1463; x_wconf 87' lang='lat' dir='ltr'><strong>bene</strong></span> <span class='ocrx_word' id='word_1_74' title='bbox 1198 1398 1427 1461; x_wconf 80' lang='lat' dir='ltr'><strong>credat</strong></span> <span class='ocrx_word' id='word_1_75' title='bbox 1452 1398 1604 1473; x_wconf 86' lang='lat' dir='ltr'><strong>emi,</strong></span> <span class='ocrx_word' id='word_1_76' title='bbox 1633 1419 1769 1480; x_wconf 85' lang='lat' dir='ltr'><strong>quo</strong></span> <span class='ocrx_word' id='word_1_77' title='bbox 1797 1398 2036 1475; x_wconf 76' lang='lat' dir='ltr'><strong>tendiS,</strong></span> <span class='ocrx_word' id='word_1_78' title='bbox 2065 1397 2402 1463; x_wconf 87' lang='lat' dir='ltr'><strong>honorem.</strong></span> 
     </span>
     <span class='ocr_line' id='line_1_14' title="bbox 678 1497 2420 1581; baseline 0 -18"><span class='ocrx_word' id='word_1_79' title='bbox 678 1500 887 1564; x_wconf 86' lang='lat' dir='ltr'>Nisus</span> <span class='ocrx_word' id='word_1_80' title='bbox 918 1501 1005 1564; x_wconf 85' lang='lat' dir='ltr'><strong>ad</strong></span> <span class='ocrx_word' id='word_1_81' title='bbox 1033 1500 1213 1564; x_wconf 85' lang='lat' dir='ltr'><strong>haec:</strong></span> <span class='ocrx_word' id='word_1_82' title='bbox 1261 1497 1592 1581; x_wconf 86' lang='lat' dir='ltr'><strong>Equidem</strong></span> <span class='ocrx_word' id='word_1_83' title='bbox 1621 1498 1706 1561; x_wconf 89' lang='lat' dir='ltr'><strong>de</strong></span> <span class='ocrx_word' id='word_1_84' title='bbox 1736 1509 1800 1562; x_wconf 90' lang='lat' dir='ltr'><strong>te</strong></span> <span class='ocrx_word' id='word_1_85' title='bbox 1831 1497 1922 1561; x_wconf 91' lang='lat' dir='ltr'><strong>nil</strong></span> <span class='ocrx_word' id='word_1_86' title='bbox 1951 1498 2078 1563; x_wconf 84' lang='lat' dir='ltr'><strong>tale</strong></span> <span class='ocrx_word' id='word_1_87' title='bbox 2109 1501 2420 1579; x_wconf 81' lang='lat' dir='ltr'><strong>verebar3</strong></span> 
     </span>
     <span class='ocr_line' id='line_1_15' title="bbox 674 1597 2554 1684; baseline 0.001 -21"><span class='ocrx_word' id='word_1_88' title='bbox 674 1600 823 1664; x_wconf 91' lang='lat' dir='ltr'><strong>Nec</strong></span> <span class='ocrx_word' id='word_1_89' title='bbox 850 1599 988 1677; x_wconf 80' lang='lat' dir='ltr'><strong>fas;</strong></span> <span class='ocrx_word' id='word_1_90' title='bbox 1034 1622 1187 1664; x_wconf 88' lang='lat' dir='ltr'><strong>non.</strong></span> <span class='ocrx_word' id='word_1_91' title='bbox 1263 1597 1367 1662; x_wconf 85' lang='lat' dir='ltr'><strong>Ita</strong></span> <span class='ocrx_word' id='word_1_92' title='bbox 1394 1620 1495 1662; x_wconf 91' lang='lat' dir='ltr'><strong>me</strong></span> <span class='ocrx_word' id='word_1_93' title='bbox 1526 1597 1772 1662; x_wconf 81' lang='lat' dir='ltr'><strong>referat</strong></span> <span class='ocrx_word' id='word_1_94' title='bbox 1801 1600 1920 1662; x_wconf 89' lang='lat' dir='ltr'><strong>tibi</strong></span> <span class='ocrx_word' id='word_1_95' title='bbox 1949 1622 2221 1684; x_wconf 84' lang='lat' dir='ltr'><strong>magnus</strong></span> <span class='ocrx_word' id='word_1_96' title='bbox 2252 1612 2554 1665; x_wconf 79' lang='lat' dir='ltr'><strong>ovantem</strong></span> 
     </span>
     <span class='ocr_line' id='line_1_16' title="bbox 675 1699 2504 1786; baseline 0.002 -22"><span class='ocrx_word' id='word_1_97' title='bbox 675 1700 961 1786; x_wconf 82' lang='lat' dir='ltr'><strong>Jupiter,</strong></span> <span class='ocrx_word' id='word_1_98' title='bbox 994 1712 1111 1765; x_wconf 86' lang='lat' dir='ltr'><strong>aut</strong></span> <span class='ocrx_word' id='word_1_99' title='bbox 1136 1701 1526 1785; x_wconf 87' lang='lat' dir='ltr'><strong>quicumque</strong></span> <span class='ocrx_word' id='word_1_100' title='bbox 1559 1699 1762 1765; x_wconf 90' lang='lat' dir='ltr'><strong>oculis</strong></span> <span class='ocrx_word' id='word_1_101' title='bbox 1792 1699 1936 1764; x_wconf 84' lang='lat' dir='ltr'><strong>haec</strong></span> <span class='ocrx_word' id='word_1_102' title='bbox 1965 1701 2247 1784; x_wconf 83' lang='lat' dir='ltr'><strong>adspicit</strong></span> <span class='ocrx_word' id='word_1_103' title='bbox 2275 1703 2504 1786; x_wconf 83' lang='lat' dir='ltr'><strong>aequis.</strong></span> 
     </span>
     <span class='ocr_line' id='line_1_17' title="bbox 504 1799 2337 1887; baseline 0.001 -22"><span class='ocrx_word' id='word_1_104' title='bbox 504 1802 635 1866; x_wconf 88' lang='grc'><strong>210</strong></span> <span class='ocrx_word' id='word_1_105' title='bbox 680 1802 837 1880; x_wconf 90' lang='lat' dir='ltr'><strong>Sed,</strong></span> <span class='ocrx_word' id='word_1_106' title='bbox 870 1803 925 1866; x_wconf 92' lang='lat' dir='ltr'><strong>si</strong></span> <span class='ocrx_word' id='word_1_107' title='bbox 954 1803 1099 1886; x_wconf 87' lang='lat' dir='ltr'><strong>quis</strong></span> <span class='ocrx_word' id='word_1_108' title='bbox 1130 1803 1302 1887; x_wconf 84' lang='lat' dir='ltr'><strong>(quae</strong></span> <span class='ocrx_word' id='word_1_109' title='bbox 1330 1799 1534 1866; x_wconf 84' lang='lat' dir='ltr'><strong>multa</strong></span> <span class='ocrx_word' id='word_1_110' title='bbox 1563 1801 1745 1865; x_wconf 82' lang='lat' dir='ltr'><strong>vides</strong></span> <span class='ocrx_word' id='word_1_111' title='bbox 1777 1802 2145 1866; x_wconf 88' lang='lat' dir='ltr'><strong>discrimine</strong></span> <span class='ocrx_word' id='word_1_112' title='bbox 2175 1800 2337 1885; x_wconf 79' lang='lat' dir='ltr'><strong>tali),</strong></span> 
     </span>
     <span class='ocr_line' id='line_1_18' title="bbox 674 1902 2290 1988; baseline 0 -21"><span class='ocrx_word' id='word_1_113' title='bbox 674 1904 747 1967; x_wconf 93' lang='lat' dir='ltr'><strong>Si</strong></span> <span class='ocrx_word' id='word_1_114' title='bbox 776 1904 921 1988; x_wconf 90' lang='lat' dir='ltr'><strong>quis</strong></span> <span class='ocrx_word' id='word_1_115' title='bbox 950 1905 1017 1967; x_wconf 92' lang='lat' dir='ltr'><strong>in</strong></span> <span class='ocrx_word' id='word_1_116' title='bbox 1048 1904 1393 1968; x_wconf 84' lang='lat' dir='ltr'><strong>adversum</strong></span> <span class='ocrx_word' id='word_1_117' title='bbox 1422 1903 1656 1988; x_wconf 83' lang='lat' dir='ltr'><strong>rapiat,</strong></span> <span class='ocrx_word' id='word_1_118' title='bbox 1689 1924 1984 1979; x_wconf 82' lang='lat' dir='ltr'><strong>casusve,</strong></span> <span class='ocrx_word' id='word_1_119' title='bbox 2016 1902 2290 1980; x_wconf 86' lang='lat' dir='ltr'><strong>deusve,</strong></span> 
     </span>
     <span class='ocr_line' id='line_1_19' title="bbox 680 2003 2234 2089; baseline -0.001 -21"><span class='ocrx_word' id='word_1_120' title='bbox 680 2004 783 2069; x_wconf 90' lang='lat' dir='ltr'><strong>Te</strong></span> <span class='ocrx_word' id='word_1_121' title='bbox 816 2026 1161 2089; x_wconf 85' lang='lat' dir='ltr'><strong>superesse</strong></span> <span class='ocrx_word' id='word_1_122' title='bbox 1192 2003 1417 2083; x_wconf 80' lang='lat' dir='ltr'><strong>velim3</strong></span> <span class='ocrx_word' id='word_1_123' title='bbox 1462 2014 1578 2069; x_wconf 81' lang='lat' dir='ltr'><strong>tua</strong></span> <span class='ocrx_word' id='word_1_124' title='bbox 1605 2004 1738 2069; x_wconf 82' lang='lat' dir='ltr'><strong>vita</strong></span> <span class='ocrx_word' id='word_1_125' title='bbox 1765 2004 2020 2088; x_wconf 83' lang='lat' dir='ltr'><strong>dignior</strong></span> <span class='ocrx_word' id='word_1_126' title='bbox 2051 2014 2234 2067; x_wconf 83' lang='lat' dir='ltr'><strong>aetas.</strong></span> 
     </span>
     <span class='ocr_line' id='line_1_20' title="bbox 676 2104 2354 2189; baseline 0.001 -22"><span class='ocrx_word' id='word_1_127' title='bbox 676 2104 799 2181; x_wconf 92' lang='lat' dir='ltr'><strong>Sit,</strong></span> <span class='ocrx_word' id='word_1_128' title='bbox 830 2106 943 2188; x_wconf 89' lang='lat' dir='ltr'><strong>qui</strong></span> <span class='ocrx_word' id='word_1_129' title='bbox 970 2127 1075 2169; x_wconf 90' lang='lat' dir='ltr'><strong>me</strong></span> <span class='ocrx_word' id='word_1_130' title='bbox 1102 2115 1365 2189; x_wconf 83' lang='lat' dir='ltr'><strong>raptum</strong></span> <span class='ocrx_word' id='word_1_131' title='bbox 1392 2126 1638 2188; x_wconf 82' lang='lat' dir='ltr'><strong>pugna,</strong></span> <span class='ocrx_word' id='word_1_132' title='bbox 1669 2104 1960 2188; x_wconf 87' lang='lat' dir='ltr'><strong>pretiove</strong></span> <span class='ocrx_word' id='word_1_133' title='bbox 1990 2104 2354 2169; x_wconf 90' lang='lat' dir='ltr'><strong>redemtum</strong></span> 
     </span>
     <span class='ocr_line' id='line_1_21' title="bbox 674 2202 2550 2289; baseline 0.003 -22"><span class='ocrx_word' id='word_1_134' title='bbox 674 2202 953 2270; x_wconf 84' lang='lat' dir='ltr'><strong>Mandet</strong></span> <span class='ocrx_word' id='word_1_135' title='bbox 982 2205 1181 2269; x_wconf 89' lang='lat' dir='ltr'><strong>humo</strong></span> <span class='ocrx_word' id='word_1_136' title='bbox 1212 2204 1435 2282; x_wconf 83' lang='lat' dir='ltr'><strong>solita3</strong></span> <span class='ocrx_word' id='word_1_137' title='bbox 1481 2215 1620 2282; x_wconf 82' lang='lat' dir='ltr'><strong>aut,</strong></span> <span class='ocrx_word' id='word_1_138' title='bbox 1651 2206 1708 2269; x_wconf 89' lang='lat' dir='ltr'><strong>si</strong></span> <span class='ocrx_word' id='word_1_139' title='bbox 1733 2228 1866 2289; x_wconf 88' lang='lat' dir='ltr'><strong>qua</strong></span> <span class='ocrx_word' id='word_1_140' title='bbox 1891 2206 1961 2271; x_wconf 92' lang='lat' dir='ltr'><strong>id</strong></span> <span class='ocrx_word' id='word_1_141' title='bbox 1991 2204 2252 2269; x_wconf 82' lang='lat' dir='ltr'><strong>fortuna</strong></span> <span class='ocrx_word' id='word_1_142' title='bbox 2279 2207 2550 2284; x_wconf 79' lang='lat' dir='ltr'><strong>vetabit,</strong></span> 
     </span>
     <span class='ocr_line' id='line_1_22' title="bbox 502 2303 2300 2392; baseline 0.003 -23"><span class='ocrx_word' id='word_1_143' title='bbox 502 2306 633 2369; x_wconf 83' lang='grc'><strong>215</strong></span> <span class='ocrx_word' id='word_1_144' title='bbox 673 2303 957 2369; x_wconf 85' lang='lat' dir='ltr'><strong>Absenti</strong></span> <span class='ocrx_word' id='word_1_145' title='bbox 985 2303 1154 2369; x_wconf 84' lang='lat' dir='ltr'><strong>ferat</strong></span> <span class='ocrx_word' id='word_1_146' title='bbox 1180 2304 1466 2386; x_wconf 87' lang='lat' dir='ltr'><strong>inferias,</strong></span> <span class='ocrx_word' id='word_1_147' title='bbox 1500 2305 1897 2392; x_wconf 89' lang='lat' dir='ltr'><strong>decoretque</strong></span> <span class='ocrx_word' id='word_1_148' title='bbox 1929 2305 2300 2390; x_wconf 80' lang='lat' dir='ltr'><strong>sepulchro.</strong></span> 
     </span>
     <span class='ocr_line' id='line_1_23' title="bbox 682 2394 2356 2487; baseline 0.001 -16"><span class='ocrx_word' id='word_1_149' title='bbox 682 2404 841 2471; x_wconf 89' lang='lat' dir='ltr'><strong>Neu</strong></span> <span class='ocrx_word' id='word_1_150' title='bbox 866 2407 1055 2470; x_wconf 79' lang='lat' dir='ltr'><strong>matri</strong></span> <span class='ocrx_word' id='word_1_151' title='bbox 1082 2405 1335 2470; x_wconf 85' lang='lat' dir='ltr'><strong>miserae</strong></span> <span class='ocrx_word' id='word_1_152' title='bbox 1364 2405 1529 2470; x_wconf 84' lang='lat' dir='ltr'><strong>tanti</strong></span> <span class='ocrx_word' id='word_1_153' title='bbox 1559 2406 1677 2469; x_wconf 90' lang='lat' dir='ltr'><strong>sim</strong></span> <span class='ocrx_word' id='word_1_154' title='bbox 1705 2428 1905 2470; x_wconf 84' lang='lat' dir='ltr'><strong>causa</strong></span> <span class='ocrx_word' id='word_1_155' title='bbox 1935 2405 2214 2487; x_wconf 85' lang='lat' dir='ltr'><strong>doloris3</strong></span> <span class='ocrx_word' id='word_1_156' title='bbox 2345 2394 2356 2403; x_wconf 64' lang='grc'><strong>’</strong></span> 
     </span>
     <span class='ocr_line' id='line_1_24' title="bbox 682 2505 2232 2592; baseline -0.001 -19"><span class='ocrx_word' id='word_1_157' title='bbox 682 2506 856 2581; x_wconf 78' lang='lat' dir='ltr'><strong>Quae</strong></span> <span class='ocrx_word' id='word_1_158' title='bbox 884 2518 949 2571; x_wconf 88' lang='lat' dir='ltr'><strong>te</strong></span> <span class='ocrx_word' id='word_1_159' title='bbox 980 2506 1140 2585; x_wconf 81' lang='lat' dir='ltr'><strong>sola,</strong></span> <span class='ocrx_word' id='word_1_160' title='bbox 1171 2529 1360 2592; x_wconf 88' lang='lat' dir='ltr'><strong>puer,</strong></span> <span class='ocrx_word' id='word_1_161' title='bbox 1390 2505 1608 2570; x_wconf 88' lang='lat' dir='ltr'><strong>multis</strong></span> <span class='ocrx_word' id='word_1_162' title='bbox 1639 2529 1676 2569; x_wconf 91' lang='lat' dir='ltr'><strong>e</strong></span> <span class='ocrx_word' id='word_1_163' title='bbox 1706 2508 2020 2571; x_wconf 87' lang='lat' dir='ltr'><strong>matribus</strong></span> <span class='ocrx_word' id='word_1_164' title='bbox 2049 2530 2232 2586; x_wconf 85' lang='lat' dir='ltr'><strong>ausa,</strong></span> 
     </span>
     <span class='ocr_line' id='line_1_25' title="bbox 672 2606 2322 2693; baseline 0.001 -20"><span class='ocrx_word' id='word_1_165' title='bbox 672 2608 1125 2691; x_wconf 87' lang='lat' dir='ltr'><strong>Persequitur,</strong></span> <span class='ocrx_word' id='word_1_166' title='bbox 1152 2609 1370 2693; x_wconf 85' lang='lat' dir='ltr'><strong>magni</strong></span> <span class='ocrx_word' id='word_1_167' title='bbox 1398 2628 1521 2671; x_wconf 89' lang='lat' dir='ltr'><strong>nec</strong></span> <span class='ocrx_word' id='word_1_168' title='bbox 1553 2608 1790 2671; x_wconf 82' lang='lat' dir='ltr'><strong>moenia</strong></span> <span class='ocrx_word' id='word_1_169' title='bbox 1819 2618 2006 2672; x_wconf 82' lang='lat' dir='ltr'><strong>curat</strong></span> <span class='ocrx_word' id='word_1_170' title='bbox 2033 2606 2322 2673; x_wconf 82' lang='lat' dir='ltr'><strong>Acestoe.</strong></span> 
     </span>
     <span class='ocr_line' id='line_1_26' title="bbox 674 2708 2359 2793; baseline 0.001 -18"><span class='ocrx_word' id='word_1_171' title='bbox 674 2708 791 2775; x_wconf 91' lang='lat' dir='ltr'><strong>Ille</strong></span> <span class='ocrx_word' id='word_1_172' title='bbox 822 2720 1073 2775; x_wconf 84' lang='lat' dir='ltr'><strong>autem:</strong></span> <span class='ocrx_word' id='word_1_173' title='bbox 1121 2708 1371 2773; x_wconf 86' lang='lat' dir='ltr'><strong>Causas</strong></span> <span class='ocrx_word' id='word_1_174' title='bbox 1402 2708 1842 2793; x_wconf 81' lang='lat' dir='ltr'><strong>nequidquam</strong></span> <span class='ocrx_word' id='word_1_175' title='bbox 1872 2711 2078 2776; x_wconf 88' lang='lat' dir='ltr'><strong>nectis</strong></span> <span class='ocrx_word' id='word_1_176' title='bbox 2109 2710 2332 2776; x_wconf 86' lang='lat' dir='ltr'><strong>inanes</strong></span> <span class='ocrx_word' id='word_1_177' title='bbox 2340 2759 2359 2789; x_wconf 91' lang='lat'><strong>,</strong></span> 
     </span>
    </p>
   </div>
   <div class='ocr_carea' id='block_1_5' title="bbox 490 2875 1626 4476">
    <p class='ocr_par' dir='ltr' id='par_1_5' title="bbox 492 2875 1626 3950">
     <span class='ocr_line' id='line_1_27' title="bbox 500 2875 1039 2926; baseline -0.009 0"><span class='ocrx_word' id='word_1_178' title='bbox 500 2886 657 2926; x_wconf 69' lang='lat' dir='ltr'><strong>terras</strong></span> <span class='ocrx_word' id='word_1_179' title='bbox 696 2890 851 2923; x_wconf 76' lang='lat' dir='ltr'><strong>versa.</strong></span> <span class='ocrx_word' id='word_1_180' title='bbox 924 2875 1039 2923; x_wconf 78' lang='lat' dir='ltr'><strong>Jam</strong></span> 
     </span>
     <span class='ocr_line' id='line_1_28' title="bbox 492 2938 975 3003; baseline -0.008 -14"><span class='ocrx_word' id='word_1_181' title='bbox 492 2948 647 3003; x_wconf 69' lang='lat' dir='ltr'><strong>ponto,</strong></span> <span class='ocrx_word' id='word_1_182' title='bbox 672 2956 716 2987; x_wconf 78' lang='lat' dir='ltr'><strong>v.</strong></span> <span class='ocrx_word' id='word_1_183' title='bbox 756 2940 867 2997; x_wconf 82' lang='grc'><strong>238,</strong></span> <span class='ocrx_word' id='word_1_184' title='bbox 900 2938 975 2986; x_wconf 78' lang='lat' dir='ltr'><strong>illi</strong></span> 
     </span>
     <span class='ocr_line' id='line_1_29' title="bbox 498 2999 1626 3066; baseline -0.005 -12"><span class='ocrx_word' id='word_1_185' title='bbox 498 3004 605 3053; x_wconf 76' lang='lat' dir='ltr'><strong>bias</strong></span> <span class='ocrx_word' id='word_1_186' title='bbox 638 3002 945 3066; x_wconf 72' lang='lat' dir='ltr'><strong>negligenter</strong></span> <span class='ocrx_word' id='word_1_187' title='bbox 980 3000 1237 3064; x_wconf 74' lang='lat' dir='ltr'><strong>agentibus</strong></span> <span class='ocrx_word' id='word_1_188' title='bbox 1277 3000 1339 3047; x_wconf 82' lang='lat' dir='ltr'><strong>ad</strong></span> <span class='ocrx_word' id='word_1_189' title='bbox 1384 2999 1626 3049; x_wconf 82' lang='lat' dir='ltr'><strong>tumulum</strong></span> 
     </span>
     <span class='ocr_line' id='line_1_30' title="bbox 503 3063 1624 3127; baseline -0.004 -11"><span class='ocrx_word' id='word_1_190' title='bbox 503 3068 704 3116; x_wconf 84' lang='lat' dir='ltr'><strong>tendere</strong></span> <span class='ocrx_word' id='word_1_191' title='bbox 728 3066 967 3123; x_wconf 79' lang='lat' dir='ltr'><strong>volebant,</strong></span> <span class='ocrx_word' id='word_1_192' title='bbox 990 3066 1081 3114; x_wconf 84' lang='lat' dir='ltr'><strong>sub</strong></span> <span class='ocrx_word' id='word_1_193' title='bbox 1112 3080 1209 3127; x_wconf 87' lang='lat' dir='ltr'><strong>quo</strong></span> <span class='ocrx_word' id='word_1_194' title='bbox 1244 3064 1371 3111; x_wconf 80' lang='lat' dir='ltr'><strong>viam</strong></span> <span class='ocrx_word' id='word_1_195' title='bbox 1394 3064 1457 3113; x_wconf 78' lang='lat' dir='ltr'><strong>ad</strong></span> <span class='ocrx_word' id='word_1_196' title='bbox 1480 3063 1624 3112; x_wconf 77' lang='lat' dir='ltr'><strong>Pala-</strong></span> 
     </span>
     <span class='ocr_line' id='line_1_31' title="bbox 499 3128 1624 3187; baseline -0.004 -7"><span class='ocrx_word' id='word_1_197' title='bbox 499 3132 625 3180; x_wconf 82' lang='lat' dir='ltr'><strong>tium</strong></span> <span class='ocrx_word' id='word_1_198' title='bbox 659 3146 697 3179; x_wconf 82' lang='lat' dir='ltr'><strong>s.</strong></span> <span class='ocrx_word' id='word_1_199' title='bbox 730 3132 1034 3187; x_wconf 69' lang='lat' dir='ltr'><strong>Pallanteum,</strong></span> <span class='ocrx_word' id='word_1_200' title='bbox 1070 3128 1241 3177; x_wconf 83' lang='lat' dir='ltr'><strong>urbem</strong></span> <span class='ocrx_word' id='word_1_201' title='bbox 1274 3128 1507 3185; x_wconf 74' lang='lat' dir='ltr'><strong>Evandri,</strong></span> <span class='ocrx_word' id='word_1_202' title='bbox 1543 3143 1624 3176; x_wconf 87' lang='lat' dir='ltr'><strong>re-</strong></span> 
     </span>
     <span class='ocr_line' id='line_1_32' title="bbox 497 3192 1620 3260; baseline -0.002 -17"><span class='ocrx_word' id='word_1_203' title='bbox 497 3194 651 3260; x_wconf 87' lang='lat' dir='ltr'><strong>periri</strong></span> <span class='ocrx_word' id='word_1_204' title='bbox 666 3210 765 3242; x_wconf 89' lang='lat' dir='ltr'><strong>non</strong></span> <span class='ocrx_word' id='word_1_205' title='bbox 784 3192 1083 3241; x_wconf 71' lang='lat' dir='ltr'><strong>dubitabant.</strong></span> <span class='ocrx_word' id='word_1_206' title='bbox 1140 3193 1451 3241; x_wconf 83' lang='lat' dir='ltr'><strong>Successerat</strong></span> <span class='ocrx_word' id='word_1_207' title='bbox 1470 3192 1620 3241; x_wconf 75' lang='lat' dir='ltr'><strong>auda-</strong></span> 
     </span>
     <span class='ocr_line' id='line_1_33' title="bbox 496 3256 1622 3322; baseline -0.004 -14"><span class='ocrx_word' id='word_1_208' title='bbox 496 3260 575 3308; x_wconf 75' lang='lat' dir='ltr'><strong>cia</strong></span> <span class='ocrx_word' id='word_1_209' title='bbox 596 3257 651 3307; x_wconf 90' lang='lat' dir='ltr'><strong>in</strong></span> <span class='ocrx_word' id='word_1_210' title='bbox 674 3260 879 3321; x_wconf 82' lang='lat' dir='ltr'><strong>trajectu</strong></span> <span class='ocrx_word' id='word_1_211' title='bbox 903 3273 995 3322; x_wconf 87' lang='lat' dir='ltr'><strong>per</strong></span> <span class='ocrx_word' id='word_1_212' title='bbox 1016 3256 1229 3305; x_wconf 84' lang='lat' dir='ltr'><strong>Rutulos</strong></span> <span class='ocrx_word' id='word_1_213' title='bbox 1248 3256 1390 3313; x_wconf 77' lang='lat' dir='ltr'><strong>facto,</strong></span> <span class='ocrx_word' id='word_1_214' title='bbox 1416 3265 1466 3304; x_wconf 91' lang='lat' dir='ltr'><strong>et</strong></span> <span class='ocrx_word' id='word_1_215' title='bbox 1486 3257 1622 3315; x_wconf 67' lang='lat' dir='ltr'><strong>leva,</strong></span> 
     </span>
     <span class='ocr_line' id='line_1_34' title="bbox 498 3320 1625 3384; baseline -0.005 -10"><span class='ocrx_word' id='word_1_216' title='bbox 498 3340 545 3374; x_wconf 77' lang='lat' dir='ltr'><strong>v.</strong></span> <span class='ocrx_word' id='word_1_217' title='bbox 569 3323 678 3382; x_wconf 81' lang='grc'><strong>872,</strong></span> <span class='ocrx_word' id='word_1_218' title='bbox 702 3322 831 3371; x_wconf 78' lang='lat' dir='ltr'><strong>viam</strong></span> <span class='ocrx_word' id='word_1_219' title='bbox 864 3323 1109 3379; x_wconf 77' lang='lat' dir='ltr'><strong>tenebant,</strong></span> <span class='ocrx_word' id='word_1_220' title='bbox 1132 3336 1259 3377; x_wconf 81' lang='lat' dir='ltr'><strong>cum,</strong></span> <span class='ocrx_word' id='word_1_221' title='bbox 1283 3336 1411 3379; x_wconf 83' lang='lat' dir='ltr'><strong>ecce,</strong></span> <span class='ocrx_word' id='word_1_222' title='bbox 1436 3320 1625 3384; x_wconf 79' lang='lat' dir='ltr'><strong>equites</strong></span> 
     </span>
     <span class='ocr_line' id='line_1_35' title="bbox 497 3385 1620 3451; baseline -0.004 -14"><span class='ocrx_word' id='word_1_223' title='bbox 497 3404 529 3437; x_wconf 79' lang='lat' dir='ltr'><strong>a</strong></span> <span class='ocrx_word' id='word_1_224' title='bbox 544 3403 661 3451; x_wconf 87' lang='lat' dir='ltr'><strong>rege</strong></span> <span class='ocrx_word' id='word_1_225' title='bbox 685 3387 863 3436; x_wconf 78' lang='lat' dir='ltr'><strong>Latino</strong></span> <span class='ocrx_word' id='word_1_226' title='bbox 884 3386 1019 3435; x_wconf 81' lang='lat' dir='ltr'><strong>missi</strong></span> <span class='ocrx_word' id='word_1_227' title='bbox 1038 3401 1205 3434; x_wconf 82' lang='lat' dir='ltr'><strong>versus</strong></span> <span class='ocrx_word' id='word_1_228' title='bbox 1222 3396 1383 3433; x_wconf 71' lang='lat' dir='ltr'><strong>castra</strong></span> <span class='ocrx_word' id='word_1_229' title='bbox 1398 3385 1620 3433; x_wconf 76' lang='lat' dir='ltr'><strong>tendunt.</strong></span> 
     </span>
     <span class='ocr_line' id='line_1_36' title="bbox 496 3448 1623 3501; baseline -0.004 0"><span class='ocrx_word' id='word_1_230' title='bbox 496 3454 543 3501; x_wconf 81' lang='lat' dir='ltr'>A</span> <span class='ocrx_word' id='word_1_231' title='bbox 569 3453 817 3501; x_wconf 78' lang='lat' dir='ltr'><strong>Laurento</strong></span> <span class='ocrx_word' id='word_1_232' title='bbox 844 3452 965 3499; x_wconf 86' lang='lat' dir='ltr'><strong>urbe</strong></span> <span class='ocrx_word' id='word_1_233' title='bbox 999 3450 1077 3499; x_wconf 76' lang='lat' dir='ltr'><strong>vis</strong></span> <span class='ocrx_word' id='word_1_234' title='bbox 1110 3449 1377 3497; x_wconf 85' lang='lat' dir='ltr'><strong>secundum</strong></span> <span class='ocrx_word' id='word_1_235' title='bbox 1398 3448 1538 3497; x_wconf 82' lang='lat' dir='ltr'><strong>littus</strong></span> <span class='ocrx_word' id='word_1_236' title='bbox 1561 3449 1623 3497; x_wconf 83' lang='lat' dir='ltr'><strong>ad</strong></span> 
     </span>
     <span class='ocr_line' id='line_1_37' title="bbox 494 3512 1618 3589; baseline -0.003 -25"><span class='ocrx_word' id='word_1_237' title='bbox 494 3517 583 3565; x_wconf 78' lang='lat' dir='ltr'><strong>ina</strong></span> <span class='ocrx_word' id='word_1_238' title='bbox 598 3518 705 3567; x_wconf 80' lang='lat' dir='ltr'><strong>loca</strong></span> <span class='ocrx_word' id='word_1_239' title='bbox 732 3515 954 3563; x_wconf 74' lang='lat' dir='ltr'><strong>ducebat.</strong></span> <span class='ocrx_word' id='word_1_240' title='bbox 1012 3512 1321 3589; x_wconf 74' lang='lat' dir='ltr'><strong>Deprehensi</strong></span> <span class='ocrx_word' id='word_1_241' title='bbox 1352 3513 1367 3560; x_wconf 90' lang='lat' dir='ltr'><strong>i</strong></span> <span class='ocrx_word' id='word_1_242' title='bbox 1405 3513 1502 3562; x_wconf 84' lang='lat' dir='ltr'><strong>‘tur</strong></span> <span class='ocrx_word' id='word_1_243' title='bbox 1525 3514 1573 3561; x_wconf 92' lang='lat' dir='ltr'>N</span> <span class='ocrx_word' id='word_1_244' title='bbox 1577 3512 1618 3561; x_wconf 86' lang='lat' dir='ltr'><strong>i-</strong></span> 
     </span>
     <span class='ocr_line' id='line_1_38' title="bbox 494 3577 1529 3643; baseline -0.007 -12"><span class='ocrx_word' id='word_1_245' title='bbox 494 3596 581 3631; x_wconf 76' lang='lat' dir='ltr'><strong>sus</strong></span> <span class='ocrx_word' id='word_1_246' title='bbox 624 3590 677 3629; x_wconf 90' lang='lat' dir='ltr'><strong>et</strong></span> <span class='ocrx_word' id='word_1_247' title='bbox 728 3578 971 3643; x_wconf 71' lang='lat' dir='ltr'><strong>Euryalus</strong></span> <span class='ocrx_word' id='word_1_248' title='bbox 1012 3578 1207 3641; x_wconf 71' lang='lat' dir='ltr'><strong>fugiunt</strong></span> <span class='ocrx_word' id='word_1_249' title='bbox 1244 3577 1299 3625; x_wconf 90' lang='lat' dir='ltr'><strong>in</strong></span> <span class='ocrx_word' id='word_1_250' title='bbox 1404 3592 1435 3625; x_wconf 82' lang='lat' dir='ltr'>v</span> <span class='ocrx_word' id='word_1_251' title='bbox 1516 3612 1529 3634; x_wconf 88' lang='lat'><em>‚</em></span> 
     </span>
     <span class='ocr_line' id='line_1_39' title="bbox 494 3641 1620 3701; baseline -0.002 -8"><span class='ocrx_word' id='word_1_252' title='bbox 494 3644 605 3701; x_wconf 77' lang='lat'><strong>³78.</strong></span> <span class='ocrx_word' id='word_1_253' title='bbox 648 3644 999 3693; x_wconf 78' lang='lat' dir='ltr'><strong>Laurentium</strong></span> <span class='ocrx_word' id='word_1_254' title='bbox 1050 3642 1251 3701; x_wconf 83' lang='lat' dir='ltr'><strong>scilieet,</strong></span> <span class='ocrx_word' id='word_1_255' title='bbox 1290 3641 1421 3691; x_wconf 83' lang='lat' dir='ltr'><strong>unde</strong></span> <span class='ocrx_word' id='word_1_256' title='bbox 1464 3641 1620 3691; x_wconf 80' lang='lat' dir='ltr'><strong>Nisus</strong></span> 
     </span>
     <span class='ocr_line' id='line_1_40' title="bbox 497 3704 1619 3772; baseline -0.003 -15"><span class='ocrx_word' id='word_1_257' title='bbox 497 3708 697 3772; x_wconf 87' lang='lat' dir='ltr'><strong>quidem</strong></span> <span class='ocrx_word' id='word_1_258' title='bbox 732 3722 901 3756; x_wconf 83' lang='lat' dir='ltr'><strong>versus</strong></span> <span class='ocrx_word' id='word_1_259' title='bbox 934 3707 1093 3755; x_wconf 80' lang='lat' dir='ltr'><strong>lacum</strong></span> <span class='ocrx_word' id='word_1_260' title='bbox 1116 3707 1363 3755; x_wconf 79' lang='lat' dir='ltr'><strong>Albanum</strong></span> <span class='ocrx_word' id='word_1_261' title='bbox 1394 3704 1619 3764; x_wconf 76' lang='lat' dir='ltr'><strong>elabitur,</strong></span> 
     </span>
     <span class='ocr_line' id='line_1_41' title="bbox 494 3770 1616 3884; baseline -0.002 -63"><span class='ocrx_word' id='word_1_262' title='bbox 494 3788 540 3821; x_wconf 82' lang='lat' dir='ltr'><strong>v.</strong></span> <span class='ocrx_word' id='word_1_263' title='bbox 567 3774 661 3823; x_wconf 77' lang='grc'><strong>387</strong></span> <span class='ocrx_word' id='word_1_264' title='bbox 686 3788 804 3884; x_wconf 59' lang='lat'><strong>&#39;‘¹¹3‘’</strong></span> <span class='ocrx_word' id='word_1_265' title='bbox 829 3772 916 3821; x_wconf 87' lang='lat' dir='ltr'><strong>sed</strong></span> <span class='ocrx_word' id='word_1_266' title='bbox 940 3770 1206 3834; x_wconf 71' lang='lat' dir='ltr'><strong>Euryalum</strong></span> <span class='ocrx_word' id='word_1_267' title='bbox 1238 3786 1293 3819; x_wconf 84' lang='lat' dir='ltr'><strong>se</strong></span> <span class='ocrx_word' id='word_1_268' title='bbox 1324 3784 1425 3819; x_wconf 89' lang='lat' dir='ltr'><strong>non</strong></span> <span class='ocrx_word' id='word_1_269' title='bbox 1446 3771 1616 3819; x_wconf 84' lang='lat' dir='ltr'><strong>subse-</strong></span> 
     </span>
     <span class='ocr_line' id='line_1_42' title="bbox 493 3834 1619 3893; baseline -0.003 -7"><span class='ocrx_word' id='word_1_270' title='bbox 493 3846 663 3886; x_wconf 84' lang='lat' dir='ltr'><strong>cutum</strong></span> <span class='ocrx_word' id='word_1_271' title='bbox 684 3852 732 3884; x_wconf 73' lang='lat' dir='ltr'><strong>vi</strong></span> <span class='ocrx_word' id='word_1_272' title='bbox 768 3852 869 3893; x_wconf 88' lang='lat' dir='ltr'><strong>ens,</strong></span> <span class='ocrx_word' id='word_1_273' title='bbox 892 3834 1073 3883; x_wconf 77' lang='lat' dir='ltr'><strong>iterum</strong></span> <span class='ocrx_word' id='word_1_274' title='bbox 1094 3834 1157 3882; x_wconf 80' lang='lat' dir='ltr'><strong>ad</strong></span> <span class='ocrx_word' id='word_1_275' title='bbox 1190 3834 1361 3883; x_wconf 72' lang='lat' dir='ltr'><strong>silvam</strong></span> <span class='ocrx_word' id='word_1_276' title='bbox 1392 3850 1619 3884; x_wconf 73' lang='lat' dir='ltr'><strong>rever-sm</strong></span> 
     </span>
     <span class='ocr_line' id='line_1_43' title="bbox 492 3898 1227 3950; baseline -0.007 0"><span class='ocrx_word' id='word_1_277' title='bbox 492 3916 607 3950; x_wconf 86' lang='lat' dir='ltr'><strong>cum</strong></span> <span class='ocrx_word' id='word_1_278' title='bbox 627 3900 785 3949; x_wconf 74' lang='lat' dir='ltr'><strong>amico</strong></span> <span class='ocrx_word' id='word_1_279' title='bbox 806 3915 894 3948; x_wconf 87' lang='lat' dir='ltr'><strong>suo</strong></span> <span class='ocrx_word' id='word_1_280' title='bbox 916 3898 1227 3947; x_wconf 80' lang='lat' dir='ltr'><strong>interimitur.</strong></span> 
     </span>
    </p>

    <p class='ocr_par' dir='ltr' id='par_1_6' title="bbox 492 3960 1616 4159">
     <span class='ocr_line' id='line_1_44' title="bbox 564 3960 1616 4022; baseline -0.001 -9"><span class='ocrx_word' id='word_1_281' title='bbox 564 3964 670 4017; x_wconf 78' lang='lat'><strong>197.</strong></span> <span class='ocrx_word' id='word_1_282' title='bbox 706 3966 849 4022; x_wconf 72' lang='lat' dir='ltr'><strong>Laus,</strong></span> <span class='ocrx_word' id='word_1_283' title='bbox 882 3960 1039 4021; x_wconf 77' lang='grc' dir='ltr'><strong><em>κλέος,</em></strong></span> <span class='ocrx_word' id='word_1_284' title='bbox 1079 3962 1261 4011; x_wconf 74' lang='lat' dir='ltr'><strong>factum</strong></span> <span class='ocrx_word' id='word_1_285' title='bbox 1334 3962 1616 4019; x_wconf 65' lang='lat' dir='ltr'><strong>reclarumz</strong></span> 
     </span>
     <span class='ocr_line' id='line_1_45' title="bbox 492 4026 1616 4093; baseline -0.004 -14"><span class='ocrx_word' id='word_1_286' title='bbox 492 4040 641 4093; x_wconf 79' lang='lat' dir='ltr'><strong>atque</strong></span> <span class='ocrx_word' id='word_1_287' title='bbox 662 4029 809 4079; x_wconf 80' lang='lat' dir='ltr'><strong>etiam</strong></span> <span class='ocrx_word' id='word_1_288' title='bbox 828 4027 997 4085; x_wconf 82' lang='lat' dir='ltr'><strong>virtus,</strong></span> <span class='ocrx_word' id='word_1_289' title='bbox 1032 4042 1129 4089; x_wconf 74' lang='lat' dir='ltr'><strong>qua</strong></span> <span class='ocrx_word' id='word_1_290' title='bbox 1163 4027 1225 4075; x_wconf 83' lang='lat' dir='ltr'><strong>ad</strong></span> <span class='ocrx_word' id='word_1_291' title='bbox 1260 4026 1381 4075; x_wconf 82' lang='lat' dir='ltr'><strong>ilud</strong></span> <span class='ocrx_word' id='word_1_292' title='bbox 1418 4037 1616 4090; x_wconf 80' lang='lat' dir='ltr'><strong>patran-</strong></span> 
     </span>
     <span class='ocr_line' id='line_1_46' title="bbox 492 4090 1253 4159; baseline -0.005 -17"><span class='ocrx_word' id='word_1_293' title='bbox 492 4094 611 4142; x_wconf 81' lang='lat' dir='ltr'><strong>dum</strong></span> <span class='ocrx_word' id='word_1_294' title='bbox 634 4109 757 4159; x_wconf 89' lang='lat' dir='ltr'><strong>opus</strong></span> <span class='ocrx_word' id='word_1_295' title='bbox 778 4102 866 4150; x_wconf 82' lang='lat' dir='ltr'><strong>est,</strong></span> <span class='ocrx_word' id='word_1_296' title='bbox 890 4100 947 4140; x_wconf 83' lang='lat' dir='ltr'><strong>ut</strong></span> <span class='ocrx_word' id='word_1_297' title='bbox 966 4090 1051 4139; x_wconf 79' lang='lat' dir='ltr'><strong>inf.</strong></span> <span class='ocrx_word' id='word_1_298' title='bbox 1076 4107 1121 4139; x_wconf 84' lang='lat' dir='ltr'><strong>v.</strong></span> <span class='ocrx_word' id='word_1_299' title='bbox 1144 4093 1253 4139; x_wconf 83' lang='grc'><strong>252.</strong></span> 
     </span>
    </p>

    <p class='ocr_par' dir='ltr' id='par_1_7' title="bbox 490 4154 1620 4476">
     <span class='ocr_line' id='line_1_47' title="bbox 559 4154 1616 4222; baseline -0.004 -16"><span class='ocrx_word' id='word_1_300' title='bbox 559 4160 831 4206; x_wconf 79' lang='lat'><strong>200—204.</strong></span> <span class='ocrx_word' id='word_1_301' title='bbox 866 4159 1013 4219; x_wconf 56' lang='lat' dir='ltr'><strong>&amp;gis</strong></span> <span class='ocrx_word' id='word_1_302' title='bbox 1042 4170 1135 4222; x_wconf 90' lang='lat' dir='ltr'><strong>pro</strong></span> <span class='ocrx_word' id='word_1_303' title='bbox 1168 4154 1369 4219; x_wconf 82' lang='lat' dir='ltr'><strong>vulgari,</strong></span> <span class='ocrx_word' id='word_1_304' title='bbox 1404 4170 1616 4213; x_wconf 78' lang='lat' dir='ltr'><strong>recusas,</strong></span> 
     </span>
     <span class='ocr_line' id='line_1_48' title="bbox 492 4219 1620 4271; baseline -0.004 0"><span class='ocrx_word' id='word_1_305' title='bbox 492 4236 547 4271; x_wconf 82' lang='lat' dir='ltr'><strong>re</strong></span> <span class='ocrx_word' id='word_1_306' title='bbox 634 4222 647 4233; x_wconf 83' lang='grc'><strong>’</strong></span> <span class='ocrx_word' id='word_1_307' title='bbox 744 4224 1175 4270; x_wconf 68' lang='grc' dir='ltr'><strong>Νοι--οιιὸιαεκικ</strong></span> <span class='ocrx_word' id='word_1_308' title='bbox 1210 4219 1620 4269; x_wconf 76' lang='lat' dir='ltr'><strong>educatumsein</strong></span> 
     </span>
     <span class='ocr_line' id='line_1_49' title="bbox 492 4284 1614 4348; baseline -0.002 -13"><span class='ocrx_word' id='word_1_309' title='bbox 492 4286 623 4335; x_wconf 87' lang='lat' dir='ltr'><strong>bello</strong></span> <span class='ocrx_word' id='word_1_310' title='bbox 654 4286 717 4334; x_wconf 78' lang='lat' dir='ltr'><strong>ad</strong></span> <span class='ocrx_word' id='word_1_311' title='bbox 740 4286 937 4347; x_wconf 65' lang='lat' dir='ltr'><strong>Troiam</strong></span> <span class='ocrx_word' id='word_1_312' title='bbox 965 4294 1103 4348; x_wconf 80' lang='lat' dir='ltr'><strong>gesto</strong></span> <span class='ocrx_word' id='word_1_313' title='bbox 1136 4284 1314 4334; x_wconf 82' lang='lat' dir='ltr'><strong>innuit.</strong></span> <span class='ocrx_word' id='word_1_314' title='bbox 1371 4284 1469 4333; x_wconf 85' lang='lat' dir='ltr'><strong>Pro</strong></span> <span class='ocrx_word' id='word_1_315' title='bbox 1506 4284 1614 4333; x_wconf 83' lang='lat' dir='ltr'><strong>vul·</strong></span> 
     </span>
     <span class='ocr_line' id='line_1_50' title="bbox 490 4348 1618 4413; baseline 0 -16"><span class='ocrx_word' id='word_1_316' title='bbox 490 4349 613 4413; x_wconf 79' lang='lat' dir='ltr'><strong>gari,</strong></span> <span class='ocrx_word' id='word_1_317' title='bbox 636 4364 735 4397; x_wconf 85' lang='lat' dir='ltr'><strong>non</strong></span> <span class='ocrx_word' id='word_1_318' title='bbox 760 4366 851 4413; x_wconf 86' lang='lat' dir='ltr'><strong>ego</strong></span> <span class='ocrx_word' id='word_1_319' title='bbox 886 4349 997 4398; x_wconf 76' lang='lat' dir='ltr'><strong>talis</strong></span> <span class='ocrx_word' id='word_1_320' title='bbox 1026 4364 1151 4398; x_wconf 83' lang='lat' dir='ltr'><strong>sum.</strong></span> <span class='ocrx_word' id='word_1_321' title='bbox 1208 4352 1322 4407; x_wconf 77' lang='lat' dir='ltr'><strong>Nee,</strong></span> <span class='ocrx_word' id='word_1_322' title='bbox 1348 4358 1399 4398; x_wconf 86' lang='lat' dir='ltr'><strong>et</strong></span> <span class='ocrx_word' id='word_1_323' title='bbox 1419 4348 1618 4412; x_wconf 83' lang='lat' dir='ltr'><strong>quidem</strong></span> 
     </span>
     <span class='ocr_line' id='line_1_51' title="bbox 494 4412 1614 4476; baseline -0.001 -15"><span class='ocrx_word' id='word_1_324' title='bbox 494 4422 654 4471; x_wconf 66' lang='lat' dir='ltr'><strong>tm,</strong></span> <span class='ocrx_word' id='word_1_325' title='bbox 678 4428 824 4475; x_wconf 81' lang='lat' dir='ltr'><strong>quam</strong></span> <span class='ocrx_word' id='word_1_326' title='bbox 858 4412 1097 4463; x_wconf 77' lang='lat' dir='ltr'><strong>suaviter!</strong></span> <span class='ocrx_word' id='word_1_327' title='bbox 1135 4418 1255 4463; x_wconf 70' lang='lat' dir='ltr'><strong>talia</strong></span> <span class='ocrx_word' id='word_1_328' title='bbox 1278 4417 1405 4476; x_wconf 70' lang='lat' dir='ltr'><strong>gessi</strong></span> <span class='ocrx_word' id='word_1_329' title='bbox 1420 4432 1435 4461; x_wconf 84' lang='grc'><strong>.-</strong></span> <span class='ocrx_word' id='word_1_330' title='bbox 1471 4422 1527 4462; x_wconf 91' lang='lat' dir='ltr'><strong>ut</strong></span> <span class='ocrx_word' id='word_1_331' title='bbox 1549 4428 1614 4461; x_wconf 85' lang='lat' dir='ltr'><strong>sc.</strong></span> 
     </span>
    </p>
   </div>
   <div class='ocr_carea' id='block_1_6' title="bbox 1080 2874 1628 2947">
    <p class='ocr_par' dir='ltr' id='par_1_8' title="bbox 1080 2874 1628 2947">
     <span class='ocr_line' id='line_1_52' title="bbox 1080 2874 1628 2947; baseline -0.011 -10"><span class='ocrx_word' id='word_1_332' title='bbox 1080 2882 1237 2947; x_wconf 60' lang='lat' dir='ltr'><strong>porga,</strong></span> <span class='ocrx_word' id='word_1_333' title='bbox 1282 2888 1383 2933; x_wconf 62' lang='grc' dir='ltr'><strong>πω</strong></span> <span class='ocrx_word' id='word_1_334' title='bbox 1400 2874 1628 2947; x_wconf 53' lang='grc' dir='ltr'><strong>,ρ’-στένω</strong></span> 
     </span>
    </p>
   </div>
   <div class='ocr_carea' id='block_1_7' title="bbox 1689 2870 2818 3266">
    <p class='ocr_par' dir='ltr' id='par_1_9' title="bbox 1689 2870 2818 3191">
     <span class='ocr_line' id='line_1_53' title="bbox 1693 2870 2818 2945; baseline 0.007 -27"><span class='ocrx_word' id='word_1_335' title='bbox 1693 2880 1748 2918; x_wconf 82' lang='lat' dir='ltr'><strong>tu</strong></span> <span class='ocrx_word' id='word_1_336' title='bbox 1781 2870 2004 2945; x_wconf 71' lang='lat' dir='ltr'><strong>refugere</strong></span> <span class='ocrx_word' id='word_1_337' title='bbox 2047 2872 2221 2935; x_wconf 77' lang='lat' dir='ltr'><strong>possis,</strong></span> <span class='ocrx_word' id='word_1_338' title='bbox 2257 2884 2310 2922; x_wconf 90' lang='lat' dir='ltr'><strong>et</strong></span> <span class='ocrx_word' id='word_1_339' title='bbox 2345 2872 2477 2923; x_wconf 87' lang='lat' dir='ltr'><strong>nolle</strong></span> <span class='ocrx_word' id='word_1_340' title='bbox 2513 2890 2594 2923; x_wconf 86' lang='lat' dir='ltr'><strong>me</strong></span> <span class='ocrx_word' id='word_1_341' title='bbox 2631 2876 2818 2926; x_wconf 73' lang='lat' dir='ltr'><strong>socium</strong></span> 
     </span>
     <span class='ocr_line' id='line_1_54' title="bbox 1691 2935 2812 3001; baseline 0.007 -19"><span class='ocrx_word' id='word_1_342' title='bbox 1691 2944 1906 2999; x_wconf 73' lang='lat' dir='ltr'><strong>mascepu</strong></span> <span class='ocrx_word' id='word_1_343' title='bbox 1929 2935 2044 2985; x_wconf 79' lang='lat' dir='ltr'><strong>facti</strong></span> <span class='ocrx_word' id='word_1_344' title='bbox 2075 2936 2356 3000; x_wconf 76' lang='lat' dir='ltr'><strong>adjungere.</strong></span> <span class='ocrx_word' id='word_1_345' title='bbox 2414 2938 2576 3001; x_wconf 83' lang='lat' dir='ltr'><strong>Igitur</strong></span> <span class='ocrx_word' id='word_1_346' title='bbox 2598 2942 2704 3001; x_wconf 74' lang='lat' dir='ltr'><strong>jam</strong></span> <span class='ocrx_word' id='word_1_347' title='bbox 2727 2956 2812 2990; x_wconf 77' lang='lat' dir='ltr'><strong>ex·</strong></span> 
     </span>
     <span class='ocr_line' id='line_1_55' title="bbox 1691 2998 2811 3069; baseline 0.007 -23"><span class='ocrx_word' id='word_1_348' title='bbox 1691 2998 1966 3062; x_wconf 72' lang='lat' dir='ltr'><strong>periments</strong></span> <span class='ocrx_word' id='word_1_349' title='bbox 1987 2999 2182 3049; x_wconf 82' lang='lat' dir='ltr'><strong>virtutis</strong></span> <span class='ocrx_word' id='word_1_350' title='bbox 2201 3001 2322 3051; x_wconf 75' lang='lat' dir='ltr'><strong>satis</strong></span> <span class='ocrx_word' id='word_1_351' title='bbox 2349 3002 2480 3053; x_wconf 79' lang='lat' dir='ltr'><strong>clara</strong></span> <span class='ocrx_word' id='word_1_352' title='bbox 2501 3003 2722 3053; x_wconf 77' lang='lat' dir='ltr'><strong>ediderat</strong></span> <span class='ocrx_word' id='word_1_353' title='bbox 2733 3008 2811 3069; x_wconf 82' lang='lat' dir='ltr'><strong>jn-</strong></span> 
     </span>
     <span class='ocr_line' id='line_1_56' title="bbox 1691 3063 2814 3132; baseline 0.004 -19"><span class='ocrx_word' id='word_1_354' title='bbox 1691 3063 1830 3113; x_wconf 83' lang='lat' dir='ltr'><strong>venis</strong></span> <span class='ocrx_word' id='word_1_355' title='bbox 1863 3063 2170 3113; x_wconf 81' lang='lat' dir='ltr'><strong>fortissimus.</strong></span> <span class='ocrx_word' id='word_1_356' title='bbox 2229 3068 2350 3115; x_wconf 78' lang='lat' dir='ltr'><strong>Fata</strong></span> <span class='ocrx_word' id='word_1_357' title='bbox 2377 3076 2594 3126; x_wconf 67' lang='lat' dir='ltr'><strong>estre-a,</strong></span> <span class='ocrx_word' id='word_1_358' title='bbox 2619 3068 2735 3132; x_wconf 68' lang='lat' dir='ltr'><strong>fuga</strong></span> <span class='ocrx_word' id='word_1_359' title='bbox 2754 3084 2814 3117; x_wconf 80' lang='lat' dir='ltr'><strong>ex</strong></span> 
     </span>
     <span class='ocr_line' id='line_1_57' title="bbox 1689 3128 2235 3191; baseline 0.004 -15"><span class='ocrx_word' id='word_1_360' title='bbox 1689 3128 1810 3177; x_wconf 79' lang='lat' dir='ltr'><strong>urbe</strong></span> <span class='ocrx_word' id='word_1_361' title='bbox 1832 3128 2007 3191; x_wconf 78' lang='lat' dir='ltr'><strong>Trojae,</strong></span> <span class='ocrx_word' id='word_1_362' title='bbox 2031 3144 2235 3179; x_wconf 88' lang='lat' dir='ltr'><strong>errores.</strong></span> 
     </span>
    </p>

    <p class='ocr_par' dir='ltr' id='par_1_10' title="bbox 1743 3193 2812 3266">
     <span class='ocr_line' id='line_1_58' title="bbox 1743 3193 2812 3266; baseline 0.005 -26"><span class='ocrx_word' id='word_1_363' title='bbox 1743 3194 1866 3266; x_wconf 38' lang='lat'><strong>⁸20⁵,</strong></span> <span class='ocrx_word' id='word_1_364' title='bbox 1905 3194 2012 3241; x_wconf 81' lang='lat'><strong>206.</strong></span> <span class='ocrx_word' id='word_1_365' title='bbox 2049 3193 2236 3243; x_wconf 84' lang='lat' dir='ltr'><strong>Versus</strong></span> <span class='ocrx_word' id='word_1_366' title='bbox 2273 3194 2507 3253; x_wconf 84' lang='lat' dir='ltr'><strong>omnium.</strong></span> <span class='ocrx_word' id='word_1_367' title='bbox 2547 3212 2670 3259; x_wconf 87' lang='lat' dir='ltr'><strong>quos</strong></span> <span class='ocrx_word' id='word_1_368' title='bbox 2707 3212 2812 3247; x_wconf 81' lang='lat' dir='ltr'><strong>me-</strong></span> 
     </span>
    </p>
   </div>
   <div class='ocr_carea' id='block_1_8' title="bbox 1689 3256 2892 3324">
    <p class='ocr_par' dir='ltr' id='par_1_11' title="bbox 1689 3256 2892 3324">
     <span class='ocr_line' id='line_1_59' title="bbox 1689 3256 2892 3324; baseline 0.002 -20"><span class='ocrx_word' id='word_1_369' title='bbox 1689 3256 1826 3314; x_wconf 87' lang='lat' dir='ltr'><strong>mmi,</strong></span> <span class='ocrx_word' id='word_1_370' title='bbox 1850 3256 2106 3306; x_wconf 73' lang='lat' dir='ltr'><strong>sententiae</strong></span> <span class='ocrx_word' id='word_1_371' title='bbox 2127 3258 2452 3320; x_wconf 75' lang='lat' dir='ltr'><strong>generositate</strong></span> <span class='ocrx_word' id='word_1_372' title='bbox 2475 3269 2529 3309; x_wconf 89' lang='lat' dir='ltr'><strong>et</strong></span> <span class='ocrx_word' id='word_1_373' title='bbox 2559 3276 2812 3324; x_wconf 74' lang='lat' dir='ltr'><strong>magnam-</strong></span> <span class='ocrx_word' id='word_1_374' title='bbox 2882 3302 2892 3307; x_wconf 92' lang='lat'><strong>-</strong></span> 
     </span>
    </p>
   </div>
   <div class='ocr_carea' id='block_1_9' title="bbox 1687 3320 2814 3498">
    <p class='ocr_par' dir='ltr' id='par_1_12' title="bbox 1687 3320 2814 3498">
     <span class='ocr_line' id='line_1_60' title="bbox 1689 3320 2814 3385; baseline 0.004 -16"><span class='ocrx_word' id='word_1_375' title='bbox 1689 3320 1860 3370; x_wconf 76' lang='lat' dir='ltr'><strong>mitste</strong></span> <span class='ocrx_word' id='word_1_376' title='bbox 1881 3320 2285 3385; x_wconf 62' lang='lat' dir='ltr'><strong>prestantissimi.</strong></span> <span class='ocrx_word' id='word_1_377' title='bbox 2345 3322 2472 3372; x_wconf 85' lang='lat' dir='ltr'><strong>Esse</strong></span> <span class='ocrx_word' id='word_1_378' title='bbox 2505 3333 2674 3374; x_wconf 80' lang='lat' dir='ltr'><strong>autem</strong></span> <span class='ocrx_word' id='word_1_379' title='bbox 2707 3328 2814 3373; x_wconf 74' lang='lat' dir='ltr'><strong>bene</strong></span> 
     </span>
     <span class='ocr_line' id='line_1_61' title="bbox 1687 3386 2813 3498; baseline 0.007 -66"><span class='ocrx_word' id='word_1_380' title='bbox 1687 3400 1858 3497; x_wconf 45' lang='grc' dir='ltr'><strong>ἓξὲξ,</strong></span> <span class='ocrx_word' id='word_1_381' title='bbox 1871 3401 2009 3498; x_wconf 58' lang='grc' dir='ltr'><strong>εξὲἑιο</strong></span> <span class='ocrx_word' id='word_1_382' title='bbox 2031 3386 2110 3435; x_wconf 83' lang='lat' dir='ltr'><strong>vel</strong></span> <span class='ocrx_word' id='word_1_383' title='bbox 2139 3386 2227 3433; x_wconf 87' lang='lat' dir='ltr'><strong>vili</strong></span> <span class='ocrx_word' id='word_1_384' title='bbox 2257 3386 2405 3435; x_wconf 73' lang='lat' dir='ltr'><strong>etiam</strong></span> <span class='ocrx_word' id='word_1_385' title='bbox 2437 3389 2600 3451; x_wconf 74' lang='lat' dir='ltr'><strong>pretio</strong></span> <span class='ocrx_word' id='word_1_386' title='bbox 2635 3404 2813 3447; x_wconf 63' lang='lat' dir='ltr'><strong>anae,</strong></span> 
     </span>
    </p>
   </div>
   <div class='ocr_carea' id='block_1_10' title="bbox 1753 3514 2816 3580">
    <p class='ocr_par' dir='ltr' id='par_1_13' title="bbox 1753 3514 2816 3580">
     <span class='ocr_line' id='line_1_62' title="bbox 1753 3514 2816 3580; baseline 0.006 -19"><span class='ocrx_word' id='word_1_387' title='bbox 1753 3516 1861 3562; x_wconf 87' lang='grc'><strong>209.</strong></span> <span class='ocrx_word' id='word_1_388' title='bbox 1897 3516 2074 3577; x_wconf 72' lang='lat' dir='ltr'><strong>AEquoe</strong></span> <span class='ocrx_word' id='word_1_389' title='bbox 2106 3528 2214 3563; x_wconf 76' lang='lat' dir='ltr'><strong>esse</strong></span> <span class='ocrx_word' id='word_1_390' title='bbox 2241 3514 2495 3579; x_wconf 82' lang='lat' dir='ltr'><strong>propitios,</strong></span> <span class='ocrx_word' id='word_1_391' title='bbox 2530 3514 2584 3565; x_wconf 86' lang='lat' dir='ltr'><strong>in</strong></span> <span class='ocrx_word' id='word_1_392' title='bbox 2617 3528 2816 3580; x_wconf 80' lang='lat' dir='ltr'><strong>promtu</strong></span> 
     </span>
    </p>
   </div>
   <div class='ocr_carea' id='block_1_11' title="bbox 1573 3578 1974 3627">
    <p class='ocr_par' dir='ltr' id='par_1_14' title="bbox 1573 3578 1974 3627">
     <span class='ocr_line' id='line_1_63' title="bbox 1573 3578 1974 3627; baseline 0.002 -2"><span class='ocrx_word' id='word_1_393' title='bbox 1573 3594 1618 3625; x_wconf 83' lang='lat' dir='ltr'><strong>v.</strong></span> <span class='ocrx_word' id='word_1_394' title='bbox 1686 3592 1793 3627; x_wconf 74' lang='lat' dir='ltr'><strong>esse</strong></span> <span class='ocrx_word' id='word_1_395' title='bbox 1815 3578 1974 3626; x_wconf 80' lang='lat' dir='ltr'><strong>debet.</strong></span> 
     </span>
    </p>
   </div>
   <div class='ocr_carea' id='block_1_12' title="bbox 1680 3643 2818 4477">
    <p class='ocr_par' dir='ltr' id='par_1_15' title="bbox 1683 3643 2818 3949">
     <span class='ocr_line' id='line_1_64' title="bbox 1749 3643 2818 3705; baseline 0.007 -16"><span class='ocrx_word' id='word_1_396' title='bbox 1749 3643 2023 3692; x_wconf 79' lang='lat'>218—215.</span> <span class='ocrx_word' id='word_1_397' title='bbox 2065 3646 2268 3705; x_wconf 70' lang='lat' dir='ltr'><strong>Raptus·</strong></span> <span class='ocrx_word' id='word_1_398' title='bbox 2301 3658 2416 3700; x_wconf 84' lang='lat' dir='ltr'><strong>non,</strong></span> <span class='ocrx_word' id='word_1_399' title='bbox 2453 3644 2688 3703; x_wconf 82' lang='lat' dir='ltr'><strong>occisum,</strong></span> <span class='ocrx_word' id='word_1_400' title='bbox 2729 3646 2818 3697; x_wconf 74' lang='lat' dir='ltr'><strong>ned</strong></span> 
     </span>
     <span class='ocr_line' id='line_1_65' title="bbox 1683 3705 2816 3773; baseline 0.007 -20"><span class='ocrx_word' id='word_1_401' title='bbox 1683 3714 1922 3770; x_wconf 85' lang='lat' dir='ltr'><strong>ereptum,</strong></span> <span class='ocrx_word' id='word_1_402' title='bbox 1939 3705 2230 3757; x_wconf 69' lang='lat' dir='ltr'><strong>subductum</strong></span> <span class='ocrx_word' id='word_1_403' title='bbox 2247 3722 2426 3773; x_wconf 85' lang='lat' dir='ltr'><strong>corpus</strong></span> <span class='ocrx_word' id='word_1_404' title='bbox 2447 3722 2476 3756; x_wconf 92' lang='lat' dir='ltr'><strong>e</strong></span> <span class='ocrx_word' id='word_1_405' title='bbox 2495 3724 2680 3772; x_wconf 76' lang='lat' dir='ltr'><strong>pugna.</strong></span> <span class='ocrx_word' id='word_1_406' title='bbox 2713 3714 2816 3761; x_wconf 65' lang='lat' dir='ltr'><strong>Ab·</strong></span> 
     </span>
     <span class='ocr_line' id='line_1_66' title="bbox 1683 3770 2814 3836; baseline 0.004 -17"><span class='ocrx_word' id='word_1_407' title='bbox 1683 3774 1802 3819; x_wconf 73' lang='lat' dir='ltr'><strong>senti</strong></span> <span class='ocrx_word' id='word_1_408' title='bbox 1821 3770 1885 3819; x_wconf 84' lang='lat' dir='ltr'><strong>de</strong></span> <span class='ocrx_word' id='word_1_409' title='bbox 1907 3786 1967 3819; x_wconf 92' lang='lat' dir='ltr'><strong>eo</strong></span> <span class='ocrx_word' id='word_1_410' title='bbox 1988 3772 2188 3836; x_wconf 77' lang='lat' dir='ltr'><strong>accipio,</strong></span> <span class='ocrx_word' id='word_1_411' title='bbox 2211 3774 2352 3835; x_wconf 79' lang='lat' dir='ltr'><strong>cujus</strong></span> <span class='ocrx_word' id='word_1_412' title='bbox 2381 3786 2562 3836; x_wconf 86' lang='lat' dir='ltr'><strong>corpus</strong></span> <span class='ocrx_word' id='word_1_413' title='bbox 2593 3788 2695 3823; x_wconf 87' lang='lat' dir='ltr'><strong>non</strong></span> <span class='ocrx_word' id='word_1_414' title='bbox 2726 3790 2814 3823; x_wconf 85' lang='lat' dir='ltr'><strong>ex·</strong></span> 
     </span>
     <span class='ocr_line' id='line_1_67' title="bbox 1685 3836 2818 3949; baseline 0.004 -66"><span class='ocrx_word' id='word_1_415' title='bbox 1685 3844 1770 3893; x_wconf 80' lang='lat' dir='ltr'><strong>tst,</strong></span> <span class='ocrx_word' id='word_1_416' title='bbox 1791 3836 1919 3897; x_wconf 81' lang='lat' dir='ltr'><strong>quod</strong></span> <span class='ocrx_word' id='word_1_417' title='bbox 1941 3836 2140 3898; x_wconf 82' lang='lat' dir='ltr'><strong>sepeliri</strong></span> <span class='ocrx_word' id='word_1_418' title='bbox 2159 3836 2341 3949; x_wconf 51' lang='lat' dir='ltr'><strong>posaitg</strong></span> <span class='ocrx_word' id='word_1_419' title='bbox 2365 3836 2529 3949; x_wconf 54' lang='lat' dir='ltr'><strong>ietzque</strong></span> <span class='ocrx_word' id='word_1_420' title='bbox 2549 3837 2744 3889; x_wconf 79' lang='lat' dir='ltr'><strong>inferiis</strong></span> <span class='ocrx_word' id='word_1_421' title='bbox 2765 3848 2818 3887; x_wconf 85' lang='lat' dir='ltr'><strong>et</strong></span> 
     </span>
    </p>

    <p class='ocr_par' dir='ltr' id='par_1_16' title="bbox 2277 3916 2360 3949">
     <span class='ocr_line' id='line_1_68' title="bbox 2277 3916 2360 3949; baseline 0 0"><span class='ocrx_word' id='word_1_422' title='bbox 2277 3916 2360 3949; x_wconf 84' lang='lat' dir='ltr'><strong>um</strong></span> 
     </span>
    </p>

    <p class='ocr_par' dir='ltr' id='par_1_17' title="bbox 1680 3962 2814 4348">
     <span class='ocr_line' id='line_1_69' title="bbox 1750 3962 2811 4020; baseline 0.003 -9"><span class='ocrx_word' id='word_1_423' title='bbox 1750 3962 1862 4020; x_wconf 85' lang='grc'><strong>217,</strong></span> <span class='ocrx_word' id='word_1_424' title='bbox 1887 3965 1996 4011; x_wconf 86' lang='grc'><strong>218.</strong></span> <span class='ocrx_word' id='word_1_425' title='bbox 2037 3967 2150 4016; x_wconf 72' lang='lat' dir='ltr'><strong>Quo</strong></span> <span class='ocrx_word' id='word_1_426' title='bbox 2187 3972 2234 4013; x_wconf 78' lang='lat' dir='ltr'><strong>te</strong></span> <span class='ocrx_word' id='word_1_427' title='bbox 2266 3966 2377 4013; x_wconf 74' lang='lat' dir='ltr'><strong>eola-</strong></span> <span class='ocrx_word' id='word_1_428' title='bbox 2433 3965 2623 4015; x_wconf 72' lang='lat' dir='ltr'><strong>Mamit</strong></span> <span class='ocrx_word' id='word_1_429' title='bbox 2655 3966 2811 4016; x_wconf 75' lang='lat' dir='ltr'><strong>insi-</strong></span> 
     </span>
     <span class='ocr_line' id='line_1_70' title="bbox 1683 4027 2813 4081; baseline 0.004 -6"><span class='ocrx_word' id='word_1_430' title='bbox 1683 4027 1798 4076; x_wconf 78' lang='lat' dir='ltr'><strong>cilia</strong></span> <span class='ocrx_word' id='word_1_431' title='bbox 1817 4042 1990 4075; x_wconf 85' lang='lat' dir='ltr'><strong>senum</strong></span> <span class='ocrx_word' id='word_1_432' title='bbox 2011 4036 2064 4075; x_wconf 89' lang='lat' dir='ltr'><strong>et</strong></span> <span class='ocrx_word' id='word_1_433' title='bbox 2096 4027 2403 4077; x_wconf 83' lang='lat' dir='ltr'><strong>infirmorum</strong></span> <span class='ocrx_word' id='word_1_434' title='bbox 2430 4029 2620 4078; x_wconf 78' lang='lat' dir='ltr'><strong>inutilis</strong></span> <span class='ocrx_word' id='word_1_435' title='bbox 2643 4032 2813 4081; x_wconf 73' lang='lat' dir='ltr'><strong>turba:</strong></span> 
     </span>
     <span class='ocr_line' id='line_1_71' title="bbox 1685 4090 2814 4157; baseline 0.005 -18"><span class='ocrx_word' id='word_1_436' title='bbox 1685 4091 1744 4139; x_wconf 82' lang='lat' dir='ltr'><strong>cf.</strong></span> <span class='ocrx_word' id='word_1_437' title='bbox 1771 4092 1854 4140; x_wconf 62' lang='lat' dir='ltr'><strong>lib</strong></span> <span class='ocrx_word' id='word_1_438' title='bbox 1889 4107 1935 4149; x_wconf 80' lang='lat' dir='ltr'><strong>v,</strong></span> <span class='ocrx_word' id='word_1_439' title='bbox 1971 4090 2066 4141; x_wconf 79' lang='lat'><strong>715</strong></span> <span class='ocrx_word' id='word_1_440' title='bbox 2105 4108 2176 4154; x_wconf 81' lang='lat' dir='ltr'><strong>sq.</strong></span> <span class='ocrx_word' id='word_1_441' title='bbox 2218 4091 2328 4144; x_wconf 79' lang='lat'>767.</span> <span class='ocrx_word' id='word_1_442' title='bbox 2387 4093 2528 4141; x_wconf 85' lang='lat' dir='ltr'><strong>Inter</strong></span> <span class='ocrx_word' id='word_1_443' title='bbox 2564 4092 2814 4157; x_wconf 63' lang='lat' dir='ltr'><strong>longevus</strong></span> 
     </span>
     <span class='ocr_line' id='line_1_72' title="bbox 1681 4154 2812 4220; baseline 0.005 -18"><span class='ocrx_word' id='word_1_444' title='bbox 1681 4154 1846 4218; x_wconf 75' lang='lat' dir='ltr'><strong>itaque</strong></span> <span class='ocrx_word' id='word_1_445' title='bbox 1879 4164 2126 4205; x_wconf 77' lang='lat' dir='ltr'><strong>matr-onas</strong></span> <span class='ocrx_word' id='word_1_446' title='bbox 2157 4156 2262 4205; x_wconf 78' lang='lat' dir='ltr'><strong>sola</strong></span> <span class='ocrx_word' id='word_1_447' title='bbox 2285 4156 2486 4220; x_wconf 76' lang='lat' dir='ltr'><strong>Euryali</strong></span> <span class='ocrx_word' id='word_1_448' title='bbox 2520 4166 2680 4207; x_wconf 69' lang='lat' dir='ltr'><strong>mater</strong></span> <span class='ocrx_word' id='word_1_449' title='bbox 2700 4158 2812 4217; x_wconf 79' lang='lat' dir='ltr'><strong>fuit,</strong></span> 
     </span>
     <span class='ocr_line' id='line_1_73' title="bbox 1683 4219 2814 4282; baseline 0.004 -15"><span class='ocrx_word' id='word_1_450' title='bbox 1683 4235 1792 4282; x_wconf 76' lang='lat' dir='ltr'><strong>quae</strong></span> <span class='ocrx_word' id='word_1_451' title='bbox 1833 4220 1886 4268; x_wconf 85' lang='lat' dir='ltr'><strong>in</strong></span> <span class='ocrx_word' id='word_1_452' title='bbox 1931 4219 2100 4269; x_wconf 72' lang='lat' dir='ltr'><strong>sicilia</strong></span> <span class='ocrx_word' id='word_1_453' title='bbox 2149 4236 2348 4271; x_wconf 71' lang='lat' dir='ltr'><strong>manere</strong></span> <span class='ocrx_word' id='word_1_454' title='bbox 2393 4220 2560 4270; x_wconf 82' lang='lat' dir='ltr'><strong>nollet.</strong></span> <span class='ocrx_word' id='word_1_455' title='bbox 2629 4224 2814 4271; x_wconf 66' lang='grc' dir='ltr'><strong>Πανία</strong></span> 
     </span>
     <span class='ocr_line' id='line_1_74' title="bbox 1680 4285 2360 4348; baseline 0.001 -16"><span class='ocrx_word' id='word_1_456' title='bbox 1680 4288 1876 4342; x_wconf 70' lang='lat' dir='ltr'><strong>Aceste,</strong></span> <span class='ocrx_word' id='word_1_457' title='bbox 1899 4285 2154 4348; x_wconf 78' lang='lat' dir='ltr'><strong>Segestam</strong></span> <span class='ocrx_word' id='word_1_458' title='bbox 2175 4285 2360 4335; x_wconf 85' lang='lat' dir='ltr'><strong>urbem.</strong></span> 
     </span>
    </p>

    <p class='ocr_par' dir='ltr' id='par_1_18' title="bbox 1683 4349 2817 4477">
     <span class='ocr_line' id='line_1_75' title="bbox 1756 4349 2817 4399; baseline 0.003 -3"><span class='ocrx_word' id='word_1_459' title='bbox 1756 4349 2028 4398; x_wconf 75' lang='lat'>219-228.</span> <span class='ocrx_word' id='word_1_460' title='bbox 2079 4352 2244 4399; x_wconf 67' lang='lat' dir='ltr'><strong>Noctis</strong></span> <span class='ocrx_word' id='word_1_461' title='bbox 2285 4366 2450 4399; x_wconf 74' lang='lat' dir='ltr'><strong>mm</strong></span> <span class='ocrx_word' id='word_1_462' title='bbox 2487 4349 2692 4399; x_wconf 71' lang='lat' dir='ltr'><strong>dnicnnn</strong></span> <span class='ocrx_word' id='word_1_463' title='bbox 2735 4358 2817 4399; x_wconf 74' lang='lat' dir='ltr'><strong>est</strong></span> 
     </span>
     <span class='ocr_line' id='line_1_76' title="bbox 1683 4412 2812 4477; baseline 0.001 -16"><span class='ocrx_word' id='word_1_464' title='bbox 1683 4428 1756 4470; x_wconf 84' lang='lat' dir='ltr'><strong>so,</strong></span> <span class='ocrx_word' id='word_1_465' title='bbox 1783 4413 1914 4475; x_wconf 89' lang='lat' dir='ltr'><strong>quod</strong></span> <span class='ocrx_word' id='word_1_466' title='bbox 1934 4424 2206 4477; x_wconf 68' lang='lat' dir='ltr'><strong>pretexere</strong></span> <span class='ocrx_word' id='word_1_467' title='bbox 2223 4428 2394 4465; x_wconf 73' lang='lat' dir='ltr'><strong>causas</strong></span> <span class='ocrx_word' id='word_1_468' title='bbox 2415 4412 2592 4475; x_wconf 69' lang='lat' dir='ltr'><strong>aliqui·</strong></span> <span class='ocrx_word' id='word_1_469' title='bbox 2611 4414 2812 4465; x_wconf 82' lang='lat' dir='ltr'><strong>dieitur.</strong></span> 
     </span>
    </p>
   </div>
   <div class='ocr_carea' id='block_1_13' title="bbox 1683 3899 2028 3963">
    <p class='ocr_par' dir='ltr' id='par_1_19' title="bbox 1683 3899 2028 3963">
     <span class='ocr_line' id='line_1_77' title="bbox 1683 3899 2028 3963; baseline 0 -16"><span class='ocrx_word' id='word_1_470' title='bbox 1683 3899 1974 3963; x_wconf 76' lang='lat' dir='ltr'><strong>cenotaphio</strong></span> <span class='ocrx_word' id='word_1_471' title='bbox 1995 3900 2028 3947; x_wconf 88' lang='lat' dir='ltr'><strong>d</strong></span> 
     </span>
    </p>
   </div>
  </div>
 </body>
</html>
