3050 4934
385 197 516 262 212

1299 183 1829 254 AENEIDOS

385 351 515 414 310
559 347 852 413 Classem
881 347 947 410 in
973 363 1267 410 convexo
1294 361 1655 416 nemorum,
1688 338 1811 402 sub
1841 358 2005 421 rupe
2036 345 2286 409 cavata,

555 449 930 516 Arboribus
959 447 1246 512 clausam
1274 445 1518 508 circum
1545 451 1743 525 atque
1773 438 2193 506 horrentibus
2220 433 2465 498 umbris

561 550 856 616 Occulit:
901 550 1044 634 ipse
1075 570 1206 612 uno
1235 546 1533 630 graditur
1562 543 1907 608 comitatus
1934 537 2217 613 Achate,

560 653 730 716 Bina
755 673 952 714 manu
977 649 1111 714 lato
1141 649 1435 732 crispans
1465 643 1726 709 hastilia
1756 643 1957 708 ferro.

563 754 688 816 Cui
717 761 922 816 mater
950 749 1166 814 media
1193 771 1338 814 sese
1369 745 1514 812 tulit
1546 745 1737 811 obvia
1766 743 1950 820 silva,

388 856 518 918 315
563 853 854 937 Virginis
887 874 960 915 os
992 850 1418 932 habitumque
1447 868 1708 931 gerens,
1740 856 1809 912 et
1837 845 2099 928 virginis
2130 865 2306 908 anna

563 955 942 1039 Spartanae3
988 951 1090 1016 vel
1119 949 1326 1034 qualis
1357 971 1563 1032 equos
1593 946 1915 1012 Threissa
1942 945 2175 1028 fatigat

565 1054 963 1139 Harpalyce,
997 1051 1452 1134 volucremque
1479 1049 1639 1132 fuga
1667 1047 2083 1132 praevertitur
2112 1045 2389 1110 Eurum.

561 1157 867 1241 Namque
896 1154 1183 1218 humeris
1215 1153 1298 1216 de
1329 1174 1507 1215 more
1540 1149 1821 1214 habilem
1852 1146 2287 1231 suspenderat
2314 1166 2539 1210 arcum

561 1258 908 1333 venat-rix,
941 1255 1348 1338 dederatque
1376 1274 1625 1318 comam
1656 1249 2026 1318 diffimdere
2060 1249 2303 1325 ventis;

390 1360 522 1424 320
568 1357 770 1422 Nuda
799 1379 997 1442 genu,
1029 1355 1333 1438 nodoque
1367 1354 1547 1418 sinus
1578 1352 1849 1417 collecta
1878 1350 2179 1416 fluentes.

387 1556 529 1600 nova,
555 1549 606 1589 et
635 1539 834 1603 quidem
855 1537 917 1586 ad
951 1553 1070 1600 quas
1099 1551 1209 1585 oras
1241 1535 1514 1592 accesserit,

1647 1536 1756 1592 316,
1774 1534 1882 1586 317.
1920 1536 2004 1582 Vel
2020 1533 2155 1608 (talis
2176 1530 2403 1596 virginis)
2420 1531 2706 1594 qudiaesati-

389 1605 525 1654 venti
555 1605 620 1664 vi,
651 1619 742 1653 seu
773 1612 1076 1666 tempestate,
1109 1601 1355 1664 appulsus.
1413 1601 1513 1647 Ea·-
1577 1608 1665 1663 gat
1689 1601 1802 1660 (est,
1826 1615 1939 1646 cum
1960 1597 2154 1660 fatigat)
2178 1613 2324 1658 equos,
2350 1611 2474 1660 equo
2495 1595 2706 1645 incedit:

388 1677 510 1728 acta,
557 1685 665 1732 quae
708 1667 1023 1732 explorasset,
1067 1664 1399 1730 comperisset,
1440 1679 1514 1712 rs·
1582 1663 1711 1727 quod
1765 1662 2019 1727 proprium
2068 1659 2413 1710 Amazonibus.
2498 1661 2713 1710 Threissa

383 1731 569 1856 sergii),
607 1798 717 1844 311.
771 1795 990 1843 Classem
1023 1793 1236 1842 occultat
1271 1793 1363 1840 sub
1401 1805 1518 1840 con-

400 1877 528 1910 vexa
559 1875 682 1924 rupe
718 1859 999 1907 nemoribus
1019 1857 1220 1914 consita,
1250 1857 1520 1904 162—165.

401 1927 712 1974 Hom-entibus
733 1926 920 1981 umbris,
945 1921 1211 1970 arboribus.

461 1991 572 2045 312,
606 1989 714 2034 313.
765 1990 1004 2048 Crispum,
1035 1984 1324 2050 exquisitius
1357 1998 1520 2046 quam,

395 2052 608 2109 vibrans,
631 2052 830 2098 habens.
899 2049 1188 2114 Crispantur
1246 2063 1322 2096 uae
1355 2049 1518 2096 incur-

393 2126 586 2173 vantur,
606 2114 950 2162 inflectuntur:
977 2122 1051 2160 est
1066 2113 1124 2160 τὸ
1142 2131 1209 2160 π
1273 2115 1441 2160 σεο-Θου
1463 2110 1523 2157 de

395 2179 563 2236 hastis,
592 2177 730 2226 Iliad.
765 2195 805 2235 ν,
834 2179 939 2224 134.
987 2176 1138 2224 Binas
1157 2177 1322 2224 hastas
1337 2189 1523 2237 gerere,

395 2258 502 2291 mos
537 2243 638 2290 fere
667 2242 886 2296 heroum,
910 2256 1022 2288 cum
1053 2257 1082 2288 a
1119 2240 1183 2287 ud
1216 2248 1384 2302 poetas
1417 2247 1523 2286 tum

395 2306 524 2370 apud
547 2305 772 2354 artifices.
828 2307 1030 2352 Achates
1051 2257 1225 2352 ἐπιθῶ
1249 2318 1412 2350 comes
1435 2301 1519 2349 da-

374 2383 491 2428 .tus‚
515 2379 574 2418 ut
603 2386 680 2433 ap.
707 2369 910 2418 Homer.
929 2365 1216 2430 θεράποντες
1239 2367 1444 2414 heroum
1473 2374 1528 2414 et

399 2435 601 2496 ἑταῖροιι
657 2431 910 2481 Idomenei
953 2431 1220 2488 Meriones,
1268 2429 1528 2480 Diomedia

398 2497 676 2554 Sthenelus,
700 2495 910 2546 Achillis
933 2496 1198 2545 Patroclus.

473 2563 582 2610 314.
637 2562 915 2622 Antequam
959 2559 1132 2608 silvam
1175 2558 1355 2608 littoris
1397 2567 1528 2606 esset

399 2641 638 2688 egressus,
660 2642 756 2673 sese
790 2627 914 2681 tulit,
937 2639 990 2672 se
1017 2622 1131 2732 &ig
1165 2621 1379 2679 incessit,
1401 2621 1529 2670 facta

399 2693 530 2740 obvia
563 2688 648 2751 (cf.
679 2687 766 2736 inf.
791 2685 912 2749 503)
943 2687 989 2734 ei
1069 2701 1204 2744 enus,
1234 2684 1412 2749 puellae
1441 2701 1524 2734 ve·-

401 2751 604 2802 natricis
625 2749 766 2800 vultu
787 2761 838 2802 et
859 2750 1054 2799 amictu.

468 2817 578 2863 315.
626 2815 812 2864 Areum
851 2829 962 2862 cum
999 2813 1190 2876 sagittis
1221 2813 1444 2871 habebat,
1481 2821 1533 2860 et

401 2889 536 2932 veste
558 2878 818 2936 succincta,
836 2893 976 2928 coma
996 2875 1203 2939 sinuque
1225 2877 1385 2925 soluto
1407 2885 1525 2934 erat,

401 2943 578 3008 puellae
599 2943 852 3007 Spartanae
869 2942 947 2990 vel
970 2941 1198 2990 Thressae
1218 2955 1366 2988 more.
1415 2939 1531 2988 Hoc

400 3017 657 3056 structura*
689 3005 846 3054 forma
865 3003 1088 3055 variavit.
1158 3005 1236 3052 De
1263 3005 1296 3052 S
1333 3013 1528 3052 artam-

399 3087 512 3120 rum
544 3071 818 3136 puellarum
856 3066 1206 3118 exercitatione
1395 3067 1528 3124 trica.

435 3151 552 3184 uam
589 3135 684 3182 huc
723 3142 900 3182 vocant
935 3132 1246 3196 interpretes,
1287 3141 1402 3180 nota
1436 3147 1531 3180 res.

453 3197 676 3247 nimvero
713 3205 818 3246 tum
853 3197 997 3246 nudae
1031 3206 1184 3254 erant,
1229 3204 1284 3244 ut
1321 3204 1395 3244 tot
1426 3195 1537 3243 loca

401 3262 578 3310 docere
609 3270 826 3336 possunt.
897 3262 960 3308 In
992 3270 1160 3310 nosne
1193 3269 1358 3308 autem
1387 3268 1535 3323 poeta

401 3326 592 3375 vestitae
617 3325 714 3374 111ae
735 3335 864 3383 sunt,
887 3333 939 3372 et
959 3339 1080 3374 arcu
1097 3325 1420 3388 pharetraque
1453 3323 1529 3370 in-

402 3399 616 3440 structae.
693 3389 866 3451 Itaque
910 3387 977 3436 ad
1016 3404 1328 3438 communem
1367 3387 1535 3462 potius

437 3453 676 3504 uellarum
713 3454 1032 3502 Lacaenarum
1066 3452 1288 3502 habitum
1325 3461 1420 3500 ent
1451 3466 1531 3499 re-

422 3517 672 3575 erendum,
696 3533 806 3566 cum
830 3513 1061 3565 militaria
1081 3533 1230 3592 opera
1252 3523 1531 3574 tractarent,

404 3591 550 3644 atque
575 3581 686 3630 ideo
707 3581 938 3656 brevibus
967 3581 1162 3640 tunicis,
1186 3580 1343 3643 iisque
1365 3579 1428 3628 ad
1459 3579 1529 3628 fe-

403 3644 1535 3782 ἱὲξωἛῖηἶὲῖῗὲρζὶῖὶῖὲῗὶἰιιῗὲἃὶῗ

403 3771 1172 3900 ἴέξυῖεόιῗέῗῖῖἃέἓέΐὲὼ,
1199 3773 1531 3899 513¹..0‘2222‘

405 3897 584 3949 simum
617 3901 862 3964 Spartana
895 3900 1033 3962 virgo
1072 3899 1370 3962 designatur,
1405 3899 1537 3962 quod

405 3979 572 4013 arcum
594 3981 707 4012 cum
728 3963 920 4028 sagittis
940 3963 1094 4026 gerit3
1119 3975 1170 4012 et
1189 3963 1441 4038 probabile
1463 3963 1535 4022 fit,

405 4027 592 4090 puellas
636 4029 670 4077 S
707 4037 902 4077 artanas
955 4027 1298 4078 venatiombus
1341 4043 1533 4090 quoque

403 4107 602 4154 operam
690 4091 862 4150 edisse,
909 4091 1082 4140 saltem
1133 4091 1396 4154 sagittandi
1439 4092 1535 4140 atti

404 4170 614 4204 vacasse.
693 4155 739 4204 N
745 4172 824 4204 am
853 4171 996 4206 coma
1030 4155 1189 4206 soluta
1220 4155 1282 4204 ad
1317 4171 1399 4204 eas
1434 4171 1535 4204 non

403 4227 616 4284 specum
653 4218 696 4268 si
728 4220 810 4270 vel
840 4219 1106 4270 Horatium
1137 4219 1446 4270 memineris:
1483 4223 1534 4268 ιἰι

403 4290 594 4357 conatugn
623 4283 833 4332 Lacaenae
866 4291 987 4334 more
1019 4302 1186 4334 comam
1218 4287 1420 4347 religata
1452 4302 1531 4334 no—

402 4348 524 4406 dum,
545 4346 582 4394 ii
606 4347 768 4398 Canu.
796 4349 872 4408 11,
896 4351 973 4398 28.

1586 1730 1868 1790 Harpalyce.
1952 1725 2005 1772 Si
2046 1724 2245 1774 omnino
2294 1724 2461 1788 puella
2502 1725 2719 1774 Thressa

1586 1799 1952 1847 memoraretur,
1992 1788 2052 1837 de
2094 1789 2343 1837 Amazone
2380 1789 2484 1836 haec
2521 1789 2712 1853 accipe-

1586 1872 1707 1905 rem.
1787 1854 1925 1902 Idem
1962 1868 2205 1915 sequerer,
2248 1853 2291 1900 si
2330 1853 2391 1902 de
2438 1853 2715 1928 Harpalyce

1590 1921 1838 1994 Amazone
1858 1917 1978 1964 mihi
1994 1925 2273 1992 constaret..
2288 1918 2563 1980 Caeteroqui
2578 1919 2711 1966 Har-

1588 1981 2712 2110 35¹1?sst¹¹213²1ss1¹si¹0⁸10f22¹ss¹33ffl2⁰2ffi

1589 2113 1701 2160 lena
1722 2109 1911 2174 Harpal
1944 2125 1999 2157 ce
2015 2109 2159 2158 dicta.
2217 2109 2333 2157 Alia
2351 2109 2575 2176 Clymeni
2598 2110 2714 2167 filia,

1590 2176 1653 2224 de
1674 2191 1769 2236 qua
1792 2189 1855 2222 ex
1924 2174 2195 2238 uphorinne
2212 2173 2509 2222 Parthenius
2530 2173 2714 2223 Erotio.

1588 2256 1628 2286 c.
1671 2241 1729 2286 13
1765 2248 1943 2286 narrat.
2014 2238 2114 2286 Hic
2157 2237 2314 2297 tertia,
2350 2237 2515 2301 paullo
2556 2238 2717 2286 notior

1587 2303 1673 2350 illa
1719 2302 1924 2360 caeteris,
1984 2302 2265 2366 Harpalyci,
2321 2303 2417 2350 Am
2500 2317 2718 2351 naeorum

1588 2366 1813 2415 Thraciae
1842 2366 1973 2429 regis
2004 2365 2121 2424 filia,
2152 2381 2261 2427 quat
2290 2366 2349 2413 in
2376 2367 2422 2414 si
2440 2366 2513 2415 vis
2544 2367 2719 2416 educta

1588 2430 1847 2480 venatibus
1868 2441 1920 2478 et
1940 2429 2161 2480 cursibus
2183 2445 2289 2478 sese
2310 2431 2585 2478 duraverat.
2644 2431 2723 2479 Ea

1590 2511 1723 2544 nunc
1744 2510 1789 2542 v.
1816 2495 1925 2551 317,
1952 2504 2123 2542 ventos
2149 2509 2321 2543 cursus
2343 2494 2599 2544 velocitate
2634 2511 2717 2543 su-

1654 2568 1744 2608 rat.
1815 2561 1961 2633 Fuga,
1994 2558 2145 2620 φυγὴ,
2171 2557 2355 2621 figere,
2396 2561 2583 2620 Μσῒν,
2620 2559 2715 2608 sol-

1612 2623 1758 2671 ennia
1778 2633 1937 2687 poetis
1958 2623 2021 2670 de
2042 2639 2191 2671 cursu
2208 2623 2371 2671 celeri.

1660 2689 1770 2746 318,
1796 2687 1907 2735 319.
1941 2689 2015 2736 De
2045 2704 2179 2743 nm,
2204 2688 2286 2750 qui
2320 2697 2587 2736 venantum
2616 2703 2723 2736 mos

1596 2767 1703 2800 esse
1732 2751 1871 2800 solet.
1940 2751 2169 2814 vulgaris
2200 2752 2373 2800 fuisset
2404 2753 2573 2809 oratio,
2602 2768 2725 2800 more

1594 2819 1855 2864 venatricis.
1922 2817 2140 2864 Habeam
2162 2833 2333 2874 amm,
2356 2816 2441 2879 qui
2468 2815 2612 2864 facile
2632 2818 2721 2864 ha-

1594 2879 1713 2937 beri,
1756 2879 1969 2936 tractari,
2008 2889 2197 2944 potest3
2246 2878 2299 2929 εὖ
2339 2879 2557 2943 ἀραρότα,
2598 2882 2647 2928 h.
2687 2881 2721 2929 l.

1592 2942 1731 3000 levis,
1767 2953 1825 2992 ut
1854 2943 2018 2994 Valer-
2044 2944 2117 2994 1³1.
2142 2945 2213 3004 iii,
2238 2947 2349 3002 523,
2384 2949 2496 2993 levis
2520 2949 2726 2994 omnibns

1596 3023 1731 3054 arcus
1746 3025 1763 3061 ,-
1798 3007 1830 3064 i.
1861 3009 1967 3065 109,
1996 3010 2107 3056 Tela
2120 3006 2507 3072 pact-facilesque
2525 3013 2725 3059 humeris

1593 3073 1903 3132 gaudentibus
1945 3088 2081 3120 arcus
2132 3075 2297 3122 Gestat
2342 3077 2511 3137 Hylas.
2594 3075 2723 3123 Sane

1598 3133 1719 3208 alias
1738 3137 1891 3185 habile
1916 3137 2053 3184 telum
2072 3145 2237 3210 potest
2258 3147 2309 3185 et
2328 3139 2390 3186 de
2412 3155 2591 3202 magno
2611 3155 2723 3203 gra-

1601 3213 1745 3260 vique
1767 3197 1879 3256 dici,
1908 3198 1949 3248 si
1981 3199 2172 3248 seilicet.
2198 3201 2243 3250 is
2274 3202 2357 3264 qui
2390 3203 2519 3265 getis
2550 3214 2617 3252 nt
2643 3219 2723 3253 ro-

1597 3262 1801 3319 bustior,
1838 3279 1881 3310 v.
1914 3279 1957 3310 e.
1988 3263 2051 3311 de
2090 3263 2264 3312 AEneae
2300 3265 2459 3328 clipeo
2492 3267 2607 3315 AEn.
2636 3267 2743 3326 xii,·

1598 3328 1709 3374 4³2.
1756 3329 1963 3376 Dederat
1983 3331 2131 3375 ventis
2154 3345 2325 3375 emm
2340 3331 2611 3390 dffundere,
2636 3335 2725 3380 δῶ-

1598 3408 1683 3440 κεν
1716 3388 1902 3448 ἀνέμοις
1928 3388 2165 3452 φέρεσθαι,
2190 3391 2237 3438 h
2262 3407 2303 3438 e.
2330 3392 2725 3452 diffimdendam5

1598 3453 1785 3504 scilicet
1804 3469 1993 3502 comam
2014 3454 2223 3502 solutam
2243 3455 2465 3503 habebat.

1664 3519 1772 3566 320.
1808 3520 1953 3566 Nuda
1982 3534 2117 3580 gem,
2141 3517 2359 3581 adeoque
2384 3521 2646 3580 succincta,
2672 3534 2729 3572 ut

1599 3581 1839 3639 venatrix,
1860 3583 2101 3632 cothurno
2134 3591 2295 3632 nmen
2326 3599 2465 3633 suras
2491 3585 2726 3648 revincta,

1599 3657 1656 3696 ut
1674 3663 1719 3694 v.
1746 3646 1839 3696 337
1864 3646 2131 3709 subiicitur.
2186 3651 2343 3696 Sinam
2374 3652 2623 3713 collegerat
2646 3669 2727 3702 no-

1600 3713 1689 3759 do.-
1724 3709 1887 3774 possis.
1916 3710 2191 3776 intelligere
2222 3713 2435 3772 fibulam,
2458 3723 2517 3763 ut
2540 3715 2628 3764 inf.
2660 3717 2727 3776 iv,

1602 3777 1709 3832 139.
1734 3792 1881 3824 aurea
1906 3791 2189 3838 purpuream
2210 3781 2439 3827 subnectit
2457 3783 2608 3841 fibula
2628 3799 2728 3830 ves-

1598 3846 1703 3892 tem.
1780 3840 1879 3888 Sed
1924 3840 2075 3914 fibula
2110 3841 2275 3890 sinum
2314 3859 2413 3891 non
2452 3845 2640 3908 colligit
2676 3847 2729 3894 in

1598 3912 1811 3967 pectore,
1836 3919 1927 3952 nec
1956 3919 2011 3952 m
2034 3905 2225 3962 tanim
2262 3923 2389 3966 nam,
2412 3909 2453 3957 si
2477 3911 2603 3958 bene
2622 3926 2728 3959 me-

1600 3966 1847 4024 minimus,
1872 3967 2034 4018 fibulae
2066 3969 2123 4017 in
2152 3971 2384 4031 humeris,
2408 3989 2505 4022 non
2536 3972 2592 4022 in
2612 3991 2727 4039 pec-

1600 4039 1719 4089 tore,
1740 4047 1859 4082 usus
1878 4032 1932 4082 in
1956 4032 2123 4082 tunica
2145 4047 2232 4084 est.
2271 4037 2318 4084 N
2323 4053 2379 4085 ec
2400 4037 2453 4086 in
2476 4037 2729 4104 chlamyde

1601 4104 1655 4144 et
1680 4096 1791 4146 aliis
1810 4097 2029 4148 vestibus
2060 4099 2239 4150 nmicae
2264 4102 2619 4166 superiniectis,
2653 4113 2727 4152 ta-

1600 4159 1699 4207 lem
1721 4161 1883 4234 fibulae
1906 4177 2049 4213 usum
2074 4165 2303 4222 memini;
2340 4167 2427 4215 sed
2456 4168 2731 4228 subjectum

1598 4235 1791 4297 pectori
1818 4235 1895 4274 est
1919 4227 2189 4301 pinguium.
2261 4230 2421 4294 Igitur
2456 4233 2632 4280 melius
2666 4233 2729 4282 de

1598 4289 1794 4362 cmgulo
1830 4291 2139 4354 accipiemus.
2209 4293 2408 4344 Scilicet
2441 4298 2583 4344 nodus
2619 4311 2725 4344 om-

1600 4367 1719 4400 mno
1738 4369 1829 4416 pro
1852 4354 2025 4416 quovis
2044 4355 2253 4406 vineisso-
