3050 4934
499 267 586 330 34·

1325 261 1975 328 BUCOLICON

541 413 627 477 25
673 412 997 489 Carmina,
1029 433 1178 496 quae
1207 409 1424 488 vultis,
1451 413 1864 496 cognoscite3
1910 413 2193 476 carmina
2222 408 2427 488 vobis,

672 513 852 578 Huic
879 512 1058 577 aliud
1087 513 1406 576 mercedis
1435 515 1581 576 erit.

1673 511 1879 578 Simul
1906 513 2132 597 incipit
2160 515 2321 597 ipse.

667 615 846 678 Tum
875 636 1030 678 vero
1058 615 1124 678 in
1155 635 1494 679 numerum
1520 613 1913 698 Faunosque
1942 614 2247 697 ferasque
2276 614 2531 678 videres

669 715 959 793 Ludere,
995 726 1129 780 tum
1160 715 1404 800 rigidas
1435 725 1683 780 motare
1714 716 2047 779 cacumina
2075 737 2378 799 quercus·

667 816 816 881 Nec
848 828 1099 880 tantum
1130 816 1390 880 Phoebo
1419 816 1667 900 gaudet
1696 815 2045 880 Parnassia
2072 837 2311 900 rupes;

535 917 624 979 30
667 917 814 982 Nec
845 928 1094 982 tantum
1128 917 1459 1000 Rhodope
1489 918 1804 980 mirantur
1834 927 1901 980 et
1930 916 2215 979 Ismarus
2248 916 2541 1000 Orphea.

751 1017 1054 1102 Namque
1085 1019 1386 1094 canebat,
1415 1019 1512 1080 uti
1542 1039 1844 1101 magnum
1874 1039 1994 1101 per
2022 1017 2213 1080 inane
2240 1029 2467 1082 coacta

669 1119 930 1183 Semina
957 1129 1406 1202 terrarumque
1437 1119 1795 1202 animaeque
1825 1119 2149 1202 marisque
2180 1117 2477 1193 fuissent,

668 1219 763 1283 Et
790 1219 1018 1304 liquidi
1048 1218 1236 1283 simul
1261 1220 1464 1302 ignis3
1511 1229 1585 1282 ut
1614 1218 1717 1281 his
1746 1219 2019 1281 exordia
2048 1219 2269 1302 primis

668 1319 930 1397 Omnia,
961 1331 1029 1384 et
1059 1321 1200 1404 ipse
1233 1329 1418 1382 tener
1445 1319 1669 1382 mundi
1698 1319 2103 1382 concreverit
2132 1319 2346 1396 orbis;

535 1424 620 1486 35
663 1423 838 1487 Tum
870 1424 1108 1487 durare
1141 1422 1369 1500 solum,
1399 1433 1468 1485 et
1497 1421 1867 1485 discludere
1896 1421 2123 1485 Nerea
2148 1433 2353 1505 ponto

669 1523 985 1609 Coeperit,
1016 1535 1085 1590 et
1113 1547 1331 1588 rerum
1360 1521 1694 1607 paullatim
1724 1543 1978 1586 sumere
2010 1521 2286 1600 formas3

666 1624 946 1709 Jamque
977 1646 1213 1689 novum
1242 1636 1434 1690 terrae
1465 1634 1775 1707 stupeant
1802 1623 2131 1687 lucescere
2164 1621 2385 1698 solem,

664 1724 886 1790 Altius
917 1736 1116 1810 atque
1147 1725 1386 1789 cadant
1417 1725 1731 1788 submotis
1760 1724 2043 1788 nubibus
2074 1723 2347 1800 imbres;

663 1823 985 1910 Incipiant
1015 1824 1192 1890 silvae
1220 1847 1420 1909 quum
1449 1825 1727 1909 primum
1756 1846 2048 1908 surgere,
2081 1845 2407 1908 quumque

533 1927 622 1992 40
665 1926 848 1992 Rara
875 1948 996 2011 per
1025 1927 1281 2010 ignotos
1312 1935 1533 1990 errent
1563 1923 1858 1989 animalia
1886 1935 2160 1989 montes·

665 2028 845 2093 Hinc
872 2026 1124 2112 lapides
1156 2024 1430 2110 Pyrrhae
1449 2026 1689 2109 jactoS,
1724 2025 2031 2090 Saturnia
2058 2047 2282 2110 regna,

663 2128 1144 2212 Caucasiasque
1173 2125 1377 2190 refert
1405 2125 1725 2204 volucreS,
1758 2125 2133 2211 furtumque
2165 2125 2561 2192 Promethei.

664 2228 793 2293 His
824 2228 1146 2313 adjungit,
1179 2225 1400 2312 Hylan
1429 2237 1649 2292 nautae
1676 2250 1808 2311 quo
1836 2226 2015 2292 fonte
2046 2226 2340 2292 relictum

485 2437 862 2487 vaticinantibus
905 2439 996 2487 hoc
1035 2437 1168 2486 idem
1211 2437 1372 2486 locum
1411 2437 1609 2493 habuit,

483 2501 648 2566 itaque
679 2503 886 2552 Proteus
917 2501 1126 2551 vinculis
1157 2501 1448 2550 constrictus
1481 2519 1510 2550 a
1545 2501 1611 2550 ud

488 2567 692 2616 Homer.
718 2567 892 2642 Odyss.
914 2569 954 2624 δ,
975 2569 1074 2615 414
1099 2583 1168 2630 sq.
1191 2575 1242 2614 et
1261 2567 1382 2614 Geo.
1407 2565 1472 2624 iv,
1532 2567 1609 2623 96,

484 2633 596 2680 439.
667 2631 735 2679 Et
764 2631 960 2679 Silenus
986 2631 1049 2679 ad
1081 2631 1271 2679 Midam
1301 2629 1494 2678 vinctus
1523 2630 1611 2678 ad-

484 2695 659 2743 ductus
681 2695 766 2743 diu
788 2693 953 2743 renuit
973 2710 1028 2742 ac
1048 2703 1302 2759 repugnat.

552 2759 628 2806 26.
676 2761 804 2808 Huic
838 2762 972 2807 aliud
1006 2761 1226 2807 mercedis
1263 2761 1354 2806 erit
1368 2776 1386 2812 ,-
1435 2772 1609 2806 secun-

485 2822 602 2871 dum
624 2822 724 2880 illa,
747 2827 815 2870 m's
838 2826 963 2870 haud
979 2827 1168 2886 ingrata
1185 2825 1366 2884 puellis.

550 2885 627 2936 2⁷.
663 2889 722 2934 In
751 2903 998 2944 numum,
1023 2887 1084 2934 ad
1106 2887 1387 2950 rhythmum
1418 2885 1610 2944 saltare,

487 2959 544 2998 ut
581 2947 776 3010 παίζειν.
843 2954 1019 2999 Faunis
1063 2949 1350 2999 saltantibus
1392 2950 1615 3013 adjungit

471 3013 608 3078 feras
629 3015 863 3064 saltantes
891 3025 942 3062 et
967 3014 1164 3076 suincit
1184 3031 1374 3076 quercus
1394 3023 1615 3063 metantes

483 3083 734 3136 cacumina,
775 3088 860 3127 aut
899 3079 1111 3135 omnino,
1151 3087 1237 3127 aut
1269 3086 1522 3126 moventes
1560 3079 1614 3126 in

487 3159 760 3192 numerum.
845 3143 1005 3191 Tanta
1043 3142 1231 3190 scilicet
1265 3157 1293 3190 e
1337 3151 1484 3189 cantu
1524 3158 1611 3190 au-

485 3207 589 3254 dito
639 3217 716 3255 est
756 3206 994 3271 voluptas,
1041 3215 1176 3254 tanta
1222 3205 1452 3255 caminis
1500 3206 1609 3254 dul-

495 3271 631 3318 cedo.
1291 3315 1298 3322 .

551 3336 758 3382 31-34.
795 3334 876 3382 Ex
898 3334 1148 3399 Apollonii
1171 3335 1437 3397 Argonaut.
1457 3333 1490 3391 i,
1516 3333 1613 3384 496

485 3413 587 3462 sqq.
633 3397 842 3463 petitum
882 3399 974 3447 hoc
1009 3398 1292 3447 exordiumz
1345 3398 1469 3446 adde
1509 3399 1610 3446 Lu-

484 3473 603 3512 cret.
623 3479 668 3520 v,
684 3465 780 3510 453
802 3477 898 3524 sq.:
920 3472 1260 3526 argumentum
1283 3462 1510 3524 frequens
1525 3478 1608 3510 ve-

486 3526 863 3576 tustissimorum
894 3526 1180 3585 carminum,
1214 3526 1276 3574 de
1312 3541 1475 3574 rerum
1511 3525 1607 3574 ori-

481 3591 598 3655 gine
633 3606 696 3640 ex
725 3589 994 3650 elementis,
1025 3591 1182 3655 iisque
1213 3601 1356 3638 antea
1369 3589 1609 3639 ‘confusis

484 3660 668 3705 Semina
699 3666 815 3704 sunt
841 3655 1095 3715 elementa,
1121 3670 1218 3704 non
1247 3654 1396 3704 atomi
1425 3655 1609 3731 Epicu-

482 3720 571 3776 rei,
600 3721 664 3768 ad
693 3735 812 3782 quas
841 3735 898 3768 ea
927 3730 1160 3769 revocant
1183 3719 1502 3782 grammatici,
1532 3719 1608 3767 in-

483 3784 619 3832 ducti
652 3799 742 3848 per
769 3799 870 3832 voc.
901 3787 1069 3838 §nanu
1109 3784 1196 3832 sed
1224 3793 1342 3832 sunt
1369 3786 1613 3831 elementa

483 3863 574 3912 per
601 3849 748 3896 chaos
779 3861 973 3911 sparsa:
1009 3847 1172 3909 itaque
1195 3856 1351 3894 coacta
1379 3846 1508 3893 dixit
1529 3863 1607 3895 se-

485 3911 632 3969 mina,
665 3927 774 3975 quae
805 3909 986 3975 passim
1022 3926 1110 3974 per
1145 3925 1352 3958 vacuum
1387 3909 1608 3958 fereban-

485 3984 580 4030 tur,
617 3991 747 4024 nunc
783 3975 847 4022 ad
877 3983 1085 4037 quatuor
1117 3989 1283 4022 rerum
1315 3989 1496 4036 genera
1529 3989 1608 4022 re·

485 4038 638 4085 (lacta.
706 4042 928 4102 Magnum
951 4043 1099 4097 inane,
1123 4049 1176 4086 et
1195 4041 1350 4086 anima
1370 4053 1462 4112 pro
1481 4053 1609 4096 aere.

486 4111 538 4150 et
569 4104 770 4162 liquidam
795 4107 930 4165 ignit,
959 4102 1250 4152 Lucretiana
1278 4111 1446 4150 oratio.
1519 4105 1607 4150 Te-

485 4181 568 4214 ner
589 4168 725 4222 orbis,
751 4175 806 4213 ut
827 4174 994 4215 tenera
1013 4183 1088 4216 res
1111 4169 1230 4216 Geo.
1254 4165 1306 4224 ii,
1333 4167 1442 4214 343.

566 4229 643 4287 35,
687 4229 762 4276 36.
819 4231 933 4278 Tum
974 4235 1145 4280 durare
1183 4233 1337 4279 calm
1419 4229 1611 4278 Cecinit

487 4304 606 4351 tum,
629 4303 686 4341 ut
708 4303 837 4340 terra
863 4296 1068 4358 coeperit
1091 4295 1402 4344 indurescere
1421 4306 1472 4343 et
1492 4294 1607 4344 soli-

487 4357 608 4414 dari,
631 4357 850 4418 adeoque
881 4373 1030 4420 aquas
1059 4359 1295 4408 discretas
1317 4369 1368 4408 et
1393 4375 1422 4408 a
1444 4375 1503 4408 su
1538 4375 1615 4408 er-

489 4421 599 4470 ficie
633 4421 764 4469 intra
783 4431 942 4469 certos
973 4421 1096 4472 fines
1127 4433 1176 4470 et
1204 4423 1370 4472 littora
1389 4424 1520 4488 depu
1538 4439 1617 4472 aas

1678 2437 1799 2486 mari
1818 2437 2081 2498 includere,
2104 2448 2155 2487 et
2231 2439 2422 2488 ullatim
2434 2439 2600 2489 herbis
2615 2442 2816 2490 arbori-

1677 2503 1863 2564 busque
1892 2503 2075 2551 vestiri.
2188 2519 2232 2551 ae
2254 2503 2387 2552 enim
2408 2515 2523 2554 sunt
2538 2503 2705 2567 for-nn
2728 2523 2817 2554 re-

1676 2581 1791 2622 rum,
1813 2582 1934 2628 quae,
1954 2567 2164 2616 exclusis
2180 2567 2332 2630 aquis,
2356 2567 2409 2616 in
2428 2569 2688 2633 superficie
2710 2570 2817 2619 tel-

1677 2629 1798 2678 luris
1819 2646 2119 2694 apparuere:
2155 2631 2215 2679 cf.
2242 2633 2436 2680 Lucret.
2461 2649 2507 2692 v,
2532 2633 2641 2684 781.

1757 2692 1963 2743 37-40.
2012 2697 2783 2758 stupeant—eadam—Incipim
2798 2719 2819 2748 .-

1678 2765 1870 2822 tempus
1902 2773 2119 2822 praesens
2146 2775 2238 2823 pro
2268 2761 2542 2824 praeterito=
2582 2762 2816 2820 canebat,

1677 2822 2035 2934 pctlstiffigieript,
2051 2823 2319 2935 cecitderint
2334 2825 2557 2936 &cg-sad
2570 2825 2819 2939 valetgigcc

1760 2902 1807 2934 vn
1910 2902 1965 2934 or
1995 2903 2043 2935 m
2062 2903 2147 2935 ora
2168 2903 2345 2936 ionem.
2448 2905 2495 2937 ic
2566 2905 2682 2938 vero

1678 2959 1847 2998 ornate
1878 2965 1983 3014 pro,
2016 2961 2073 2999 ut
2102 2952 2176 2999 sol
2206 2961 2257 3000 et
2287 2953 2464 3002 coelum
2496 2951 2677 3002 factum
2704 2955 2811 3011 εἰει

1678 3013 1850 3062 levatis
1872 3029 1903 3062 a
1930 3024 2073 3073 terra,
2105 3031 2251 3078 quam
2280 3017 2579 3076 obsidebant,
2606 3019 2809 3082 vapori-

1678 3079 1770 3127 bus
1803 3089 1852 3127 et
1888 3079 2091 3136 nebulis,
2120 3079 2352 3130 collectus
2384 3097 2469 3130 aer
2494 3082 2611 3130 facit
2638 3091 2808 3140 ,atmo-

1678 3143 1945 3206 sphaeram;
2000 3144 2131 3192 unde
2164 3161 2278 3192 mox
2316 3145 2495 3194 iterum
2526 3146 2705 3210 pluviae
2750 3147 2811 3196 in

1678 3215 1833 3255 terras
1854 3207 2219 3256 descenderent.
2287 3210 2535 3272 Incipient,
2560 3225 2671 3258 cum
2694 3211 2809 3274 pri-

1678 3286 1811 3318 mum
1828 3270 1963 3319 silvae
1978 3271 2253 3336 inciperent
2269 3273 2432 3322 enasci
2448 3289 2561 3322 cum
2578 3273 2807 3322 arnman-

1678 3333 1821 3383 tibus.
1889 3338 2069 3384 Montes
2089 3339 2277 3398 ignotos,
2300 3337 2355 3385 in
2374 3337 2551 3400 quibus
2572 3346 2677 3386 tum
2696 3338 2811 3402 pri-

1678 3413 1811 3447 mum
1834 3399 1950 3447 ferae
1972 3402 2284 3462 vagabantur.

1740 3465 1818 3518 41,
1842 3465 1921 3510 42.
1960 3463 2234 3513 Hominum
2256 3464 2494 3527 originem
2516 3468 2619 3528 Jam
2648 3481 2807 3530 expo-

1676 3540 1793 3574 nere
1816 3527 2048 3582 debcbat;
2084 3529 2185 3586 sed,
2214 3538 2265 3577 et
2328 3529 2533 3578 ceticam
2562 3529 2811 3580 rationem

1677 3601 1727 3639 et
1743 3590 2181 3640 vetustissimorum
2201 3592 2285 3657 phi
2306 3609 2389 3641 oso
2424 3594 2597 3641 horum
2614 3609 2809 3644 morem

1676 3665 1887 3712 secutus,
1924 3655 2099 3704 fabulis
2132 3672 2238 3704 eam
2272 3656 2387 3705 invo
2405 3667 2539 3705 utam
2570 3659 2807 3722 exponit3

1676 3719 1928 3833 3²32&
1944 3719 2627 3848 :fffflffmfflassssffss'fgaiffi
2646 3722 2812 3850 §3¹3²

1675 3846 1911 3896 lodorum.
1966 3849 2223 3896 Delectare
2244 3863 2391 3912 porro
2410 3849 2688 3898 narratione
2708 3867 2807 3914 pu-

1678 3925 1785 3959 eros
1818 3921 1869 3959 et
1897 3911 2111 3975 puellam
2140 3913 2318 3974 AEglen
2352 3913 2643 3971 institueras.
2712 3918 2807 3964 Sa·

1678 3978 1803 4022 turni
1821 3991 2006 4037 regnum
2024 3975 2085 4022 ad
2098 3975 2344 4024 diversum
2358 3978 2635 4040 mythorum
2646 3993 2809 4041 genus

1676 4038 2017 4100 diversumque
2044 4039 2321 4102 mythorum
2346 4041 2569 4090 ordinem
2598 4053 2807 4106 spectat,

1676 4111 1731 4151 ut
1760 4113 1809 4150 et
1840 4103 2106 4151 subductus
2128 4119 2157 4150 a
2186 4105 2477 4153 Prometheo
2508 4115 2559 4154 et
2590 4107 2805 4157 homini-

1676 4169 1766 4214 bus
1786 4167 1857 4214 im
1890 4167 2065 4216 ertitus
2086 4167 2241 4230 ignis3
2273 4185 2365 4217 sun
2420 4185 2483 4217 ue
2498 4170 2601 4218 haee
2618 4169 2810 4221 diluvio
2833 4163 2837 4168 ’

1678 4231 1791 4280 Deu
1866 4230 1992 4280 ionis
2026 4232 2295 4281 anteriora:
2462 4233 2515 4282 in
2556 4235 2641 4282 tali
2681 4251 2808 4284 enu-

1678 4295 1943 4345 meratione
1960 4297 2180 4345 ordinem
2198 4307 2471 4361 temporum
2490 4313 2689 4348 servare
2706 4315 2809 4349 non

1683 4375 1881 4409 necesse
1904 4371 2023 4410 erat.

1747 4427 1825 4480 43,
1864 4427 1939 4472 44.
1992 4426 2071 4473 Ex
2116 4425 2461 4488 insignioribus
2500 4425 2812 4489 antiquitatis
