3050 4934
490 244 625 309 536
1392 237 1920 305 AENEIDOS

489 394 623 457 810
665 392 1135 476 Discussaeque
1155 390 1339 475 jubae
1368 390 1606 473 capiti:
1651 410 1772 453 nec
1803 386 2042 452 sufficit
2071 390 2268 455 umbo

660 493 949 570 Ictibus;
994 492 1392 575 ingeminant
1416 490 1624 555 hastis
1655 500 1724 553 et
1753 488 1970 553 Troes
2001 500 2070 554 et
2099 491 2240 574 ipse

658 593 1032 657 Fulmineus
1058 591 1475 657 Mnestheus.
1551 589 1729 655 Tum
1757 600 1896 654 toto
1926 611 2201 675 corpore
2233 593 2439 659 sudor

660 694 989 778 Liquitur,
1022 705 1091 757 et
1117 694 1374 778 piceum
1402 691 1550 775 (nec
1579 691 1906 775 respirare
1934 694 2256 777 potestas)

660 794 933 859 Flumen
963 796 1135 877 agit3
1181 792 1393 857 fessos
1423 792 1638 877 quatit
1664 813 1814 857 acer
1843 792 2167 858 anhelitus
2199 806 2404 859 artus·

488 897 617 961 815
658 895 835 961 Tum
865 897 1125 962 demum
1152 917 1451 980 praeceps
1484 892 1656 959 saltu
1685 915 1830 958 sese
1861 896 2158 961 omnibus
2189 897 2384 961 armis

656 997 738 1062 In
766 998 1033 1062 fluvium
1062 997 1267 1062 dedit.
1346 995 1465 1061 Ille
1498 1018 1620 1061 suo
1649 1016 1796 1059 cum
1824 996 2084 1079 gurgite
2119 996 2292 1061 flavo

659 1098 942 1183 Accepit
970 1098 1355 1173 venientem,
1387 1118 1463 1161 ac
1492 1095 1792 1161 mollibus
1821 1095 2058 1161 extulit
2083 1099 2316 1176 undis;

660 1200 755 1265 Et
781 1200 1003 1265 laetum
1033 1200 1225 1264 sociis
1255 1196 1479 1263 abluta
1508 1197 1692 1263 caede
1720 1197 1988 1263 remisit.

484 1405 577 1463 lea,
602 1420 715 1453 nam
737 1403 801 1453 de
834 1404 927 1453 hac
961 1402 1137 1478 agitur,
1158 1402 1261 1465 agit
1291 1401 1455 1459 rimas,
1478 1416 1614 1449 rum-

524 1469 651 1517 itur:
686 1468 745 1517 cf.
771 1467 832 1516 ad
854 1468 974 1516 Geo.
1000 1482 1032 1524 1,
1063 1468 1181 1522 180;
1218 1465 1382 1529 itaque
1404 1480 1517 1513 eum
1539 1464 1615 1512 di-

506 1544 617 1581 ectu
636 1531 877 1594 adjectum
900 1530 1151 1595 epitheton
1175 1533 1337 1579 solida.

552 1599 663 1655 813,
688 1598 798 1647 814.
832 1598 1349 1657 Sudorpiccmfiumen
1360 1597 1495 1657 agib-
1526 1594 1620 1641 hoc

486 1670 577 1719 est,
600 1670 657 1709 ut
692 1660 890 1709 Servius
929 1658 1293 1725 interpretatur,
1334 1656 1613 1715 sordidum

488 1724 692 1789 pulvere
715 1734 767 1773 et
786 1739 972 1773 cruore.

554 1789 665 1837 816.
700 1792 792 1837 Suo
812 1806 912 1837 cum
929 1791 1132 1852 gurgite,
1154 1795 1241 1835 aut
1259 1796 1316 1836 ut
1336 1794 1478 1835 vacet
1498 1802 1615 1844 cuna,

485 1862 544 1902 ut
564 1869 709 1919 σερε,
729 1862 816 1902 aut
826 1863 885 1902 ut
898 1851 1119 1917 capiatur
1135 1866 1191 1901 ac
1214 1851 1257 1901 si
1280 1861 1411 1902 esset
1430 1855 1495 1901 in.
1547 1851 1619 1899 Ut

1683 1400 1870 1513 (fg-meis
1903 1400 2064 1465 poetis
2098 1402 2190 1451 σὺν
2220 1417 2312 1467 pro
2345 1404 2410 1452 ἐν.
2469 1405 2602 1455 Usus
2633 1406 2816 1470 ubique

1682 1480 1713 1512 o
1747 1480 1870 1513 vius.

1749 1528 1862 1586 817,
1883 1530 1995 1577 818.
2031 1528 2229 1579 Scilicet
2239 1532 2456 1580 secundo
2467 1532 2684 1591 flumine,
2697 1550 2812 1599 pn·-

1685 1608 1748 1641 vo
1780 1593 2054 1651 intervallo,
2075 1594 2265 1644 delatus
2301 1596 2364 1643 ad
2402 1612 2517 1646 suos
2551 1599 2814 1662 pervenire

1681 1657 1864 1705 debuit.
1908 1660 2130 1706 Mollibus
2145 1674 2324 1707 otnnns
2342 1675 2370 1708 e
2404 1660 2608 1720 itheton‚
2625 1670 2676 1711 et
2691 1662 2810 1711 nim-

1679 1721 1876 1785 pliciter
1897 1730 2122 1771 nstin-am
2145 1737 2282 1786 aquae
2377 1734 2468 1773 ert.
2518 1729 2700 1775 Ablata
2719 1745 2810 1777 σα·-

1681 1788 1737 1834 de
1754 1806 1770 1835 .·
1805 1796 2146 1836 ornamentum
2182 1803 2245 1837 ex
2284 1789 2526 1851 adiunctis
2559 1800 2812 1856 arreptum

1682 1860 1786 1908 est3
1820 1850 1944 1899 nihil
1965 1851 2188 1916 amplius.
2248 1854 2384 1902 Gaede
2400 1854 2450 1902 h.
2474 1856 2728 1919 sanguine.
