3050 4934
1150 273 1495 339 LIBER
1539 274 1640 339 ΙΙ.

2450 288 2570 349 113

250 420 383 483 340
424 420 649 494 Quum
678 423 907 505 primae
936 422 1145 487 lucem
1172 424 1463 507 pecudes
1494 424 1798 503 hausere,
1831 428 2166 514 virumque

420 522 667 587 Ferrea
693 524 1043 607 progenies
1072 523 1255 587 duris
1282 536 1483 611 caput
1510 524 1746 591 extulit
1772 530 1967 606 arvis,

418 623 863 708 Immissoeque
894 624 1053 689 ferae
1082 623 1283 702 silvis,
1314 636 1383 691 et

1410 627 1628 691 sidera
1657 626 1846 693 coelo.

418 723 568 789 Nec
596 747 705 789 res
732 725 909 790 hunc
938 736 1183 791 tenerae
1214 737 1487 810 possent
1512 728 1808 812 perferre
1837 728 2150 809 laborem,

420 824 495 889 Si
520 848 655 890 non
684 838 865 891 tanta
894 827 1083 911 quies
1109 829 1239 892 iret
1266 828 1604 912 frigusque
1635 829 2044 915 caloremque

246 926 377 989 345
420 926 628 1004 Inter,
658 938 727 992 et
754 930 1091 1013 exciperet
1116 927 1265 993 coeli
1292 928 1699 1013 indulgentia
1726 941 1958 995 terraS.

506 1028 709 1101 Quod
738 1040 1063 1113 superest,
1092 1052 1515 1117 quaecumque
1548 1051 1802 1114 premes
1831 1032 2109 1117 virgulta
2141 1057 2260 1119 per
2289 1060 2506 1121 agi-oa,

421 1128 677 1213 Sparge
706 1130 859 1193 fimo
884 1132 1136 1215 pingui,
1166 1142 1235 1195 et
1262 1130 1465 1195 multa
1492 1153 1736 1197 memor
1763 1132 1988 1199 occule
2017 1146 2234 1200 terra:

420 1228 563 1294 Aut
592 1230 875 1315 lapidem
904 1231 1219 1310 bibulum,
1249 1243 1365 1296 aut
1394 1231 1768 1317 squalentes
1797 1233 2018 1299 infode
2049 1234 2368 1315 conchas;

418 1328 599 1395 Inter
628 1334 799 1397 enim
825 1332 1129 1397 labentur
1156 1356 1367 1425 aquai,
1400 1335 1744 1418 tenuisque
1775 1336 2022 1399 subibit

238 1429 375 1494 350
418 1430 709 1509 Halitus„
740 1442 935 1516 atque
968 1435 1213 1497 animos
1242 1431 1471 1498 tollent
1501 1446 1664 1499 sata.
1755 1434 2034 1520 Jamque
2065 1441 2334 1523 reperti,

417 1531 555 1604 Qui
584 1554 745 1596 saxo
776 1554 995 1617 super,
1026 1546 1225 1618 atque
1254 1535 1534 1619 ingentis
1567 1536 1856 1619 pondere
1888 1548 2078 1603 testae

414 1632 782 1717 Urgerent:
829 1632 955 1699 hoc
985 1634 1233 1701 effusos
1261 1636 1590 1699 munimen
1619 1637 1704 1699 ad
1731 1638 2005 1715 imbres3

417 1733 591 1810 Hoc,
624 1735 737 1798 ubi
766 1734 981 1800 hiulca
1012 1737 1118 1800 siti
1146 1736 1339 1800 findit
1369 1736 1568 1799 Canis
1597 1735 1842 1801 aestifer
1871 1760 2043 1801 arva.

240 1924 351 1985 quis
372 1924 443 1972 ita
470 1924 711 1983 statuerit,
738 1926 929 1975 nescio:
966 1926 1127 1991 potuit
1144 1936 1291 1991 poeta
1316 1926 1369 1973 in

236 1988 359 2037 illud
380 1989 671 2052 phantasma
692 1988 907 2038 incidere
930 1991 1047 2038 dum
1070 2006 1240 2038 versus
1265 1988 1365 2037 Lu-

238 2053 488 2101 aetiano-
508 2068 535 2101 r
688 2055 885 2102 oscebat
902 2070 949 2111 v,
970 2054 1066 2105 778
1086 2070 1187 2117 sqq.
1224 2054 1369 2109 Quod

234 2116 1072 2245 ffthgoffiaeiffiip'uthffceffefi
1088 2118 1363 2240 adi-usipffiitiit:

234 2258 355 2292 unm
370 2258 487 2293 vere
508 2260 573 2292 an
594 2256 861 2293 auctunmo
878 2246 1091 2295 muudus
1108 2247 1361 2295 exordium

234 2308 473 2357 habuerit.
544 2312 802 2357 &ematis
831 2313 1003 2369 numdi,
1035 2325 1125 2374 pro
1156 2310 1359 2373 vulg-ari,

234 2372 493 2421 nascentis.
558 2374 773 2422 Tener-em
794 2389 885 2438 pro
906 2384 1197 2438 tempestate
1218 2374 1357 2433 dixit,

230 2437 987 2551 fflfinpm'⁰„¹³¹.³²;u⁸⁵u.⁸⁶oessmp²³⁸
1018 2438 1356 2551 “felssffl’u..

232 2564 359 2613 bilin.
446 2566 561 2613 Non
656 2565 754 2613 iam
802 2518 997 2615 „apl-:³3⁸⁹
1012 2518 1357 2624 effiditiffrtilem,

230 2628 365 2677 aliud
410 2638 515 2677 tum
558 2630 677 2677 anni
732 2638 939 2694 tempus,
984 2630 1135 2679 finisse
1174 2640 1357 2693 putem,

230 2708 341 2739 cum
362 2693 577 2741 mundus
592 2695 861 2743 creabatur.
916 2698 1057 2743 Orbis
1074 2698 1245 2757 agebat
1262 2710 1355 2751 ver,

232 2766 285 2803 ut
302 2772 445 2819 agere
453 2754 647 2817 statan-
705 2761 909 2821 Hagnas
928 2774 1047 2807 vero
1068 2762 1205 2817 orbis,
1224 2775 1355 2807 mn-

228 2822 329 2877 δυ,
368 2838 541 2883 nagan
582 2829 725 2879 terra,
766 2832 1003 2886 perpetua
1046 2832 1163 2871 sunt
1198 2822 1359 2886 poetis

228 2884 417 2933 Grecis
458 2892 513 2931 et
554 2885 773 2941 Latini„
826 2902 891 2935 ex
928 2886 1129 2950 antiqua
1171 2886 1359 2935 scilicet

226 2948 381 3011 poesi,
432 2948 567 2997 unde
618 2960 671 2997 et
722 2965 899 2998 nomen
950 2954 1141 3015 Magna
1194 2955 1357 2999 matris

226 3010 383 3061 fluxit.
446 3015 619 3061 Lm
636 3017 833 3075 pecudes
850 3018 1041 3065 hausere
1064 3015 1359 3064 Lucretiana

224 3075 457 3141 loquendi
480 3078 651 3135 forms,
674 3087 729 3126 ut
747 3078 801 3135 ii,
828 3081 966 3127 1038.

288 3144 403 3189 241.
456 3142 525 3189 Et
561 3157 673 3189 cum
714 3142 937 3191 homines
975 3144 1121 3208 primi
1158 3158 1187 3191 e
1226 3152 1358 3191 terra

228 3206 333 3254 nati
364 3216 511 3260 mnu
560 3206 815 3255 notissima
844 3216 1064 3256 veterum
1099 3207 1357 3271 opinione:

230 3270 425 3319 Lucret-
466 3285 515 3325 v,
552 3272 649 3318 8⁰³
684 3286 753 3333 sq.
792 3270 843 3328 ii,
882 3274 1005 3319 1150
1038 3288 1107 3334 sq.
1164 3272 1363 3325 Quanta

228 3344 431 3383 ornatus
464 3334 677 3382 varietas
708 3336 801 3382 hoc
836 3344 887 3383 et
918 3346 1152 3399 sequente
1186 3336 1357 3383 versu!

228 3400 405 3446 Fen-n
434 3402 694 3461 maier,
730 3398 1017 3463 simpliciter
1049 3414 1153 3463 pro,
1180 3398 1359 3447 durum

222 3478 397 3525 genu,
418 3470 625 3527 propter
654 3462 845 3511 labores
877 3474 927 3511 et
954 3478 1197 3511 aerumnas
1230 3463 1351 3510 tole-

487 3530 631 3574 Ann's
650 3530 799 3585 dar-0⁶⁸,
822 3528 1037 3575 nondum
1062 3528 1199 3575 cultu
1220 3527 1353 3575 miti-

226 3590 369 3663 gatis-
426 3590 547 3647 Alii,
570 3606 683 3637 cum
708 3591 933 3639 Bentleio
958 3592 1019 3639 ad
1044 3592 1169 3639 Hor.
1194 3591 1353 3655 Epod.

230 3654 279 3711 ui,
322 3657 399 3711 18,
440 3654 709 3718 penserunt
746 3663 899 3702 terrea
926 3659 1181 3719 progenies,
1224 3656 1270 3703 h.
1310 3670 1353 3702 e.

230 3718 506 3781 nerigean,
529 3718 767 3767 homines.

292 3784 570 3831 ate—343.
604 3782 757 3831 Redit
775 3782 839 3831 ad
856 3783 1109 3847 superiora
1130 3782 1247 3831 inde
1265 3798 1294 3830 a
1315 3798 1359 3829 v.

232 3848 341 3895 380.
390 3849 482 3895 Res
504 3854 687 3905 unere,
706 3860 833 3895 nova
850 3858 969 3905 sata,
988 3848 1199 3905 stondes,
1222 3862 1357 3909 gem-

228 3926 323 3959 ·oe
366 3922 462 3959 etc.
540 3912 778 3967 Labor-en,
822 3912 927 3960 scil.
972 3928 1036 3959 ex
1074 3912 1256 3973 frigore
1304 3926 1361 3959 ac

226 3976 385 4023 calore
408 3985 643 4037 tanquam
670 3976 955 4033 molestiam,
976 3974 1137 4024 τόνον.
1208 3977 1361 4022 Tanta

226 4044 369 4101 quies,
404 4038 471 4087 de
506 4038 769 4100 tranquilla
804 4039 921 4087 anni
962 4039 1213 4103 temperie,
1251 4054 1357 4086 mo·-

226 4104 395 4153 deran
428 4104 561 4151 inter
599 4112 773 4151 mamm
810 4113 861 4151 et
896 4104 1065 4166 frigus.
1134 4104 1235 4150 Iret
1268 4118 1359 4165 pro

226 4178 369 4226 exet,
392 4166 585 4229 vulgari
614 4168 777 4214 verbo.
836 4167 939 4215 Alii
961 4182 1057 4215 vsa.
1084 4168 1357 4223 ³43-345,

226 4248 335 4279 curn
368 4230 775 4279 antecedentibus
794 4232 857 4279 de
883 4232 1003 4279 orbe
1032 4242 1271 4278 terrarum
1304 4229 1357 4277 in

230 4310 341 4345 vere
374 4304 493 4343 nato
518 4298 747 4357 jungunt,
778 4309 837 4343 ut
858 4303 1057 4357 meent,
1092 4298 1197 4351 iret,
1230 4297 1355 4341 exei-

222 4368 366 4420 peret,
408 4359 527 4416 sint,
570 4374 661 4422 pro
698 4363 967 4420 pusiam,
1007 4368 1059 4407 et
1101 4358 1171 4406 sic
1211 4372 1359 4421 porro

224 4424 369 4483 dieta,
394 4438 488 4472 nec
510 4423 651 4472 male.
722 4426 975 4484 Excipiant
1002 4436 1111 4472 scae
1144 4421 1358 4469 invicem

1434 1940 1512 1975 res
1545 1941 1652 1987 quae
1683 1926 1775 1974 sibi
1809 1926 2103 1975 succedunt:
2151 1935 2255 1977 tum
2285 1928 2434 1977 etiam
2464 1946 2558 1990 res,

1431 2005 1588 2047 casus,
1613 1989 1696 2052 qui
1727 1988 1958 2047 existunt,
1983 2000 2252 2053 emergunt,
2278 2002 2362 2040 aut
2389 2010 2557 2042 succe-

1432 2053 1572 2111 dunt,
1604 2058 1808 2115 excipere
1851 2069 1940 2103 nos
1975 2054 2231 2112 dicuntum
2280 2066 2338 2104 ut
2367 2056 2422 2106 in
2457 2058 2558 2117 illo,

1432 2120 1566 2164 aliud
1589 2120 1749 2165 bellum
1771 2135 1870 2165 eum
1892 2122 2082 2181 excepit.
2143 2120 2220 2168 Ita
2243 2120 2436 2170 videtur
2457 2122 2506 2171 h.
2525 2123 2557 2171 l.

1430 2181 1630 2229 dictum.
1707 2181 1906 2243 Alioqui
1943 2198 2008 2231 ex
2050 2198 2123 2241 eo,
2164 2184 2293 2246 quod
2334 2189 2556 2248 excipere,

1429 2245 1640 2308 benigne
1680 2245 1892 2307 aliquem
1925 2254 2148 2305 tractare,
2181 2248 2360 2307 fovere,
2390 2250 2552 2315 desig-

1428 2318 1525 2367 nat,
1551 2308 1760 2373 petitum
1783 2310 1938 2357 videri
1969 2310 2138 2373 possit,
2163 2320 2218 2361 ut
2239 2313 2431 2363 Coelum
2463 2330 2550 2365 ex-

1424 2372 1590 2437 cipere
1611 2372 1800 2421 dicatur
1821 2374 2040 2421 Terram.
2087 2376 2186 2423 Sed
2217 2376 2308 2425 hoc
2335 2378 2556 2439 argutius

1424 2453 1570 2499 quam
1603 2453 1694 2511 par
1725 2446 1800 2487 est
1827 2437 2012 2485 dictum
2048 2448 2189 2487 esset.
2257 2442 2558 2515 Indulgent&

1422 2500 1677 2564 pulchrius
1699 2516 1844 2562 quam
1867 2502 2168 2564 temperatio,
2193 2501 2466 2551 clementia.

1490 2564 1602 2612 346.
1653 2565 1798 2613 Nunc
1835 2564 1896 2613 de
1931 2580 2050 2613 cura
2080 2565 2384 2615 surculorum
2417 2568 2550 2631 posi-

1426 2638 1600 2677 torum.
1677 2632 1908 2691 Virgulta,
1927 2638 2175 2677 sarmenta
2205 2629 2440 2692 intelligo,
2465 2647 2554 2681 seu

1423 2693 1644 2741 surculos
1699 2692 1874 2741 vitium
1915 2692 2130 2755 cujusvis
2183 2694 2394 2755 generis,
2447 2695 2552 2745 sive

1422 2755 1686 2813 malleolos,
1729 2757 1832 2805 sive
1872 2756 2176 2815 viviradices,
2221 2756 2326 2807 sive
2369 2774 2548 2823 propa-

1420 2820 1576 2883 gines.
1645 2820 1913 2869 Enimvero
1935 2837 2141 2881 premere
2162 2831 2306 2885 poeta
2327 2821 2390 2871 de
2412 2824 2546 2873 omni

1422 2884 1724 2947 plantatione
1753 2894 1886 2933 recte
1911 2884 2076 2933 dicere
2163 2894 2272 2943 test,
2295 2900 2407 2933 cum
2437 2903 2546 2937 sur-

1420 2948 1561 2997 culus
1583 2948 1634 2995 in
1657 2949 1826 2997 scrobe
1850 2948 2064 3012 ponitur,
2122 2948 2330 3010 eiigitur,
2365 2949 2542 2999 infodi—

1420 3022 1515 3061 tur.
1583 3013 1712 3061 Tum
1751 3012 1939 3062 Colum.
1974 3011 2044 3069 iii,
2087 3014 2158 3069 15,
2197 3014 2242 3069 4,
2277 3012 2362 3061 ubi
2396 3014 2542 3065 hosce

1420 3092 1593 3125 versus
1604 3076 1804 3140 ‚recitas
1833 3076 1894 3124 de
1926 3076 2274 3127 transferendis
2304 3077 2366 3125 de
2395 3078 2542 3125 semi-

1421 3140 1562 3189 nario
1605 3139 1776 3190 vitium
1815 3140 2012 3203 plantis,
2049 3156 2150 3189 non
2188 3141 2250 3187 de
2285 3142 2554 3205 propagine

1428 3215 1513 3253 aut
1537 3204 1735 3253 traduce
1761 3203 1988 3266 loquitur.
2045 3204 2200 3253 Porro
2215 3222 2304 3265 per
2325 3220 2462 3267 agros
2485 3215 2562 3255 est

1424 3269 1487 3317 de
1524 3268 1682 3317 vineis
1723 3268 2091 3331 accipiendum3
2141 3268 2269 3330 quod
2315 3270 2556 3318 sermonis

1425 3332 1606 3396 poetici
1637 3333 1764 3381 ratio
1789 3332 2038 3389 suadebat,
2063 3342 2120 3381 ut
2139 3332 2366 3395 vulgares
2387 3334 2558 3383 modos

1426 3398 1630 3451 vitarem
1669 3406 1770 3471 tum
1801 3412 1965 3471 serere,
1992 3400 2178 3455 nmina,
2212 3404 2422 3458 segetem,
2449 3400 2556 3459 jam

1420 3462 1636 3573 affige
1659 3461 1816 3572 Ὲῗξιίἷ
1839 3460 2064 3585 Ῡὶιέιρὶᾚ
2118 3526 2334 3579 bibulum,
2387 3522 2552 3585 pumi-

1419 3604 1542 3645 cem,
1583 3596 1670 3635 aut
1707 3588 2012 3641 sabulosum3
2063 3594 2114 3633 et
2151 3588 2410 3646 squalentes
2449 3602 2554 3633 eou-

1419 3656 1543 3709 cluu,
1569 3666 1766 3698 mucosa
1787 3649 1950 3711 aliqua
1969 3648 2123 3697 saliva
2150 3648 2399 3704 inductam
2437 3664 2552 3699 nam

1424 3715 1648 3779 squalere
1679 3714 1910 3762 dicuntur
1939 3728 1996 3761 ea
2019 3728 2128 3775 quse
2155 3711 2368 3769 madore,
2395 3728 2552 3772 muco,

1425 3780 1663 3836 sordibus,
1689 3788 1793 3827 tum
1825 3792 2114 3840 quocunque
2135 3778 2340 3825 humore
2364 3785 2450 3825 aut
2469 3792 2550 3825 co-

1424 3845 1529 3894 lore
1552 3844 1758 3892 obducta
1781 3852 1923 3891 sunt:
1959 3842 2020 3891 ef.
2045 3842 2106 3891 ad
2130 3842 2250 3891 Geo.
2277 3841 2339 3897 iv,
2368 3841 2444 3888 91.

1492 3910 1764 3957 349--353.
1819 3910 1987 3955 Tenuis
2024 3909 2198 3955 halitus
2238 3904 2387 3960 venti,
2425 3904 2558 3954 inter

1424 3974 1676 4037 pumicum
1721 3988 1776 4020 ac
1833 3982 2068 4021 testarum
2113 3970 2398 4031 fragmenta,
2445 3976 2552 4015 tan-

1424 4052 1570 4099 quam
1611 4052 1704 4099 per
1745 4034 2026 4099 spiramina,
2073 4042 2332 4095 penetrare
2377 4041 2554 4095 potest,

1424 4110 1570 4162 atque
1613 4100 1734 4147 adeo
1777 4100 1968 4148 radices
2015 4096 2180 4145 fovere
2225 4105 2276 4143 et
2317 4110 2553 4145 recreare.

1422 4168 1612 4213 Animos
1641 4166 1799 4211 tollent
1831 4170 1952 4217 sata,
1977 4160 2208 4223 vigorem,
2233 4160 2378 4217 vires,
2409 4176 2554 4222 quam

1422 4229 1682 4291 pmclare!
1731 4242 1836 4290 pro,
1883 4225 2008 4273 vites
2043 4223 2290 4272 loetissime
2335 4224 2564 4273 efflores-·

1422 4303 1550 4340 cent.
1637 4294 1830 4351 lanaque
1883 4292 2070 4349 reperti,
2111 4288 2158 4335 b.
2209 4288 2344 4335 fuere
2389 4288 2552 4343 etiam.

1422 4356 1506 4417 qui
1528 4356 1730 4417 insuper
1751 4364 1844 4401 etc.
1899 4355 2166 4401 Hoc—Hoc
2179 4371 2197 4407 ,-
2232 4366 2330 4399 non
2355 4361 2429 4399 est
2451 4352 2498 4399 h.
2521 4351 2552 4399 Ι.

1421 4422 1568 4467 τοῦτο
1595 4418 1698 4477 μὲν,
1719 4419 1864 4467 τοῦτο
1895 4416 1960 4474 δὲ,
1985 4417 2071 4467 sed
2093 4417 2154 4465 ad
2183 4416 2314 4464 idem
2337 4416 2552 4465 referen-

1380 4500 1411 4535 Q
