3050 4934
540 248 665 312 144
1354 249 2026 317 GEORGICON

706 398 1025 477 Flumina,
1057 413 1395 486 correptos
1426 402 1607 466 unda
1636 402 2010 487 torquentia
2037 407 2314 466 montes.

532 500 663 563 255
706 496 861 584 Ipse
891 501 1023 565 ruit
1052 502 1416 586 dentesque
1446 502 1810 568 Sabellicus
1837 504 2102 567 exacuit
2132 526 2269 580 sus,

706 602 801 665 Et
827 602 1001 686 pede
1031 594 1398 688 prdsubigit
1428 614 1692 681 terram,
1723 602 1914 669 fricat
1942 605 2176 668 arbore
2209 612 2449 679 costas,

700 701 927 786 Atque
958 702 1111 768 hinc
1142 715 1337 788 atque
1368 703 1540 769 illinc
1570 705 1878 769 humeros
1909 706 1996 769 ad
2025 703 2295 768 vulnera
2327 706 2544 768 durat.

705 802 890 875 Quid
910 804 1194 888 juvenis,
1225 828 1529 889 magnum
1559 808 1664 869 cui
1693 816 1912 870 versat
1935 806 2002 869 in
2033 806 2294 869 ossibus
2323 807 2540 888 ignem

702 904 933 969 Durus
964 908 1190 969 amor?
1266 906 1529 990 Nempe
1561 908 1857 991 abruptis
1888 907 2153 971 turbata
2181 905 2484 990 procellis

528 1005 662 1069 260
703 1005 923 1069 Nocte
954 1016 1138 1070 natat
1166 1028 1341 1070 caeca
1372 1028 1557 1071 serus
1588 1006 1794 1084 freta3
1840 1028 2035 1089 quem
2065 1028 2264 1090 super
2293 1007 2522 1090 ingens

706 1105 913 1171 Porta
942 1116 1127 1170 tonat
1154 1103 1325 1183 coeli,
1358 1118 1427 1170 et
1458 1106 1742 1191 scopulis
1770 1106 1937 1171 illisa
1966 1104 2318 1169 reclamant

703 1208 1041 1291 AEquora;
1086 1228 1209 1271 nec
1238 1209 1457 1271 miseri
1483 1218 1763 1291 possunt
1790 1228 2100 1272 revocare
2128 1218 2461 1291 parentes,

701 1308 851 1374 Nec
878 1309 1193 1372 moritura
1223 1329 1423 1391 super
1452 1307 1703 1373 crudeli
1733 1307 1962 1371 funere
1993 1308 2200 1391 virgo.

705 1408 889 1481 Quid
918 1407 1139 1493 lynces
1171 1408 1418 1473 Bacchi
1450 1409 1667 1485 variae,
1697 1418 1766 1473 et
1793 1430 2002 1492 genus
2034 1431 2184 1474 acre
2214 1407 2521 1493 luporum

530 1510 661 1573 265
703 1508 929 1593 Atque
960 1512 1240 1573 canum?
1286 1509 1470 1593 quid,
1504 1532 1656 1593 quae
1682 1508 1974 1574 imbelles
2004 1511 2168 1574 dant
2195 1508 2428 1594 proelia
2457 1510 2679 1575 cervi?
2742 1569 2752 1579 .

791 1609 1054 1675 Scilicet
1084 1620 1235 1674 ante
1266 1632 1490 1675 omnes
1521 1610 1707 1675 furor
1734 1621 1836 1674 est
1865 1611 2136 1695 insignis
2167 1634 2516 1695 equarum:

706 1712 801 1776 Et
826 1722 1109 1775 mentem
1137 1711 1368 1775 Venus
1398 1712 1546 1796 ipsa
1577 1712 1782 1788 dedit,
1815 1733 1947 1796 quo
1977 1722 2268 1796 tempore
2302 1711 2538 1777 Glauci

707 1812 1065 1877 Potniades
1095 1811 1277 1876 malis
1306 1814 1596 1877 membra
1626 1813 2004 1877 absumsere
2033 1814 2392 1898 quadrigae.

705 1912 859 1978 Illas
891 1914 1073 1979 ducit
1101 1936 1281 1977 amor
1310 1924 1490 1977 trans
1524 1913 1852 1997 Gargara,
1885 1924 2196 1998 transque
2227 1925 2564 1979 sonantem

534 2016 663 2079 270
706 2012 1098 2091 Ascanium3
1146 2026 1459 2099 superant
1486 2025 1762 2091 monteS,
1795 2025 1864 2079 et
1891 2014 2160 2079 flumina
2189 2026 2471 2081 tranant.

708 2116 1187 2199 Continuoque,
1221 2116 1425 2180 avidis
1456 2117 1574 2181 ubi
1601 2116 1864 2180 subdita
1893 2116 2150 2180 flamma
2177 2116 2498 2194 medulliS,

706 2216 885 2281 Vere
914 2218 1143 2300 magia,
1176 2218 1330 2300 quia
1357 2240 1509 2282 vere
1540 2217 1716 2282 calor
1745 2217 1917 2281 redit
1945 2218 2228 2295 ossibus,
2261 2217 2388 2282 illae

707 2318 847 2384 Ore
878 2340 1098 2383 omnes
1129 2340 1337 2382 versae
1366 2320 1432 2382 in
1464 2318 1850 2403 Zephyrum
1883 2328 2058 2383 stant
2085 2320 2360 2403 rupibus
2391 2318 2538 2385 altis

707 2419 1215 2505 Exceptantque
1245 2418 1421 2485 leves
1450 2443 1644 2485 auras
1667 2446 1683 2499 ;

1730 2431 1799 2484 et
1829 2442 2005 2505 saepe
2037 2422 2176 2485 sine
2207 2419 2353 2485 ullis

534 2504 619 2587 27
622 2524 665 2587 5
710 2522 871 2606 Conj
880 2522 1047 2606 ugiis
1078 2532 1271 2585 vento
1300 2523 1591 2606 gravidae
1621 2521 1934 2605 (mirabile
1965 2522 2172 2605 dictu)

598 2680 872 2730 254—257.
936 2682 1151 2727 Flumina
1208 2684 1467 2741 torquentia
1522 2683 1661 2738 unda,

534 2744 685 2793 fluctu
724 2754 775 2791 et
811 2744 999 2807 impetu
1040 2760 1143 2801 suo,
1180 2752 1363 2801 montes,
1406 2744 1660 2807 fragmina,

532 2824 653 2857 saxa
680 2808 929 2856 ruentium
965 2806 1219 2856 montium.
1286 2812 1540 2857 Sabellicus
1569 2826 1660 2866 m,

534 2887 599 2919 ex
650 2872 895 2921 montibus
946 2871 1154 2921 Sabinis.
1230 2874 1400 2929 Durat,
1451 2873 1661 2921 indurat.

535 2936 727 2985 Plinius
764 2936 867 2994 viii,
909 2938 986 2994 52,
1024 2953 1061 2985 s.
1106 2935 1183 2993 78,
1228 2939 1341 2984 Sues
1369 2935 1493 2999 scrae
1531 2940 1668 2985 semel

532 3018 651 3049 anno
683 3006 897 3064 gignunt.
964 3003 1180 3048 Moribus
1220 3004 1269 3048 in
1306 3004 1428 3048 coitu
1458 3003 1667 3062 plurima

530 3070 775 3127 asperitas.
862 3067 976 3112 Tum
1008 3068 1131 3113 inter
1170 3081 1219 3112 se
1250 3067 1485 3122 dimicant,
1524 3068 1662 3113 indta-

531 3138 689 3178 rantes
709 3132 880 3177 actv-itu
898 3132 1109 3177 arborum
1131 3131 1476 3191 contestataque
1496 3146 1544 3178 se
1567 3137 1662 3177 ter-

566 3201 760 3241 orantes.

528 3211 567 3256 g
598 3257 870 3305 258—263.
914 3257 997 3305 Ad
1033 3257 1246 3305 Leandri
1282 3258 1662 3333 Hellespontum

532 3321 788 3377 mnantis,
801 3330 859 3369 ut
877 3322 1018 3369 Hero
1039 3321 1293 3385 potiretur,
1312 3322 1566 3371 audaciam
1581 3338 1658 3371 re-

532 3386 670 3449 spici,
706 3385 903 3433 obvium
937 3394 1024 3434 est.
1092 3388 1244 3443 Serus,
1280 3401 1389 3434 sero
1425 3396 1660 3450 tempore.

531 3452 680 3499 Nocte
714 3466 849 3506 σαι-ιι,
884 3464 981 3512 qua
1011 3450 1307 3508 caecutimus,
1342 3450 1466 3497 nihil
1498 3450 1659 3498 cerni-

531 3512 1235 3627 ἣᾍζῖὼῗὲῗέᾰαᾛῖ
1254 3514 1665 3627 ιῖωἶιῆρὲωῗὲ*

1306 3614 1330 3637 .,
1637 3606 1659 3617 -

528 3653 704 3708 pentes
724 3658 791 3702 se,
807 3652 864 3691 ut
873 3652 1138 3705 proruptus,
1148 3596 1429 3705 purg-uptus,
1444 3645 1662 3707 adeoque

529 3708 822 3773 precipites,
862 3724 974 3757 eum
1015 3708 1203 3772 impetu
1244 3717 1457 3757 ruentes.
1526 3709 1662 3755 Dum

530 3788 679 3837 super
720 3788 833 3821 eum
873 3780 1011 3820 tonat
1049 3774 1195 3820 Porta
1233 3776 1350 3830 coelt',
1387 3788 1477 3837 pro
1520 3772 1660 3831 coelo,

530 3837 661 3912 quod
694 3836 831 3893 coelo,
870 3836 1096 3909 Olympo,
1131 3846 1295 3910 poetae·
1326 3836 1549 3911 tribuunt
1579 3852 1658 3885 re-

527 3899 1447 4027 {ffffofflffssi‘zfft‘t'zss’sszssssqt
1462 3908 1661 4012 ''QZ-⁸113

530 4038 695 4078 autem
724 4030 786 4079 de
808 4031 933 4079 Jove
959 4027 1177 4091 cogitari,
1202 4027 1287 4091 qui
1308 4028 1441 4077 intra
1468 4038 1662 4093 portam

530 4094 642 4141 coeli
680 4103 791 4151 stet,
830 4104 880 4143 et
910 4108 1002 4158 per
1043 4092 1220 4142 ostium
1263 4092 1467 4141 fulmina
1493 4092 1659 4155 jaciat.

530 4158 640 4205 Nec
661 4158 891 4220 cogitatio
914 4158 975 4206 de
1006 4158 1142 4206 luctu
1164 4166 1435 4222 parentum,
1460 4167 1511 4206 et
1533 4157 1662 4221 quod

529 4230 690 4269 amata
702 4222 867 4285 puella
885 4225 989 4284 eJus
1008 4222 1155 4271 morti
1172 4232 1423 4287 superstes
1442 4237 1550 4271 esse
1569 4238 1656 4271 no-

528 4284 599 4333 let
620 4301 733 4333 eum
754 4286 950 4335 retinet.

595 4350 866 4398 266—268.
892 4350 1023 4406 Quid
1040 4352 1143 4400 haec
1158 4351 1350 4415 singula
1362 4366 1656 4401 commemo-

529 4430 649 4474 rem,
671 4430 781 4463 cum
802 4415 1019 4463 omnium
1038 4416 1471 4481 praesentissimum
1490 4432 1656 4466 exem-

1729 2680 1867 2743 plum
1899 2678 1954 2727 in
1989 2679 2126 2742 equis
2161 2680 2281 2744 ipsis
2316 2680 2396 2738 sit,
2424 2680 2539 2731 hinc
2569 2682 2628 2731 τὸ
2657 2686 2863 2745 Scilicet,

1727 2744 1913 2856 {32⁰}ss
1929 2747 2171 2857 &22²3
2192 2744 2864 2863 ffil'ssf‘issibffl’sssffl

1729 2881 1857 2920 nota.
1911 2873 2094 2921 Alebat
2115 2872 2132 2919 i
2170 2888 2197 2921 e
2220 2888 2371 2936 equos
2388 2876 2584 2933 Potnit‘s,
2606 2876 2692 2938 qui
2711 2877 2861 2926 Boeo-

1731 2937 2393 3061 mm...
2413 2939 2864 3067 -..²²-

1730 3066 1950 3113 membra
1987 3065 2294 3124 dilaniarent,
2333 3066 2563 3129 quoniam
2597 3070 2660 3117 ab
2699 3084 2759 3118 eo
2799 3073 2864 3119 ab

1729 3128 2025 3177 admissione
2089 3131 2391 3178 arcebantur.
2489 3133 2587 3181 Sed
2641 3133 2864 3184 diversas

1727 3208 1898 3241 causas
1938 3193 2021 3242 alii
2061 3204 2346 3243 memorant.
2413 3193 2670 3246 Ποτνιάδες
2707 3202 2864 3248 πῶλοι

1727 3256 1902 3321 Eurip-
1929 3258 2168 3307 Phoeniss.
2199 3260 2336 3306 1130.

1793 3323 1903 3379 269,
1931 3322 2039 3372 270.
2076 3322 2232 3370 Solito
2253 3338 2388 3371 more
2408 3333 2554 3388 poeta
2573 3340 2665 3389 pro
2685 3328 2863 3389 quovis

1727 3395 1894 3460 monte
1908 3402 1964 3434 ac
1981 3386 2130 3435 fluvio
2147 3396 2334 3435 certum
2351 3398 2569 3465 montem
2583 3406 2640 3438 ac
2653 3390 2862 3441 fluvium

1727 3452 2657 3577 {32¹313‘45335mf‘22232¹?20¹1·3.
2673 3464 2860 3585 Ἠῗᾶξῖ

1727 3577 1824 3627 niae
1849 3580 1939 3627 sub
1961 3579 2025 3628 01
2107 3596 2172 3654 po
2199 3589 2378 3638 monte,
2403 3581 2522 3629 satis
2544 3582 2742 3644 quidem
2765 3598 2858 3633 no-

1727 3652 1820 3701 tus,
1845 3652 1897 3691 at
1917 3643 1996 3691 hic
2053 3659 2195 3693 uvius
2217 3660 2282 3692 ex
2303 3660 2362 3693 eo
2383 3644 2554 3694 exiens
2575 3646 2858 3711 intelligen-

1727 3707 1842 3764 dus3
1879 3722 1992 3757 nam
2017 3716 2248 3757 sonantem
2277 3718 2328 3756 et
2347 3708 2488 3771 equis
2515 3711 2858 3763 transmitten-

1727 3772 1843 3821 dum
1887 3782 2138 3821 memorat.
2205 3772 2506 3822 Meminerat
2541 3784 2706 3824 autem
2751 3780 2861 3839 ejus

1727 3836 1862 3885 fluvii
1887 3837 2190 3900 Euphorion,
2215 3837 2336 3900 (vid.
2363 3839 2538 3887 Strabo
2559 3839 2658 3898 xiv,
2682 3856 2732 3904 p.
2759 3843 2860 3891 999

1727 3902 1783 3948 C.
1811 3900 1902 3961 D.)
1942 3917 1970 3949 e
1992 3918 2087 3964 quo
2123 3916 2222 3949 non
2254 3918 2410 3967 pauca
2442 3911 2718 3953 mutuatum
2752 3922 2861 3957 esse

1727 3964 1992 4029 Virgilium
2013 3965 2247 4030 suspicor.

1793 4030 1889 4079 273
1902 4045 2002 4092 sqq.
2030 4030 2132 4079 Res
2145 4030 2355 4094 vulgata,
2371 4040 2562 4081 veteres
2573 4032 2858 4093 credidisse,

1727 4094 2076 4154 ἑξανεμοῦσθαι,
2107 4104 2254 4143 vento
2283 4094 2508 4158 gravidas
2541 4096 2682 4145 reddi
2711 4114 2859 4162 posse

1727 4172 1888 4220 equas.
1943 4158 2044 4207 Res
2061 4162 2162 4222 jam
2188 4159 2396 4208 Homeri
2417 4168 2560 4209 aetate
2583 4170 2724 4209 nota:
2757 4162 2858 4211 vid.

1729 4222 1868 4270 Iliad.
1901 4240 1951 4281 π,
1992 4225 2097 4282 150,
2128 4226 2233 4281 151,
2260 4222 2346 4272 ubi
2381 4224 2434 4272 H
2525 4225 2604 4289 yie
2635 4225 2862 4290 Podarge

1725 4286 1787 4335 ad
1837 4289 2088 4335 Oceanum
2135 4304 2342 4351 pascens
2394 4289 2464 4336 Ze
2531 4305 2619 4353 yro
2661 4291 2860 4353 peperit

1725 4366 1876 4415 equos
1907 4351 2128 4400 Achillis.
2186 4352 2336 4417 Apud
2357 4368 2455 4401 eun
2489 4368 2568 4403 em
2599 4370 2662 4403 ex
2697 4355 2860 4405 Borea

1727 4415 1942 4479 suscepti
1965 4415 2078 4478 equi
2103 4415 2244 4466 Iliad.
2271 4436 2311 4475 υ,
2337 4418 2433 4466 222
2453 4434 2554 4481 sqq.
