3050 4934
533 235 661 298 586

1418 233 1941 300 AENEIDOS

531 385 662 448 245
709 385 1244 469 Contigimusque
1273 407 1555 462 manum,
1588 407 1719 468 qua
1746 381 2033 446 concidit
2060 379 2179 446 Ilia
2208 377 2423 446 tellus.

708 485 822 550 Ille
851 488 1078 550 urbem
1109 484 1527 570 Argyripam,
1560 485 1790 571 patriae
1817 482 2196 567 cognomine
2226 481 2467 574 gentis,

711 587 943 651 Victor
971 587 1266 670 Gargani
1294 587 1621 652 condebat
1650 584 1915 668 Iapygis
1946 583 2139 648 arvis.

707 687 1064 771 Postquam
1090 687 1496 771 introgressi,
1526 697 1595 750 et
1624 708 1843 751 coram
1869 685 2027 748 data
2056 683 2243 766 copia
2272 679 2487 757 fandi;

709 789 990 852 Munera
1017 786 1446 872 praeferimus,
1477 809 1711 851 nomen
1739 787 2143 870 patriamque
2169 784 2516 857 >docenium

529 891 660 952 250
704 889 839 961 Qui
869 888 1110 953 bellum
1137 889 1493 964 intulerint,
1523 910 1673 972 quae
1702 909 1899 952 causa
1928 895 2289 950 attraxerat
2315 881 2563 966 ArpoS.

705 988 972 1053 Auditis
999 988 1106 1053 ille
1133 989 1280 1054 haec
1309 988 1568 1072 placido
1599 989 1691 1052 sic
1721 987 2010 1052 reddidit
2034 1008 2177 1050 ore:

704 1090 769 1153 Ο
800 1089 1148 1154 fortunatae
1177 1101 1432 1173 gentes,
1465 1089 1774 1152 Saturnia
1802 1111 2027 1171 regna,

705 1187 978 1274 Antiqui
1011 1187 1312 1265 Ausonii,
1343 1209 1492 1272 qum
1521 1210 1639 1252 vos
1668 1188 1929 1252 fortuna
1956 1188 2211 1271 quietos

703 1288 1046 1366 Sollicitat,
1079 1289 1442 1372 suadetque
1473 1283 1695 1374 ignota
1713 1289 2042 1380 lacessere
2073 1286 2281 1372 bella?

525 1391 654 1454 255
703 1389 1112 1473 Quicumque
1143 1389 1374 1454 Iliacos
1405 1369 1983 1454 ferffiolavimus
2014 1410 2233 1472 agros,

695 1489 921 1572 (Mitto
951 1513 1030 1554 ea
1057 1513 1206 1574 quae
1235 1492 1434 1554 muris
1463 1488 1769 1554 bellando
1799 1489 2123 1555 exhausta
2153 1489 2278 1552 sub
2306 1486 2477 1563 altis,

697 1592 886 1665 Quos
916 1591 1150 1654 Simois
1179 1601 1434 1675 premat
1461 1591 1566 1655 ille
1598 1590 1821 1673 viros,)
1850 1589 2119 1655 infanda
2144 1610 2266 1673 per
2295 1589 2523 1652 orbem

699 1691 1032 1777 Supplicia
1059 1705 1128 1755 et
1157 1691 1474 1756 scelerum
1502 1714 1734 1777 poenas
1766 1690 2196 1775 expendimus
2226 1709 2471 1764 umnec,

698 1791 824 1856 Vel
855 1792 1118 1857 Priamo
1144 1792 1512 1857 miseranda
1540 1813 1804 1856 manusz
1852 1793 1977 1856 scit
2004 1791 2191 1854 triste
2224 1786 2547 1852 Minervae

518 1893 648 1956 260
694 1893 916 1969 Sidus,
947 1903 1015 1956 et
1048 1892 1364 1956 Euboicae
1393 1903 1643 1969 cautes,
1678 1891 1981 1974 ultorque
2012 1887 2421 1972 Caphereus.

691 1992 930 2056 Militia
959 2015 1042 2058 ex
1071 1993 1180 2056 illa
1209 1993 1539 2057 diversum
1568 1993 1655 2056 ad
1682 1992 1865 2056 littus
1896 1990 2135 2065 adacti,

694 2092 962 2156 Atrides
995 2093 1222 2157 Protei
1252 2092 1600 2158 Menelaus
1630 2093 1927 2176 adusque
1958 2089 2289 2154 columnas

689 2192 1020 2286 ,Exsulat3
1066 2194 1368 2258 AEtnaeos
1399 2195 1563 2258 vidit
1591 2192 1914 2277 Cyclopas
1946 2190 2199 2256 Ulixes.

586 2413 696 2458 245.
735 2411 1016 2472 Contigimus
1033 2425 1214 2456 manum
1231 2409 1292 2456 ad
1311 2409 1537 2458 dexmm
1558 2409 1643 2458 da-

521 2485 621 2523 tam
643 2474 785 2532 refer,
811 2485 867 2521 ut
895 2489 1000 2536 sup.
1026 2471 1128 2530 viii,
1157 2475 1264 2531 124,
1289 2473 1341 2520 in
1365 2489 1563 2522 accessu
1585 2473 1647 2521 ad

521 2539 820 2587 Evandrum.
897 2539 990 2584 Ilia
1035 2533 1183 2594 teletis,
1228 2536 1376 2584 Ilium
1420 2538 1551 2594 urbs,
1592 2545 1648 2584 ut

522 2603 666 2652 toties
693 2619 820 2666 gem,
845 2605 968 2659 urbs,
1003 2609 1144 2658 terra,
1181 2600 1342 2665 poetis
1363 2610 1645 2665 permutan-

497 2691 500 2694 ’
523 2677 617 2715 tur.

586 2731 696 2788 246,
721 2728 830 2780 247.
867 2729 1027 2791 Argos
1052 2727 1296 2791 Hippium
1325 2727 1377 2775 in
1403 2727 1641 2791 Pelopon·

522 2809 641 2843 neso
683 2793 921 2856 designat,
961 2794 1099 2854 quus
1139 2791 1338 2840 nomine
1377 2807 1551 2840 novam
1592 2791 1645 2840 in

522 2859 565 2906 A
603 2857 703 2906 ulia
733 2856 978 2906 conditam
1012 2858 1182 2905 urbem
1219 2873 1248 2904 a
1283 2855 1522 2905 Diomede
1556 2871 1642 2918 ap-

518 2875 749 2985 pdilntam
771 2920 973 2968 tradidit
1001 2919 1292 2983 antiquitas3
1329 2929 1384 2967 ut
1415 2929 1643 2982 corrupto

521 3001 578 3032 eo
623 2983 820 3032 nomine
863 2993 1034 3046 postea
1075 2983 1354 3047 Argyrippa
1398 2983 1523 3032 facta
1562 2981 1641 3040 sit,

521 3049 812 3108 tandemque
851 3047 968 3094 hinc
1012 3047 1150 3110 Arpi.
1221 3047 1434 3093 Patriam
1477 3057 1641 3093 autem

515 3119 696 3174 gentem
730 3125 818 3158 seu
854 3111 1022 3158 urbem
1059 3110 1216 3172 Argos
1249 3124 1314 3174 ap
1377 3109 1466 3157 llat
1495 3119 1643 3172 poeta

518 3175 586 3222 im
623 3189 678 3222 ro
711 3173 812 3229 rie:
848 3173 942 3221 fuit
972 3173 1104 3221 enim
1128 3174 1305 3222 Diome
1341 3190 1394 3222 es
1417 3173 1639 3230 AEtolus3

519 3253 542 3287 s
627 3191 827 3286 Adrasti
848 3237 963 3294 filia,
988 3237 1223 3301 AEgialea,
1245 3237 1391 3286 ducta
1419 3237 1472 3285 in
1489 3253 1643 3300 regno

520 3301 814 3366 Argivorum
869 3311 1180 3350 successerat.
1267 3304 1436 3359 Victor,
1492 3301 1643 3350 armis

517 3382 628 3416 cum
661 3367 840 3414 Dauno
869 3365 1102 3414 adversus
1138 3366 1412 3430 Messapion
1439 3365 1640 3426 Junctis,

516 3430 794 3479 conditione
827 3429 1089 3494 proposita,
1114 3439 1168 3476 ut
1201 3445 1290 3492 pro
1312 3427 1508 3477 auxiliis
1529 3429 1643 3478 latis

517 3495 618 3558 agri
643 3503 833 3558 partem
859 3494 1114 3556 acciperet.
1176 3495 1386 3568 Gargani
1418 3496 1611 3556 Iapygis
1625 3512 1641 3539 :

520 3559 690 3634 Iapyx,
725 3573 816 3622 pro
849 3558 906 3606 Ia
939 3557 1094 3620 ygius.
1154 3558 1319 3605 Patuit
1351 3569 1516 3606 autem
1557 3558 1635 3605 Ia-

549 3639 674 3686 ygioe
707 3637 884 3670 nomen
938 3621 1078 3679 atius,
1104 3631 1155 3669 et
1186 3621 1247 3669 ad
1271 3621 1516 3686 Apuliam,
1540 3623 1637 3669 Ca-

535 3687 732 3743 abriam,
769 3697 819 3733 et
853 3687 1150 3750 Messapiam
1181 3685 1434 3762 pertinuit.
1499 3689 1641 3734 Ami:

519 3753 729 3813 Gargani
743 3769 762 3806 ,-
801 3750 964 3815 paullo
1001 3750 1161 3808 latius,
1197 3765 1250 3796 m
1287 3759 1444 3798 tractu
1482 3758 1635 3798 terra-

513 3829 625 3862 rum
647 3829 756 3876 quae
776 3813 838 3862 ad
861 3828 974 3862 eum
997 3825 1210 3862 montem
1231 3813 1533 3876 pertingunt.

581 3879 852 3926 252-254.
889 3881 1112 3926 Saturnia
1131 3893 1288 3940 regna,
1317 3877 1492 3940 quibus
1521 3877 1640 3926 olim

511 3942 739 4006 regnavit
760 3943 1024 3997 Saturnum
1059 3952 1110 3989 et
1129 3942 1220 3989 hoc
1241 3951 1468 4004 respectu
1477 3940 1635 4002 sortu-

513 4015 669 4056 καὶαι
710 4005 768 4053 cf.
805 4005 906 4063 viii,
943 4007 1052 4063 824,
1089 4007 1197 4053 325.
1254 4008 1452 4068 Antiqui
1484 4009 1635 4054 Amo·

513 4075 584 4118 nii
597 4091 617 4125 ,-
650 4071 712 4121 ab
739 4069 1020 4118 Ausonibus
1053 4069 1185 4118 enim
1218 4068 1427 4126 oriundi,
1460 4079 1511 4117 et
1541 4069 1637 4132 ipsi

515 4135 774 4183 Ausonum
807 4149 936 4210 pars,
976 4132 1168 4181 Latini:
1218 4135 1442 4180 Ausonios
1475 4146 1640 4182 autem

515 4197 761 4262 (populos,
782 4197 938 4258 viros)
957 4195 1083 4245 dixit
1099 4211 1189 4259 pro
1208 4196 1504 4245 Ausonibus.
1546 4199 1639 4246 La-

514 4277 684 4309 eoesere
720 4265 851 4318 bella,
885 4270 954 4318 ut,
993 4274 1189 4308 movere
1219 4260 1428 4316 belluim
1464 4263 1636 4324 ignota,

513 4339 604 4386 pro
625 4324 754 4372 bello
775 4324 910 4372 dubii
933 4334 984 4372 et
1003 4323 1180 4372 incerti
1202 4323 1376 4372 exitus.

581 4389 689 4444 256,
725 4388 832 4438 257.
883 4389 962 4435 Ne
997 4403 1276 4446 memorem,
1311 4397 1368 4436 ut
1401 4389 1635 4447 omittam,

1712 2409 2051 2527 famati?
2072 2405 2409 2534 {332⁰ss
2432 2405 2835 2518 ἲὲεῖἳῗιῖῗίπῖ

1713 2537 2012 2585 Simoentem
2035 2533 2362 2583 occubuerint.
2419 2535 2583 2580 &mois
2604 2535 2697 2590 3110,
2718 2549 2835 2581 eum

1712 2600 2035 2652 execratione.
2094 2601 2285 2648 Prme
2306 2613 2372 2646 sc.
2396 2611 2597 2644 mersos.

1774 2665 2046 2712 258—260.
2083 2665 2323 2726 Supplicia
2354 2668 2402 2708 et
2426 2673 2589 2722 poenas
2602 2679 2621 2707 .-
2652 2660 2829 2709 atroci-

1709 2729 1800 2776 bus
1821 2727 2067 2776 vocabulis
2100 2726 2266 2782 utitur,
2290 2739 2380 2788 pro
2408 2722 2549 2772 malis
2570 2733 2620 2772 et
2650 2739 2829 2772 oerum-

1710 2791 1801 2849 nis,
1824 2791 1958 2855 quasi
1982 2792 2060 2839 11ae
2076 2807 2168 2856 pro
2188 2804 2335 2854 poena
2350 2787 2503 2836 excisi
2523 2787 2604 2836 nii
2626 2787 2835 2844 fuer-inu

1711 2867 1761 2903 et
1794 2865 1907 2904 ante
1952 2858 2214 2903 violavimus
2256 2853 2460 2909 dixerat,
2505 2861 2735 2914 tanquam
2779 2851 2833 2900 in

1708 2919 1976 2982 sacrilegio.
2032 2918 2231 2966 Servius
2262 2917 2431 2966 laudat
2462 2915 2663 2963 Pacuvii
2696 2915 2835 2974 illud,

1710 2987 1763 3030 Sa·
1792 2985 2007 3032 Priamus
2035 2985 2227 3038 adesset,
2261 2989 2311 3029 et
2343 2984 2439 3042 ipse
2473 2980 2573 3042 qius
2601 2983 2831 3028 commise-

1705 3055 1913 3094 resceret.
1970 3047 2121 3094 Vides
2144 3060 2239 3107 qua
2260 3044 2499 3092 brevitate
2533 3043 2832 3091 sententiam

1705 3110 1989 3173 complexus
2024 3111 2167 3158 Maro
2200 3107 2479 3157 vibraverit.
2538 3109 2695 3154 Triste
2727 3109 2830 3154 m·-

1706 3191 1855 3222 nervoe
1898 3177 2039 3222 sidus.
2112 3173 2257 3228 Quod
2295 3170 2710 3236 simplicissimum
2753 3181 2835 3219 est

1706 3239 1799 3288 hoc
1844 3237 2127 3286 tenebimus.
2192 3236 2531 3300 Tempestates
2568 3244 2701 3282 ortas
2738 3250 2836 3298 per

1706 3303 1921 3351 siderum
1952 3311 2089 3350 ortus
2114 3310 2166 3348 et
2195 3315 2395 3349 occasus
2416 3298 2677 3356 declarare,
2710 3314 2829 3362 per-

1705 3375 1881 3431 petuus
1922 3377 2175 3430 poetarum
2212 3379 2330 3412 usus
2364 3372 2452 3411 est.
2522 3363 2835 3426 Tempestas,

1707 3445 1801 3492 qua
1838 3429 2135 3477 Achivorum
2167 3427 2337 3476 classis
2368 3426 2569 3488 disjecta
2597 3435 2687 3484 est,
2723 3426 2831 3474 Mi·

1708 3509 1871 3541 nervae
1912 3493 1986 3540 ira
2028 3492 2122 3540 fuit
2163 3491 2416 3540 concitata.
2496 3489 2635 3538 Nihil
2679 3489 2837 3552 igitur

1703 3557 1859 3620 mag-is
1900 3556 1953 3605 in
1986 3567 2193 3620 promtu,
2241 3569 2386 3618 quam
2420 3563 2759 3617 tempestatem
2802 3571 2835 3603 a

1706 3621 1933 3668 Minerva
1976 3629 2267 3668 commotam
2307 3621 2436 3667 sidus
2474 3620 2699 3666 Minerva

1704 3685 1900 3749 penate,
1930 3684 2065 3733 nullo
2100 3691 2327 3748 respectu
2362 3681 2458 3730 alio
2490 3681 2671 3730 habito.
2736 3684 2829 3730 ‹71-

1702 3757 1859 3811 torque
1895 3751 2153 3812 Caphereus
2166 3768 2183 3802 ‚-
2215 3745 2599 3811 promontorium
2626 3745 2834 3794 Euboeae

1702 3829 1872 3862 versus
1895 3813 2146 3869 orientem,
2166 3814 2195 3860 ὁ
2220 3809 2486 3874 Rumpe-bs,
2517 3819 2721 3884 propter
2750 3809 2829 3858 h-

1704 3878 1859 3926 tentia
1890 3879 1981 3926 sub
2014 3875 2146 3924 unda
2176 3889 2297 3924 saxa
2320 3883 2372 3922 et
2404 3883 2629 3931 vortices,
2652 3873 2831 3922 mar-io-

1702 3957 1875 4052 quue
1836 3951 2049 4052 ³:332
2068 3939 2297 4066 iffifs.
2356 3936 2833 4058 ἔξξὲῗῶἰῗέἒ

1712 4071 1845 4117 Ultor
1878 4067 2079 4116 omnino
2116 4076 2272 4125 ornat,
2309 4075 2541 4130 tanquam
2572 4063 2831 4114 calamito—

1704 4148 1813 4180 sum
1833 4147 2032 4188 saxum;
2068 4131 2165 4179 nisi
2191 4130 2333 4179 malis
2355 4131 2417 4179 ad
2440 4129 2606 4191 Ajacis
2626 4127 2831 4176 naufra-

1740 4197 1838 4245 'um
1870 4196 2067 4254 referre,
2090 4211 2189 4258 quo
2212 4195 2441 4243 Minerva
2466 4208 2577 4242 eum
2598 4193 2703 4240 ulta
2734 4203 2833 4241 eet.

1752 4276 1805 4310 es
1836 4261 1943 4325 ipsa
2116 4275 2144 4308 a
2166 4259 2327 4324 poetis
2354 4259 2408 4307 in
2428 4257 2713 4306 memoriam
2743 4272 2831 4305 re-

1702 4335 1927 4374 vocatura
1962 4325 2011 4373 vi
2046 4359 2059 4372 .
2086 4325 2153 4372 Pr
2328 4323 2395 4380 iv,
2420 4325 2463 4379 Ι,
2490 4324 2582 4369 114
2600 4337 2672 4383 oq.

1786 4390 1883 4436 262
1920 4405 2021 4451 sqq.
2078 4389 2138 4435 In
2176 4387 2492 4450 sequentibus
2534 4385 2633 4433 noli
2676 4383 2831 4433 nim‘u
