3050 4934
1212 259 1558 328 LIBER
1603 263 1738 330 VI.

307 397 439 464 760
478 400 619 482 Ille,
652 406 858 485 vides,
890 429 1057 493 pura
1076 411 1337 494 juvenis
1366 415 1481 496 qui
1506 416 1736 482 nititur
1761 417 1976 496 hasta,

406 535 415 542 ·
478 503 785 570 Proxima
816 519 991 573 sorte
1020 520 1201 576 tenet
1227 511 1389 577 lucis
1416 513 1600 580 loca:
1646 518 1891 602 primus
1921 519 2008 582 ad
2039 541 2231 584 auras

472 604 815 672 AEtherias
846 608 1013 674 Italo
1042 613 1427 678 commixtus
1458 617 1774 700 sanguine
1805 631 2032 702 surget

475 704 733 786 Silvius,
764 708 1093 775 Albanum
1122 734 1379 791 nomen,
1412 725 1527 780 tua
1554 718 1906 800 posthuma
1933 719 2185 803 proles;

475 806 689 880 Quem
712 811 831 874 tibi
858 811 1152 896 longaevo
1182 836 1401 880 serum
1430 815 1702 882 Lavinia
1731 820 1874 903 conj
1883 843 1974 883 ux

299 904 427 970 765
471 907 736 974 Educet
764 911 937 976 silvis
968 935 1211 998 regem,
1244 937 1602 1001 regumque
1633 931 2009 1002 parentem3

468 1009 665 1076 Unde
694 1033 903 1095 genus
936 1013 1171 1099 Longa
1196 1027 1491 1080 nostrum
1518 1019 1955 1084 dominabitur
1983 1018 2180 1085 Alba.
2261 1023 2267 1031 ’

466 1107 813 1176 Proximus
844 1111 947 1178 ille
980 1114 1251 1193 Procas,
1281 1115 1590 1202 Trojanae
1620 1118 1828 1204 gloria
1856 1122 2094 1205 gentis,

468 1210 561 1274 Et
590 1211 831 1297 Capys,
862 1223 931 1280 et
959 1215 1290 1295 Numitor,
1322 1229 1393 1282 et
1420 1220 1532 1303 qui
1564 1232 1628 1285 te
1659 1222 1914 1286 nomine
1945 1223 2183 1288 reddet

464 1309 701 1378 Silvius
730 1313 1005 1394 AEneas,
1035 1319 1281 1402 pariter
1306 1320 1553 1404 pietate
1582 1320 1685 1386 vel
1713 1323 1905 1386 armis

290 1410 334 1473 ’7
336 1411 421 1474 70
462 1411 816 1498 Egregius,
846 1416 901 1480 si
928 1439 1213 1501 unquam
1242 1421 1640 1504 regnandam
1669 1424 1994 1507 acceperit
2019 1421 2280 1488 Albam.

463 1512 599 1586 Qui
615 1515 892 1599 juvenes
920 1529 1199 1600 quantas
1228 1531 1582 1600 ostentant,
1609 1523 1898 1607 adspice,
1923 1525 2132 1589 vires!

458 1611 555 1678 At
582 1617 695 1699 qui
724 1619 1023 1682 umbrata
1049 1631 1289 1703 gerunt
1316 1621 1485 1686 civili
1514 1633 1810 1708 tempora
1841 1647 2112 1709 quercu,

455 1715 550 1779 Hi
578 1717 697 1780 tibi
726 1717 1147 1797 Nomentum,
1176 1733 1245 1784 et
1274 1721 1554 1800 Gabios,
1587 1725 1944 1809 urbemque
1971 1726 2308 1804 Fidenam,

456 1815 553 1880 Hi
581 1817 935 1883 Collatinas
962 1821 1297 1904 imponent
1324 1825 1651 1898 montibus
1683 1847 1891 1903 arces,

282 1915 411 1981 775
455 1919 495 1958 ⁴*
515 1917 747 1984 Laude
776 1921 1106 2004 pudicitiae
1134 1921 1449 2003 celebres,
1478 1925 1856 2010 addentque
1887 1928 2263 2011 superbos*

455 2018 807 2098 Pometios,
840 2021 1273 2109 Castrumque
1304 2024 1475 2102 Inui,
1504 2025 1888 2112 Bolamque,
1923 2028 2328 2111 Coramque:

452 2119 625 2186 Hoec
653 2132 791 2186 tum
822 2125 1081 2188 nomina
1108 2135 1323 2201 erunt,
1356 2147 1527 2190 nunc
1560 2139 1712 2192 sunt
1742 2131 1879 2195 sine
1909 2129 2168 2194 nomine
2199 2139 2416 2193 terrae.

457 2219 637 2294 Quin
665 2233 735 2286 et
764 2244 884 2287 avo
916 2224 1213 2288 comitem
1241 2247 1386 2289 sese
1418 2226 1786 2293 Mavortius
1816 2231 2019 2294 addet

453 2321 812 2400 Romulus;
859 2321 1171 2388 Assaraci
1198 2346 1391 2408 quem
1422 2329 1752 2411 sanguinis
1785 2327 1902 2393 Ilia
1931 2339 2139 2394 mater

280 2421 409 2487 780
452 2423 736 2488 Educet.
799 2423 1035 2488 Viden’
1064 2434 1138 2488 ut
1167 2425 1441 2509 geminoe
1472 2438 1650 2492 stant
1677 2429 1918 2493 vertice
1948 2430 2186 2506 cristae,

448 2523 544 2588 Et
572 2534 761 2609 pater
783 2525 925 2608 ipse
955 2547 1076 2588 suo
1106 2524 1413 2610 supersim
1433 2527 1574 2611 jam
1604 2528 1817 2611 signat
1846 2527 2140 2593 honore?

335 2737 609 2789 760—766.
643 2738 781 2786 Gens
810 2736 947 2785 Julia
980 2738 1043 2786 ab
1065 2737 1279 2786 Ascanio
1310 2754 1398 2788 seu

278 2801 389 2851 Iulo
420 2802 579 2860 ducta,
603 2801 687 2864 qui
718 2800 847 2864 patri
880 2801 1127 2860 successit,
1152 2811 1203 2850 et
1219 2802 1397 2850 Albam

274 2867 497 2928 Longam
512 2865 749 2914 condidit:
776 2865 835 2914 cf.
852 2881 957 2940 sup.
975 2865 1089 2914 AEn.
1108 2865 1141 2923 i,
1161 2865 1253 2916 267
1269 2881 1393 2940 sqq-3

268 2930 359 2980 sed
380 2945 522 2993 reges
554 2928 735 2978 Albani
756 2946 787 2978 a
808 2929 976 2987 Silue,
1000 2929 1083 2991 qui
1104 2945 1169 2978 ex
1192 2929 1399 2980 Lavinis

364 2994 560 3042 thumus
598 2993 771 3042 AEneoe
808 3004 953 3042 natus
990 3001 1109 3042 erat.
1165 2993 1289 3042 Haec
1322 3006 1399 3044 est

267 3010 399 3108 ms
417 3073 562 3120 quam
584 3057 631 3106 h.
654 3058 687 3105 l.
719 3057 939 3120 sequitur
958 3067 1115 3121 poeta.
1174 3057 1275 3106 Alii
1298 3061 1393 3107 As-

266 3121 397 3172 canii
407 3121 563 3170 filium
576 3132 628 3170 et
635 3137 963 3172 successorem
974 3121 1180 3171 Silvium
1196 3121 1395 3170 faciunt.

268 3186 373 3234 Alii
408 3186 549 3234 aliter
582 3185 793 3234 tradunt.
848 3186 1045 3235 Fabulae
1084 3186 1146 3234 de
1170 3186 1325 3235 Silvio
1344 3185 1398 3234 in

264 3249 405 3300 silvis
426 3250 601 3299 educto
620 3249 783 3298 locum
812 3249 983 3298 fecisse
1004 3249 1198 3298 videtur
1220 3265 1399 3298 nomen

264 3313 285 3362 i
483 3313 557 3363 uti
591 3313 767 3364 sabulis
803 3313 865 3362 de
901 3313 1113 3362 Romulo
1150 3323 1201 3362 et
1240 3314 1399 3362 Remo

266 3331 389 3428 ἔξω
412 3377 703 3436 Ruminalis,
727 3387 779 3426 et
810 3377 1079 3428 similitudo
1100 3377 1232 3428 vocis
1252 3381 1396 3426 rums·-

264 3447 355 3501 nis,
399 3443 493 3491 hoc
535 3451 625 3500 est,
668 3457 905 3492 mamme-
974 3443 1177 3492 Hastam
1210 3459 1395 3517 puram,

265 3504 379 3570 up·
416 3504 652 3569 ἆσίδηρον,
697 3506 829 3555 idem
872 3505 1001 3568 quod
1040 3506 1393 3580 antiquioribus

668 3585 721 3618 m
742 3579 793 3620 et
812 3571 1017 3618 heroum
1036 3570 1057 3618 i
1204 3586 1246 3620 e.
1302 3573 1390 3618 Al·

262 3579 525 3635 sceptrum,
548 3585 669 3633 regu

263 3639 617 3692 bnamma,
636 3635 686 3682 h.
710 3649 753 3682 e.
776 3634 1013 3692 Albanus,
1036 3633 1179 3683 Albe
1210 3635 1393 3698 Longe

258 3715 363 3748 rex.
422 3699 531 3747 Nec
564 3699 691 3748 male
725 3709 891 3748 tamen
924 3698 995 3748 sic
1028 3697 1265 3762 accipias:
1302 3713 1389 3746 no-

259 3763 395 3876 ffin?
416 3763 548 3826 inter
576 3763 795 3812 Albanos
830 3761 1097 3811 domestico
1118 3762 1391 3826 appellatus

338 3843 459 3876 vius.

324 3889 598 3943 767—771.
634 3892 743 3940 Nec
776 3905 947 3938 omnes
973 3889 1277 3938 Albanorum
1310 3905 1387 3938 re-

254 3971 359 4020 ges,
406 3969 497 4004 nec
540 3955 711 4004 ordine
752 3969 844 4004 suo
884 3953 1071 4002 recitat.
1148 3956 1390 4003 Proximus

260 4035 393 4083 ergo,
418 4018 503 4082 qui
528 4019 701 4068 adstat.
760 4018 993 4068 Meminit
1030 4019 1237 4082 Capyos,
1260 4017 1389 4081 quod

257 4085 423 4148 Capys
464 4082 686 4132 Assaraci
726 4082 855 4130 filius
878 4082 1051 4131 AEneoe
1072 4083 1231 4132 fixerat
1248 4097 1383 4131 avus.

258 4148 435 4210 Itaque
470 4146 713 4196 Anchises
752 4145 949 4195 refricat
980 4146 1035 4194 in
1072 4147 1165 4195 hoc
1198 4155 1385 4210 gratam

254 4211 413 4276 patris
455 4211 531 4259 sui
573 4210 871 4260 memoriam.
946 4213 1117 4258 Procas
1176 4211 1387 4272 Trojano

250 4279 407 4339 glor-'a
424 4279 595 4338 geneis,
612 4285 667 4324 ut
684 4275 907 4324 Homero
918 4273 1049 4334 μέγα
1070 4274 1208 4322 κῦδος
1219 4273 1385 4335 Ἀχαι-

256 4343 336 4388 ὃν.
394 4341 446 4387 Su·
485 4355 695 4401 ansasu.
752 4337 978 4386 Servsvit
1014 4337 1387 4386 illustrationem

252 4418 319 4451 ex
331 4403 685 4466 antiquioribus
707 4401 933 4452 Servius:
970 4404 1163 4463 Recepit
1182 4409 1333 4450 autem
1353 4418 1383 4450 a

1464 2747 1628 2798 tutore,
1652 2744 1732 2802 qui
1765 2739 1866 2803 ejus
1896 2742 2066 2789 sumit
2100 2743 2370 2802 imperim.-
2403 2747 2525 2804 quod
2545 2750 2593 2796 οὗ

1462 2807 1539 2852 vix
1559 2821 1678 2852 anno
1697 2808 2070 2868 quinquagesima
2090 2808 2226 2854 tertio
2247 2809 2469 2855 restituit.
2525 2811 2594 2858 Et

1460 2885 1556 2916 rem
1575 2871 1760 2930 plenam
1791 2872 1993 2918 historia
2019 2885 2108 2930 per
2137 2872 2385 2916 &ransitum
2417 2875 2588 2934 tetigit.

1466 2935 1711 2980 Ostentum
1741 2937 1874 2990 vires,
1921 2942 2038 2982 sunt
2073 2931 2166 2980 viri
2202 2932 2366 2991 fortes,
2390 2933 2504 2984 forti
2539 2946 2592 2984 et

1462 2996 1622 3044 valido
1639 3011 1842 3059 corpore
1863 2995 2013 3046 animi
2036 2995 2266 3045 virtutem
2289 2997 2566 3060 prodentes.

1528 3060 1638 3111 772.
1663 3061 1762 3115 Qui
1775 3061 2028 3110 memorati
2045 3060 2203 3109 adhue
2223 3060 2430 3120 fuerant,
2448 3073 2588 3114 erant

1461 3125 1609 3173 rebus
1643 3124 1770 3174 bello
1800 3125 1952 3188 gestis
1983 3124 2134 3180 elath
2170 3123 2254 3188 qui
2299 3135 2584 3188 sequuntur,

1462 3188 1649 3237 artibus
1676 3189 1824 3253 pacis.
1892 3189 2063 3252 Itaque
2093 3189 2286 3238 coronis
2313 3190 2482 3239 civicis
2509 3191 2586 3244 illi

1462 3251 1680 3314 insignes
1697 3253 1953 3316 prodeunt.
1994 3255 2236 3302 Coronam
2253 3253 2472 3314 civicam,
2493 3255 2584 3306 boc

1463 3325 1553 3373 est,
1585 3332 1856 3378 quer-ceam,
1872 3326 2080 3380 gestant,
2095 3317 2198 3366 scil.
2211 3319 2278 3365 ob
2311 3318 2446 3367 cives
2476 3334 2581 3368 ser-

1462 3387 1615 3436 vatos,
1639 3389 1691 3428 et
1712 3379 1774 3428 de
1883 3381 2044 3430 ublica
2065 3383 2189 3430 bene
2211 3381 2389 3430 meriti.

1495 3505 1507 3516 ⁸
1529 3442 1624 3494 773
1662 3459 1764 3506 sqq.
1809 3445 1858 3492 A
1921 3445 2052 3494 Alba
2095 3445 2268 3520 Longa
2313 3459 2417 3493 xxx
2450 3445 2580 3494 colo-

1458 3522 1566 3555 mas
1599 3507 1652 3555 in
1685 3507 1828 3556 Latio
1861 3517 1911 3556 et
1942 3517 2082 3556 extra
2113 3509 2312 3556 Latium
2349 3507 2582 3560 deductas

1457 3569 1684 3620 novimus
1710 3587 1773 3620 ex
1805 3571 2042 3634 Dionysio
2071 3571 2154 3618 lib.
2175 3569 2246 3628 iii,
2271 3572 2349 3627 31,
2373 3587 2420 3634 p.
2459 3572 2578 3630 1723

1457 3633 1712 3698 plerasque
1734 3635 1906 3684 saltem
1927 3633 2070 3682 novis
2089 3633 2275 3682 colonis
2299 3633 2578 3698 hequenta-

1521 3761 1632 3814 7⁷5.
1659 3761 1760 3812 Hic
1772 3777 1943 3810 versus
1957 3761 2170 3812 occurrit
2185 3760 2240 3810 in
2261 3761 2396 3810 nullo
2413 3762 2579 3812 codice

1454 3841 1548 3875 nec
1580 3826 1636 3874 in
1669 3827 1778 3874 edd.
1809 3835 1926 3874 vett.
1981 3825 2062 3874 Ne
2083 3841 2314 3876 versuum
2346 3840 2578 3878 numerus

1454 3889 1737 3940 deminutus
1767 3891 1932 3940 tin-bns
1959 3889 2118 3948 facist,
2139 3899 2349 3948 maneto,
2371 3890 2460 3938 sed
2485 3906 2574 3939 no-

1520 4018 1793 4070 778—781.
1829 4022 1928 4067 Aoo
1953 4020 2158 4066 comitem
2177 4033 2274 4066 sess
2299 4019 2472 4071 addet,-
2493 4033 2572 4066 se-

1450 4083 1664 4132 cundum
1684 4082 1924 4139 Servium,
1941 4086 2064 4130 avito
2079 4081 2353 4144 mejungee
2371 4085 2574 4143 inperio,

1450 4148 1498 4195 h.
1519 4163 1561 4195 e.
1587 4162 1686 4195 una
1700 4161 1812 4194 cum
1832 4161 1922 4195 svo
1944 4145 2168 4208 regnabit
2187 4143 2340 4192 donec
2365 4145 2574 4194 Romam

1449 4211 1640 4259 condet.
1697 4209 1796 4258 Sed
1815 4209 1900 4258 vix
1924 4209 2018 4258 hoc
2045 4207 2274 4271 loquendi
2304 4224 2422 4257 usus
2449 4208 2571 4268 fert3

1450 4278 1620 4323 socium
1641 4277 1771 4336 reg-ni
1789 4273 2008 4321 dixisset.
2063 4275 2169 4320 Sese
2185 4274 2340 4338 addet,
2365 4281 2420 4320 ut
2441 4289 2570 4326 nunc

1451 4337 1644 4400 legitur,
1664 4337 1773 4395 erit,
1791 4352 1890 4385 uns
1909 4335 2056 4384 cumi
2166 4336 2218 4384 in
2237 4335 2386 4384 vitam
2403 4337 2568 4400 prodi-

1448 4401 1534 4450 bit.
1593 4401 1692 4449 Sed
1711 4401 1886 4457 melius
1907 4410 2028 4465 puto
2066 4399 2160 4464 egi,
2176 4403 2326 4459 addit,
2344 4416 2442 4450 uns
2458 4417 2570 4450 cum
