3050 4934
1217 216 1563 283 LIBER
1608 219 1662 284 Ι.

455 368 668 443 Quale
699 391 926 434 manus
953 370 1209 435 addunt
1237 370 1424 435 ebori
1452 369 1679 446 decus,
1710 378 1825 433 aut
1854 370 1969 434 ubi
1996 370 2166 435 flavo

453 470 822 556 Argentum
853 471 1168 537 Pariusve
1197 470 1364 557 lapis
1393 471 1831 537 circumdatur
1858 495 2041 537 auro.

450 571 626 635 Tum
655 573 746 635 sic
775 574 1062 655 reginam
1093 572 1464 657 alloquitur,
1497 574 1877 657 cunctisque
1908 584 2178 657 repente

273 672 408 737 595
454 673 848 759 Improvisus
879 675 1004 737 ait:
1053 673 1312 751 Coram,
1344 696 1539 757 quem
1566 675 1881 759 quaeritis,
1912 674 2143 739 adsum

450 773 694 837 Troius
723 772 1000 849 AEneas,
1033 773 1300 857 Libycis
1329 786 1599 861 ereptus
1630 776 1714 838 ab
1746 775 1958 839 undis·

455 874 520 937 Ο
553 871 692 938 sola
717 872 1018 939 infandos
1047 873 1274 959 Trojae
1301 876 1606 939 miserata
1632 875 1915 951 labores,

453 973 626 1047 Quae
653 994 796 1050 nos,
827 973 1132 1057 reliquias
1163 974 1492 1052 Danaum,
1523 986 1847 1059 terraeque
1878 976 2203 1059 marisque

451 1074 776 1139 Omnibus
805 1073 1166 1139 exhaustos
1187 1077 1326 1160 jam
1354 1077 1638 1152 casibus,
1670 1076 1951 1145 omnium
1980 1097 2248 1159 egenos,

269 1176 412 1240 600
453 1174 665 1252 Urbe,
697 1175 914 1252 domo,
949 1177 1188 1241 socias!
1233 1188 1454 1260 grates
1485 1176 1859 1260 persolvere
1888 1177 2121 1259 dignas

449 1276 607 1341 Non
637 1277 780 1361 opis
809 1288 913 1341 est
938 1288 1206 1353 nostrae,
1237 1276 1442 1354 Dido,
1478 1299 1601 1343 nec
1630 1260 1949 1362 quidquid
1979 1278 2221 1361 ubique
2252 1287 2355 1341 est

453 1377 692 1441 Gentis
724 1376 1106 1453 Dardaniae,
1137 1400 1440 1461 magnum
1469 1401 1619 1462 quae
1648 1401 1878 1462 sparsa
1902 1400 2022 1463 per
2052 1379 2297 1442 orbem.

455 1479 552 1544 Di
578 1480 720 1555 tibi,
754 1480 811 1542 si
837 1502 970 1564 qua
999 1481 1142 1563 pios
1173 1491 1549 1564 respectant
1576 1483 1859 1558 numina,
1892 1481 1947 1545 si
1976 1482 2134 1565 quid

452 1579 752 1663 Usquam
770 1581 1028 1664 justitia
1057 1592 1182 1657 est,
1212 1592 1282 1645 et
1311 1602 1491 1645 mens
1523 1581 1647 1645 sibi
1676 1583 1935 1645 conscia
1964 1583 2147 1659 recti,

275 1683 412 1747 605
455 1681 734 1745 Praemia
760 1681 960 1765 digna
988 1680 1222 1745 ferant.
1287 1681 1458 1754 Quae
1487 1692 1553 1745 te
1582 1694 1715 1745 tam
1742 1681 1891 1745 laeta
1920 1681 2209 1746 tulerunt

457 1781 756 1847 Saecula?
802 1784 916 1867 qui
939 1784 1102 1847 tanti
1131 1782 1326 1847 talem
1353 1804 1642 1865 genuere
1672 1785 2022 1866 parentes?

451 1883 531 1947 In
559 1882 729 1947 freta
757 1884 916 1949 dum
941 1882 1120 1947 fluvii
1149 1894 1436 1959 current,
1469 1884 1627 1947 dum
1651 1883 1980 1947 montibus
2010 1884 2258 1945 umbrae

453 1983 866 2048 Lustrabunt
893 2005 1206 2060 convexa,
1235 1982 1426 2067 polus
1458 1984 1615 2047 dum
1646 1984 1861 2049 sidera
1888 1994 2150 2068 pascet;

451 2082 723 2167 Semper
751 2082 985 2160 honos,
1017 2106 1380 2168 nomenque
1412 2096 1619 2161 tuum,
1652 2083 2011 2168 laudesque
2038 2084 2428 2162 manebunt3

270 2185 410 2250 610
452 2186 624 2259 Quae
653 2207 755 2249 me
787 2206 1064 2267 cumque
1093 2198 1326 2249 vocant
1356 2195 1573 2249 terrae.
1645 2186 1755 2249 Sic
1785 2184 1984 2261 fatuS,
2016 2186 2291 2249 anticum

449 2285 697 2349 Ilionea
725 2285 892 2369 petit
921 2285 1176 2362 dextra,
1208 2283 1500 2369 laevaque
1534 2286 1901 2364 Serestum3

452 2386 617 2451 Post
643 2386 829 2463 alios,
861 2385 1226 2469 fortemque
1259 2386 1479 2470 Gyan,
1510 2386 1875 2471 fortemque
1909 2386 2321 2452 Cloanthum.

539 2488 908 2572 Obstupuit
937 2488 1146 2574 primo
1175 2488 1496 2571 adspectu
1525 2487 1795 2551 Sidonia
1826 2487 2031 2563 Dido,

453 2588 630 2653 Casu
659 2589 898 2653 deinde
921 2589 1040 2651 viri
1069 2598 1288 2667 tant03
1335 2598 1404 2653 et
1433 2590 1525 2652 sic
1557 2610 1668 2653 ore
1698 2585 1914 2653 locuta
1942 2598 2073 2651 est:

341 2764 454 2821 592,
491 2764 602 2811 593.
658 2750 976 2826 Comparatio
1013 2762 1305 2811 retrahenda
1341 2763 1404 2811 ad

273 2826 490 2877 AEneam
521 2831 637 2876 nube
671 2826 1004 2889 circumfusum,
1027 2827 1158 2890 quod
1190 2830 1320 2875 clara
1353 2831 1404 2875 in

277 2894 380 2940 1⁸oe
431 2890 630 2954 refulsit,
673 2901 732 2939 ut
773 2907 897 2955 opus
940 2890 1016 2941 vel
1063 2900 1402 2939 offlamentum

275 2956 561 3013 eburneum,
613 2967 914 3019 argenteum,
960 2954 1038 3004 vel
1077 2970 1402 3004 marmoreum

273 3035 396 3069 auro
417 3020 676 3077 inclusum,
705 3035 854 3069 aurea
891 3034 978 3069 ora
1011 3019 1270 3077 ambiente,
1303 3034 1400 3095 qua

275 3100 340 3133 cx
371 3084 482 3133 ain-i
515 3084 777 3149 splendore
811 3083 972 3158 ipsum
1004 3099 1142 3147 opus,
1165 3084 1294 3146 quod
1319 3099 1396 3131 m·-

272 3148 468 3271 2⁸32
489 3160 585 3261 3⁸³3
597 3147 1396 3275 ssfflssssffi‘fflss‘tffizgf:

271 3277 536 3343 precanda:
572 3279 748 3325 restitit
782 3284 828 3325 et
864 3274 1048 3337 refulsit
1071 3274 1156 3323 tali
1178 3291 1290 3323 cum
1313 3274 1397 3323 de-

272 3358 402 3399 core,
469 3342 572 3389 nale
605 3357 766 3389 mnus
805 3338 1054 3401 (artificis)
1077 3341 1256 3387 addant
1276 3342 1402 3387 ebori

273 3410 428 3463 decu,
523 3420 565 3454 e.
589 3404 732 3468 quale
755 3413 831 3451 est
864 3403 1014 3451 decus
1043 3402 1206 3465 operis
1229 3403 1400 3451 eburni

273 3480 361 3519 aut
381 3469 576 3581 adil-'genti
597 3466 914 3517 marmorisve
935 3465 1132 3515 candidi
1154 3482 1272 3515 auro
1303 3466 1397 3515 cir-

341 3550 390 3581 m
455 3544 508 3581 u.

275 3550 427 3647 ⁰⁰595
437 3614 540 3661 sqq.
549 3596 796 3645 Praeclara
807 3605 858 3644 et
865 3594 1068 3643 affectus
1079 3594 1224 3659 plens
1233 3594 1400 3645 oratio.

341 3662 615 3711 598—600.
649 3663 890 3723 Reliquias
911 3662 1140 3715 Βαηααοι,
1165 3675 1194 3707 a
1217 3658 1404 3709 Danais

272 3725 500 3783 relictum
535 3724 744 3790 passive,
777 3734 834 3773 ut
855 3724 1020 3779 aiunt:
1055 3722 1206 3786 stragi
1229 3723 1400 3785 Troja-

273 3805 451 3839 norum
473 3789 690 3853 malique
705 3790 766 3839 ab
783 3788 988 3837 Achivis
1005 3797 1296 3852 perpetrntae
1317 3802 1400 3835 su-

273 3854 519 3919 perstites.
578 3856 852 3911 Exhaustus,
877 3852 1082 3908 attritos,
1107 3862 1400 3909 consumtus,

273 3920 718 4045 '‘3321‘3‘32·
741 3918 806 4030 ‘¹3
825 3915 1404 4029 “mamatffssffzzffi

275 4062 378 4096 non
414 4046 562 4095 inane
601 4060 782 4094 nomen
799 3999 922 4100 ἐἷς
961 3999 1051 4092 sled
1095 4060 1190 4101 res,
1233 4043 1402 4102 virtus,

273 4111 420 4161 laude
443 4126 499 4161 ac
521 4110 724 4176 premio
749 4108 908 4173 digna.
957 4110 1090 4157 Ante
1120 4109 1287 4157 oculos
1311 4105 1404 4156 fuit

277 4175 472 4239 Ulyssis
497 4174 560 4223 ad
587 4174 880 4223 Nausicaam
907 4173 1065 4221 oratio
1091 4172 1404 4237 pulchrarum

275 4238 631 4289 sententiarum
653 4238 814 4303 plena,
834 4236 1006 4301 Odyss-
1033 4234 1073 4298 ζ’,
1105 4239 1209 4285 180.

343 4304 456 4352 605.
493 4303 636 4352 Felix
673 4302 926 4378 hominum
963 4311 1096 4358 κω,
1123 4302 1185 4377 ‘in
1222 4318 1316 4377 qua
1340 4310 1405 4376 ‘te

278 4380 602 4483 tgsaenmg'eaengk
623 4368 1124 4489 suntfiali‘alsffielicia.
1172 4369 1406 4429 contigit!

1534 2763 1644 2821 607,
1666 2764 1776 2810 608.
1813 2762 1957 2817 Quod
1980 2762 2203 2811 Tibullus
2230 2763 2265 2819 i,
2289 2766 2335 2822 4,
2360 2764 2422 2813 65
2444 2764 2591 2824 nude,

1466 2830 1575 2875 dum
1594 2830 1758 2875 robora
1784 2830 2127 2884 tellus—vehet,
2150 2828 2242 2875 hoc
2264 2828 2483 2877 ornatius
2506 2844 2591 2877 ex-

1467 2891 1582 2939 tulit
1613 2890 1877 2954 Virgilius:
1913 2889 2075 2938 donec
2110 2891 2161 2938 in
2200 2891 2447 2940 montibus
2482 2908 2589 2941 um-

1465 2957 1567 3004 brae
1584 2955 1816 3004 silvarum
1834 2970 2029 3003 convexa
2044 2954 2298 3013 montium,
2317 2956 2364 3003 h.
2382 2972 2423 3003 e.
2441 2956 2597 3005 latera

1463 3030 1514 3068 et
1542 3019 1767 3076 ambitus,
1792 3020 2133 3076 obscurabunt,
2156 3030 2207 3067 et
2236 3019 2469 3077 ornatius,
2496 3023 2589 3069 lus-

1464 3088 1667 3140 trabunt,
1693 3084 1863 3131 umbra
1884 3098 1974 3147 pro
1996 3083 2129 3131 flexu
2158 3083 2275 3132 solis
2296 3084 2591 3148 procedente

1461 3155 1513 3195 et
1534 3147 1893 3221 circumagente
1916 3163 1984 3195 se.
2018 3149 2159 3195 Polus
2180 3152 2287 3197 dum
2308 3152 2464 3197 sidera
2478 3166 2592 3211 pas-

1461 3212 2379 3341 csiaeti’ergrd'icitzxoutebuhgffizidempgzsci
2397 3230 2594 3341 iffiooel'off
2661 3318 2667 3325 .

1465 3349 1705 3401 quatenus
1721 3339 1875 3387 stellae
1891 3354 2053 3388 errare
2068 3350 2118 3387 et
2131 3342 2295 3403 vagari
2313 3357 2403 3405 per
2417 3342 2594 3390 coelum

1465 3403 1708 3451 videntur.
1744 3404 1869 3451 Cum
1884 3412 2047 3451 tamen
2068 3404 2415 3453 Lucretianum
2432 3405 2465 3462 i,
2482 3408 2593 3463 232,

1465 3470 1749 3541 unde-ather:
1768 3470 1925 3515 sidera
1940 3471 2107 3541 pas-cu,
2133 3478 2184 3541 ef.
2204 3468 2299 3515 alia
2320 3468 2427 3515 loca
2435 3468 2595 3543 yideri

1468 3530 2257 3667 ξ’ἕέῑῗὲεἲὶῗὲἓὲἒῗξωῗιὲῒέ
2272 3532 2597 3656 ’.ξὲἓᾚέ

1468 3660 1529 3707 ad
1551 3658 1951 3731 philosophorum
1978 3656 2261 3719 opimonem
2280 3656 2477 3713 referas,
2500 3674 2597 3721 qua

1467 3732 1599 3770 astra
1634 3721 1837 3769 mannis
1868 3720 2171 3782 terrenisque
2202 3720 2487 3771 humoribus
2519 3732 2593 3770 at-

1467 3786 1680 3835 tenuatis
1694 3783 2005 3847 (ἆποῤῥοίαις)
2021 3784 2086 3832 ali
2099 3786 2407 3848 putabantur,
2422 3800 2593 3848 quem-

1466 3850 1727 3899 admodum
1750 3848 1836 3897 iris
1860 3848 2093 3897 imbibere
2116 3848 2310 3897 imbres.

1534 3915 1643 3972 609,
1666 3915 1776 3962 610.
1812 3914 2114 3976 Quocunque
2150 3913 2328 3972 abiero,
2366 3913 2593 3962 beneficii

1467 3978 1655 4043 accepti
1710 3994 1897 4027 memor
1952 3993 2047 4052 ero.
2114 3980 2384 4034 Metuebant,
2430 3977 2595 4025 animo

1467 4041 2277 4169 meglaeagafzuaffaeffiffingmm
2301 4104 2594 4179 benevolen-

1469 4171 1551 4220 tiae
1586 4182 1635 4221 et
1671 4170 1897 4219 amicitia
1938 4168 2139 4217 affectus
2178 4169 2229 4217 in
2264 4170 2341 4217 bis
2378 4171 2597 4219 versibus

1468 4235 1812 4286 observandus.

1536 4302 1647 4349 614.
1699 4302 1843 4348 Casus
1880 4308 1957 4347 est
1989 4298 2197 4355 fortuna,
2243 4307 2299 4346 ut
2338 4298 2502 4347 statim
2550 4314 2597 4346 v.
