<?xml version="1.0" encoding="UTF-8"?>
<!DOCTYPE html PUBLIC "-//W3C//DTD XHTML 1.0 Transitional//EN"
    "http://www.w3.org/TR/xhtml1/DTD/xhtml1-transitional.dtd">
<html xmlns="http://www.w3.org/1999/xhtml" xml:lang="en" lang="en">
 <head>
  <title>
</title>
<meta http-equiv="Content-Type" content="text/html;charset=utf-8" />
  <meta name='ocr-system' content='tesseract 3.04.00' />
  <meta name='ocr-capabilities' content='ocr_page ocr_carea ocr_par ocr_line ocrx_word'/>
</head>
<body>
  <div class='ocr_page' id='page_1' title='image "./publiivirgiliim00unkngoog_0026.png"; bbox 0 0 3050 4934; ppageno 0'>
   <div class='ocr_carea' id='block_1_1' title="bbox 1071 251 1721 319">
    <p class='ocr_par' dir='ltr' id='par_1_1' title="bbox 1071 251 1721 319">
     <span class='ocr_line' id='line_1_1' title="bbox 1071 251 1721 319; baseline -0.002 -1"><span class='ocrx_word' id='word_1_1' title='bbox 1071 251 1526 319; x_wconf 88' lang='lat' dir='ltr'><strong>ECLOGA</strong></span> <span class='ocrx_word' id='word_1_2' title='bbox 1573 252 1721 318; x_wconf 91' lang='lat'>111.</span> 
     </span>
    </p>
   </div>
   <div class='ocr_carea' id='block_1_2' title="bbox 2478 259 2559 322">
    <p class='ocr_par' dir='ltr' id='par_1_2' title="bbox 2478 259 2559 322">
     <span class='ocr_line' id='line_1_2' title="bbox 2478 259 2559 322; baseline 0.012 -1"><span class='ocrx_word' id='word_1_3' title='bbox 2478 259 2559 322; x_wconf 84' lang='lat'>15</span> 
     </span>
    </p>
   </div>
   <div class='ocr_carea' id='block_1_3' title="bbox 247 403 2545 1804">
    <p class='ocr_par' dir='ltr' id='par_1_3' title="bbox 247 403 2545 1804">
     <span class='ocr_line' id='line_1_3' title="bbox 397 403 1927 492; baseline 0.002 -24"><span class='ocrx_word' id='word_1_4' title='bbox 397 403 712 469; x_wconf 83' lang='lat' dir='ltr'>Diffusos</span> <span class='ocrx_word' id='word_1_5' title='bbox 739 405 992 470; x_wconf 80' lang='lat' dir='ltr'>hedera</span> <span class='ocrx_word' id='word_1_6' title='bbox 1019 408 1216 472; x_wconf 85' lang='lat' dir='ltr'>vestit</span> <span class='ocrx_word' id='word_1_7' title='bbox 1245 406 1533 491; x_wconf 88' lang='lat' dir='ltr'>pallente</span> <span class='ocrx_word' id='word_1_8' title='bbox 1562 409 1927 492; x_wconf 82' lang='lat' dir='ltr'><strong>corymbos.</strong></span> 
     </span>
     <span class='ocr_line' id='line_1_4' title="bbox 247 505 2119 592; baseline 0.003 -24"><span class='ocrx_word' id='word_1_9' title='bbox 247 505 346 568; x_wconf 81' lang='lat'>40</span> <span class='ocrx_word' id='word_1_10' title='bbox 397 506 482 569; x_wconf 90' lang='lat' dir='ltr'>ln</span> <span class='ocrx_word' id='word_1_11' title='bbox 511 507 729 571; x_wconf 90' lang='lat' dir='ltr'>medio</span> <span class='ocrx_word' id='word_1_12' title='bbox 757 507 894 571; x_wconf 90' lang='lat' dir='ltr'>duo</span> <span class='ocrx_word' id='word_1_13' title='bbox 926 508 1133 592; x_wconf 82' lang='lat' dir='ltr'>signa,</span> <span class='ocrx_word' id='word_1_14' title='bbox 1167 507 1434 586; x_wconf 81' lang='lat' dir='ltr'>Conon3</span> <span class='ocrx_word' id='word_1_15' title='bbox 1481 519 1571 584; x_wconf 82' lang='lat' dir='ltr'>et,</span> <span class='ocrx_word' id='word_1_16' title='bbox 1604 509 1749 592; x_wconf 83' lang='lat' dir='ltr'>quis</span> <span class='ocrx_word' id='word_1_17' title='bbox 1780 507 1905 572; x_wconf 85' lang='lat' dir='ltr'>fuit</span> <span class='ocrx_word' id='word_1_18' title='bbox 1932 509 2119 586; x_wconf 86' lang='lat' dir='ltr'>alter,</span> 
     </span>
     <span class='ocr_line' id='line_1_5' title="bbox 395 605 2009 694; baseline 0.002 -24"><span class='ocrx_word' id='word_1_19' title='bbox 395 605 780 692; x_wconf 79' lang='lat' dir='ltr'>Descripsit</span> <span class='ocrx_word' id='word_1_20' title='bbox 807 609 994 673; x_wconf 85' lang='lat' dir='ltr'>radio</span> <span class='ocrx_word' id='word_1_21' title='bbox 1024 619 1237 674; x_wconf 86' lang='lat' dir='ltr'>totum</span> <span class='ocrx_word' id='word_1_22' title='bbox 1265 610 1378 694; x_wconf 92' lang='lat' dir='ltr'>qui</span> <span class='ocrx_word' id='word_1_23' title='bbox 1407 611 1715 694; x_wconf 85' lang='lat' dir='ltr'>gentibus</span> <span class='ocrx_word' id='word_1_24' title='bbox 1746 610 2009 688; x_wconf 82' lang='lat' dir='ltr'>orbem3</span> 
     </span>
     <span class='ocr_line' id='line_1_6' title="bbox 397 707 2275 794; baseline 0.001 -22"><span class='ocrx_word' id='word_1_25' title='bbox 397 707 742 793; x_wconf 78' lang='lat' dir='ltr'>Tempora</span> <span class='ocrx_word' id='word_1_26' title='bbox 769 731 918 793; x_wconf 84' lang='lat' dir='ltr'>quae</span> <span class='ocrx_word' id='word_1_27' title='bbox 947 731 1222 787; x_wconf 79' lang='lat' dir='ltr'>messor,</span> <span class='ocrx_word' id='word_1_28' title='bbox 1253 733 1402 794; x_wconf 83' lang='lat' dir='ltr'>quae</span> <span class='ocrx_word' id='word_1_29' title='bbox 1432 732 1673 776; x_wconf 84' lang='lat' dir='ltr'>curvus</span> <span class='ocrx_word' id='word_1_30' title='bbox 1704 721 1925 774; x_wconf 85' lang='lat' dir='ltr'>arator</span> <span class='ocrx_word' id='word_1_31' title='bbox 1952 710 2275 776; x_wconf 72' lang='lat' dir='ltr'>haberet?</span> 
     </span>
     <span class='ocr_line' id='line_1_7' title="bbox 397 809 2065 888; baseline 0.001 -15"><span class='ocrx_word' id='word_1_32' title='bbox 397 809 712 874; x_wconf 86' lang='lat' dir='ltr'>Necdum</span> <span class='ocrx_word' id='word_1_33' title='bbox 735 809 860 874; x_wconf 90' lang='lat' dir='ltr'>illis</span> <span class='ocrx_word' id='word_1_34' title='bbox 888 810 1074 875; x_wconf 85' lang='lat' dir='ltr'>labra</span> <span class='ocrx_word' id='word_1_35' title='bbox 1103 812 1384 888; x_wconf 84' lang='lat' dir='ltr'>admovi,</span> <span class='ocrx_word' id='word_1_36' title='bbox 1417 812 1539 876; x_wconf 90' lang='lat' dir='ltr'>sed</span> <span class='ocrx_word' id='word_1_37' title='bbox 1560 812 1825 876; x_wconf 82' lang='lat' dir='ltr'>condita</span> <span class='ocrx_word' id='word_1_38' title='bbox 1854 833 2065 875; x_wconf 78' lang='lat' dir='ltr'>servo.</span> 
     </span>
     <span class='ocr_line' id='line_1_8' title="bbox 399 909 2215 992; baseline 0.001 -18"><span class='ocrx_word' id='word_1_39' title='bbox 399 909 596 974; x_wconf 69' lang='lat' dir='ltr'>Dan.</span> <span class='ocrx_word' id='word_1_40' title='bbox 647 912 742 976; x_wconf 86' lang='lat' dir='ltr'>Et</span> <span class='ocrx_word' id='word_1_41' title='bbox 769 913 958 976; x_wconf 86' lang='lat' dir='ltr'>nobis</span> <span class='ocrx_word' id='word_1_42' title='bbox 988 913 1162 976; x_wconf 88' lang='lat' dir='ltr'>idem</span> <span class='ocrx_word' id='word_1_43' title='bbox 1192 909 1582 974; x_wconf 84' lang='lat' dir='ltr'>Alcimedon</span> <span class='ocrx_word' id='word_1_44' title='bbox 1610 911 1743 973; x_wconf 91' lang='lat' dir='ltr'>duo</span> <span class='ocrx_word' id='word_1_45' title='bbox 1772 911 2009 992; x_wconf 86' lang='lat' dir='ltr'>pocula</span> <span class='ocrx_word' id='word_1_46' title='bbox 2038 911 2215 987; x_wconf 85' lang='lat' dir='ltr'>fecit,</span> 
     </span>
     <span class='ocr_line' id='line_1_9' title="bbox 257 1007 2045 1092; baseline 0.001 -18"><span class='ocrx_word' id='word_1_47' title='bbox 257 1011 354 1074; x_wconf 83' lang='lat'>45</span> <span class='ocrx_word' id='word_1_48' title='bbox 403 1011 504 1075; x_wconf 84' lang='lat' dir='ltr'>Et</span> <span class='ocrx_word' id='word_1_49' title='bbox 533 1012 707 1077; x_wconf 91' lang='lat' dir='ltr'>molli</span> <span class='ocrx_word' id='word_1_50' title='bbox 735 1015 978 1077; x_wconf 88' lang='lat' dir='ltr'>circum</span> <span class='ocrx_word' id='word_1_51' title='bbox 1003 1022 1107 1074; x_wconf 86' lang='lat' dir='ltr'>est</span> <span class='ocrx_word' id='word_1_52' title='bbox 1131 1016 1324 1074; x_wconf 84' lang='lat' dir='ltr'>ansas</span> <span class='ocrx_word' id='word_1_53' title='bbox 1357 1007 1697 1092; x_wconf 84' lang='lat' dir='ltr'>amplexus</span> <span class='ocrx_word' id='word_1_54' title='bbox 1728 1010 2045 1088; x_wconf 79' lang='lat' dir='ltr'>acanth03</span> 
     </span>
     <span class='ocr_line' id='line_1_10' title="bbox 399 1109 2157 1196; baseline 0.001 -21"><span class='ocrx_word' id='word_1_55' title='bbox 399 1111 813 1196; x_wconf 78' lang='lat' dir='ltr'>Orpheaque</span> <span class='ocrx_word' id='word_1_56' title='bbox 835 1114 901 1175; x_wconf 89' lang='lat' dir='ltr'>in</span> <span class='ocrx_word' id='word_1_57' title='bbox 931 1110 1148 1174; x_wconf 91' lang='lat' dir='ltr'>medio</span> <span class='ocrx_word' id='word_1_58' title='bbox 1175 1111 1398 1194; x_wconf 87' lang='lat' dir='ltr'>posuit</span> <span class='ocrx_word' id='word_1_59' title='bbox 1428 1109 1753 1193; x_wconf 79' lang='lat' dir='ltr'>silvasque</span> <span class='ocrx_word' id='word_1_60' title='bbox 1786 1121 2157 1194; x_wconf 87' lang='lat' dir='ltr'>sequentes.</span> 
     </span>
     <span class='ocr_line' id='line_1_11' title="bbox 397 1209 2075 1288; baseline 0.001 -14"><span class='ocrx_word' id='word_1_61' title='bbox 397 1209 712 1277; x_wconf 89' lang='lat' dir='ltr'>Necdum</span> <span class='ocrx_word' id='word_1_62' title='bbox 741 1211 863 1275; x_wconf 89' lang='lat' dir='ltr'>illis</span> <span class='ocrx_word' id='word_1_63' title='bbox 890 1211 1076 1275; x_wconf 88' lang='lat' dir='ltr'>labra</span> <span class='ocrx_word' id='word_1_64' title='bbox 1103 1211 1382 1288; x_wconf 80' lang='lat' dir='ltr'>admovi,</span> <span class='ocrx_word' id='word_1_65' title='bbox 1417 1211 1537 1275; x_wconf 87' lang='lat' dir='ltr'>sed</span> <span class='ocrx_word' id='word_1_66' title='bbox 1568 1211 1833 1275; x_wconf 85' lang='lat' dir='ltr'>condita</span> <span class='ocrx_word' id='word_1_67' title='bbox 1862 1233 2075 1277; x_wconf 79' lang='lat' dir='ltr'>servo·</span> 
     </span>
     <span class='ocr_line' id='line_1_12' title="bbox 401 1311 2280 1398; baseline 0.003 -22"><span class='ocrx_word' id='word_1_68' title='bbox 401 1313 482 1376; x_wconf 87' lang='lat' dir='ltr'>Si</span> <span class='ocrx_word' id='word_1_69' title='bbox 507 1314 593 1377; x_wconf 87' lang='lat' dir='ltr'>ad</span> <span class='ocrx_word' id='word_1_70' title='bbox 623 1312 888 1376; x_wconf 82' lang='lat' dir='ltr'>vitulam</span> <span class='ocrx_word' id='word_1_71' title='bbox 921 1323 1205 1398; x_wconf 80' lang='lat' dir='ltr'>spectas,</span> <span class='ocrx_word' id='word_1_72' title='bbox 1233 1311 1394 1376; x_wconf 89' lang='lat' dir='ltr'>nihil</span> <span class='ocrx_word' id='word_1_73' title='bbox 1423 1322 1526 1376; x_wconf 84' lang='lat' dir='ltr'>est</span> <span class='ocrx_word' id='word_1_74' title='bbox 1554 1313 1732 1396; x_wconf 89' lang='lat' dir='ltr'>quod</span> <span class='ocrx_word' id='word_1_75' title='bbox 1762 1312 1999 1396; x_wconf 89' lang='lat' dir='ltr'>pocula</span> <span class='ocrx_word' id='word_1_76' title='bbox 2027 1313 2280 1381; x_wconf 80' lang='lat' dir='ltr'>laudeS.</span> 
     </span>
     <span class='ocr_line' id='line_1_13' title="bbox 407 1412 2545 1502; baseline 0.004 -25"><span class='ocrx_word' id='word_1_77' title='bbox 407 1414 609 1478; x_wconf 72' lang='grc' dir='ltr'><strong>ΜΕΝ.</strong></span> <span class='ocrx_word' id='word_1_78' title='bbox 637 1412 996 1498; x_wconf 82' lang='lat' dir='ltr'>Nunquam</span> <span class='ocrx_word' id='word_1_79' title='bbox 1015 1413 1217 1478; x_wconf 88' lang='lat' dir='ltr'>hodie</span> <span class='ocrx_word' id='word_1_80' title='bbox 1239 1413 1549 1497; x_wconf 85' lang='lat' dir='ltr'>effugies;</span> <span class='ocrx_word' id='word_1_81' title='bbox 1582 1415 1835 1478; x_wconf 82' lang='lat' dir='ltr'>veniam</span> <span class='ocrx_word' id='word_1_82' title='bbox 1858 1438 2249 1502; x_wconf 88' lang='lat' dir='ltr'>quocunque</span> <span class='ocrx_word' id='word_1_83' title='bbox 2272 1421 2545 1486; x_wconf 61' lang='lat' dir='ltr'>vocaris.</span> 
     </span>
     <span class='ocr_line' id='line_1_14' title="bbox 257 1515 2231 1598; baseline 0.003 -20"><span class='ocrx_word' id='word_1_84' title='bbox 257 1517 358 1578; x_wconf 88' lang='grc'>50</span> <span class='ocrx_word' id='word_1_85' title='bbox 401 1515 658 1579; x_wconf 84' lang='lat' dir='ltr'>Audiat</span> <span class='ocrx_word' id='word_1_86' title='bbox 684 1515 832 1579; x_wconf 81' lang='lat' dir='ltr'>haec</span> <span class='ocrx_word' id='word_1_87' title='bbox 859 1525 1133 1591; x_wconf 86' lang='lat' dir='ltr'>tantum,</span> <span class='ocrx_word' id='word_1_88' title='bbox 1165 1515 1268 1579; x_wconf 83' lang='lat' dir='ltr'>vel</span> <span class='ocrx_word' id='word_1_89' title='bbox 1297 1515 1410 1598; x_wconf 91' lang='lat' dir='ltr'>qui</span> <span class='ocrx_word' id='word_1_90' title='bbox 1439 1515 1637 1591; x_wconf 83' lang='lat' dir='ltr'>venit,</span> <span class='ocrx_word' id='word_1_91' title='bbox 1670 1537 1845 1592; x_wconf 90' lang='lat' dir='ltr'>ecce,</span> <span class='ocrx_word' id='word_1_92' title='bbox 1878 1515 2231 1584; x_wconf 83' lang='lat' dir='ltr'>Palaemon.</span> 
     </span>
     <span class='ocr_line' id='line_1_15' title="bbox 399 1615 2088 1700; baseline 0.001 -21"><span class='ocrx_word' id='word_1_93' title='bbox 399 1615 724 1694; x_wconf 85' lang='lat' dir='ltr'>Efficiam,</span> <span class='ocrx_word' id='word_1_94' title='bbox 754 1615 1032 1700; x_wconf 88' lang='lat' dir='ltr'>posthac</span> <span class='ocrx_word' id='word_1_95' title='bbox 1061 1637 1143 1680; x_wconf 91' lang='lat' dir='ltr'>ne</span> <span class='ocrx_word' id='word_1_96' title='bbox 1175 1637 1565 1700; x_wconf 84' lang='lat' dir='ltr'>quemquam</span> <span class='ocrx_word' id='word_1_97' title='bbox 1596 1637 1753 1680; x_wconf 81' lang='lat' dir='ltr'>voce</span> <span class='ocrx_word' id='word_1_98' title='bbox 1782 1615 2088 1682; x_wconf 82' lang='lat' dir='ltr'>lacessas.</span> 
     </span>
     <span class='ocr_line' id='line_1_16' title="bbox 399 1718 2489 1804; baseline 0.003 -22"><span class='ocrx_word' id='word_1_99' title='bbox 399 1718 596 1783; x_wconf 60' lang='lat' dir='ltr'>Dan.</span> <span class='ocrx_word' id='word_1_100' title='bbox 647 1718 830 1792; x_wconf 83' lang='lat' dir='ltr'>Quin</span> <span class='ocrx_word' id='word_1_101' title='bbox 857 1741 1003 1803; x_wconf 86' lang='lat' dir='ltr'>age,</span> <span class='ocrx_word' id='word_1_102' title='bbox 1037 1720 1092 1782; x_wconf 87' lang='lat' dir='ltr'>si</span> <span class='ocrx_word' id='word_1_103' title='bbox 1121 1719 1280 1803; x_wconf 90' lang='lat' dir='ltr'>quid</span> <span class='ocrx_word' id='word_1_104' title='bbox 1310 1718 1543 1796; x_wconf 78' lang='lat' dir='ltr'>habeS,</span> <span class='ocrx_word' id='word_1_105' title='bbox 1574 1719 1643 1782; x_wconf 91' lang='lat' dir='ltr'>in</span> <span class='ocrx_word' id='word_1_106' title='bbox 1670 1741 1773 1783; x_wconf 89' lang='lat' dir='ltr'>me</span> <span class='ocrx_word' id='word_1_107' title='bbox 1803 1743 1983 1784; x_wconf 86' lang='lat' dir='ltr'>mora</span> <span class='ocrx_word' id='word_1_108' title='bbox 2011 1743 2141 1784; x_wconf 88' lang='lat' dir='ltr'>non</span> <span class='ocrx_word' id='word_1_109' title='bbox 2170 1725 2297 1788; x_wconf 87' lang='lat' dir='ltr'>erit</span> <span class='ocrx_word' id='word_1_110' title='bbox 2322 1725 2489 1804; x_wconf 83' lang='lat' dir='ltr'>ulla3</span> 
     </span>
    </p>
   </div>
   <div class='ocr_carea' id='block_1_4' title="bbox 209 1875 1354 4510">
    <p class='ocr_par' dir='ltr' id='par_1_4' title="bbox 211 1875 1354 2584">
     <span class='ocr_line' id='line_1_17' title="bbox 281 1875 1348 1925; baseline 0 -1"><span class='ocrx_word' id='word_1_111' title='bbox 281 1877 364 1925; x_wconf 74' lang='lat'>89.</span> <span class='ocrx_word' id='word_1_112' title='bbox 573 1879 622 1923; x_wconf 70' lang='lat' dir='ltr'>bn·</span> <span class='ocrx_word' id='word_1_113' title='bbox 641 1886 758 1924; x_wconf 87' lang='lat' dir='ltr'>sunt</span> <span class='ocrx_word' id='word_1_114' title='bbox 779 1875 960 1924; x_wconf 85' lang='lat' dir='ltr'>racemi</span> <span class='ocrx_word' id='word_1_115' title='bbox 980 1877 1173 1925; x_wconf 77' lang='lat' dir='ltr'>hederae</span> <span class='ocrx_word' id='word_1_116' title='bbox 1194 1877 1248 1924; x_wconf 90' lang='lat' dir='ltr'>in</span> <span class='ocrx_word' id='word_1_117' title='bbox 1271 1893 1348 1924; x_wconf 88' lang='lat' dir='ltr'>or-</span> 
     </span>
     <span class='ocr_line' id='line_1_18' title="bbox 211 1939 1347 1999; baseline 0.001 -11"><span class='ocrx_word' id='word_1_118' title='bbox 211 1941 332 1988; x_wconf 73' lang='lat' dir='ltr'>bem</span> <span class='ocrx_word' id='word_1_119' title='bbox 364 1939 666 1998; x_wconf 67' lang='lat' dir='ltr'>circumacti,</span> <span class='ocrx_word' id='word_1_120' title='bbox 701 1949 756 1988; x_wconf 88' lang='lat' dir='ltr'>ut</span> <span class='ocrx_word' id='word_1_121' title='bbox 792 1940 923 1988; x_wconf 79' lang='lat' dir='ltr'>Plin.</span> <span class='ocrx_word' id='word_1_122' title='bbox 953 1939 1026 1998; x_wconf 76' lang='grc'>16,</span> <span class='ocrx_word' id='word_1_123' title='bbox 1056 1943 1134 1999; x_wconf 80' lang='lat'>34,</span> <span class='ocrx_word' id='word_1_124' title='bbox 1171 1951 1222 1989; x_wconf 87' lang='lat' dir='ltr'>et</span> <span class='ocrx_word' id='word_1_125' title='bbox 1249 1940 1347 1989; x_wconf 78' lang='lat' dir='ltr'>aci-</span> 
     </span>
     <span class='ocr_line' id='line_1_19' title="bbox 213 2005 1352 2068; baseline 0.002 -16"><span class='ocrx_word' id='word_1_126' title='bbox 213 2005 296 2052; x_wconf 59' lang='grc' dir='ltr'><strong>ἡ</strong></span> <span class='ocrx_word' id='word_1_127' title='bbox 331 2021 390 2053; x_wconf 87' lang='lat' dir='ltr'>ac</span> <span class='ocrx_word' id='word_1_128' title='bbox 427 2005 608 2062; x_wconf 82' lang='lat' dir='ltr'>baccis,</span> <span class='ocrx_word' id='word_1_129' title='bbox 645 2005 730 2068; x_wconf 88' lang='lat' dir='ltr'>qui</span> <span class='ocrx_word' id='word_1_130' title='bbox 767 2005 954 2054; x_wconf 79' lang='lat' dir='ltr'>fructus</span> <span class='ocrx_word' id='word_1_131' title='bbox 987 2005 1192 2064; x_wconf 84' lang='lat' dir='ltr'>hederae,</span> <span class='ocrx_word' id='word_1_132' title='bbox 1232 2021 1352 2068; x_wconf 87' lang='lat' dir='ltr'>quas</span> 
     </span>
     <span class='ocr_line' id='line_1_20' title="bbox 211 2068 1348 2132; baseline 0.001 -15"><span class='ocrx_word' id='word_1_133' title='bbox 211 2085 340 2118; x_wconf 76' lang='lat' dir='ltr'>uvas</span> <span class='ocrx_word' id='word_1_134' title='bbox 354 2079 550 2126; x_wconf 78' lang='lat' dir='ltr'>vocant,</span> <span class='ocrx_word' id='word_1_135' title='bbox 565 2085 753 2132; x_wconf 82' lang='lat' dir='ltr'>graves.</span> <span class='ocrx_word' id='word_1_136' title='bbox 792 2069 995 2116; x_wconf 83' lang='lat' dir='ltr'>Hedera</span> <span class='ocrx_word' id='word_1_137' title='bbox 1011 2068 1139 2118; x_wconf 85' lang='lat' dir='ltr'>dicta</span> <span class='ocrx_word' id='word_1_138' title='bbox 1154 2073 1348 2132; x_wconf 76' lang='lat' dir='ltr'>pauens,</span> 
     </span>
     <span class='ocr_line' id='line_1_21' title="bbox 213 2133 1348 2245; baseline 0 -63"><span class='ocrx_word' id='word_1_139' title='bbox 213 2133 332 2196; x_wconf 76' lang='lat' dir='ltr'>quia</span> <span class='ocrx_word' id='word_1_140' title='bbox 359 2149 524 2196; x_wconf 87' lang='lat' dir='ltr'>genus</span> <span class='ocrx_word' id='word_1_141' title='bbox 551 2135 662 2245; x_wconf 62' lang='lat' dir='ltr'>:lim</span> <span class='ocrx_word' id='word_1_142' title='bbox 691 2133 804 2208; x_wconf 66' lang='lat' dir='ltr'>albo</span> <span class='ocrx_word' id='word_1_143' title='bbox 831 2133 994 2182; x_wconf 85' lang='lat' dir='ltr'>colore</span> <span class='ocrx_word' id='word_1_144' title='bbox 1025 2133 1348 2208; x_wconf 63' lang='lat' dir='ltr'>conspiciturg</span> 
     </span>
     <span class='ocr_line' id='line_1_22' title="bbox 213 2197 1352 2261; baseline 0.002 -17"><span class='ocrx_word' id='word_1_145' title='bbox 213 2212 430 2260; x_wconf 75' lang='lat' dir='ltr'>nmque</span> <span class='ocrx_word' id='word_1_146' title='bbox 453 2207 530 2245; x_wconf 86' lang='lat' dir='ltr'>est</span> <span class='ocrx_word' id='word_1_147' title='bbox 617 2213 648 2246; x_wconf 88' lang='lat' dir='ltr'>a</span> <span class='ocrx_word' id='word_1_148' title='bbox 669 2213 810 2260; x_wconf 75' lang='lat' dir='ltr'>nigro</span> <span class='ocrx_word' id='word_1_149' title='bbox 831 2197 1008 2256; x_wconf 85' lang='lat' dir='ltr'>colore,</span> <span class='ocrx_word' id='word_1_150' title='bbox 1031 2207 1082 2246; x_wconf 87' lang='lat' dir='ltr'>et</span> <span class='ocrx_word' id='word_1_151' title='bbox 1103 2213 1244 2261; x_wconf 87' lang='lat' dir='ltr'>mgro</span> <span class='ocrx_word' id='word_1_152' title='bbox 1266 2207 1352 2247; x_wconf 87' lang='lat' dir='ltr'>aut</span> 
     </span>
     <span class='ocr_line' id='line_1_23' title="bbox 211 2261 1351 2326; baseline 0.001 -17"><span class='ocrx_word' id='word_1_153' title='bbox 211 2277 388 2309; x_wconf 82' lang='lat' dir='ltr'>croceo</span> <span class='ocrx_word' id='word_1_154' title='bbox 417 2261 598 2310; x_wconf 81' lang='lat' dir='ltr'>fructu.</span> <span class='ocrx_word' id='word_1_155' title='bbox 675 2264 796 2309; x_wconf 69' lang='lat' dir='ltr'>Vitis</span> <span class='ocrx_word' id='word_1_156' title='bbox 825 2271 990 2310; x_wconf 83' lang='lat' dir='ltr'>autem</span> <span class='ocrx_word' id='word_1_157' title='bbox 1016 2263 1264 2326; x_wconf 82' lang='lat' dir='ltr'>explicare</span> <span class='ocrx_word' id='word_1_158' title='bbox 1297 2279 1351 2310; x_wconf 87' lang='lat' dir='ltr'>se</span> 
     </span>
     <span class='ocr_line' id='line_1_24' title="bbox 213 2327 1348 2390; baseline 0 -16"><span class='ocrx_word' id='word_1_159' title='bbox 213 2335 266 2373; x_wconf 85' lang='lat' dir='ltr'>ct</span> <span class='ocrx_word' id='word_1_160' title='bbox 285 2341 491 2390; x_wconf 72' lang='lat' dir='ltr'>serpere</span> <span class='ocrx_word' id='word_1_161' title='bbox 510 2341 660 2390; x_wconf 75' lang='lat' dir='ltr'>super</span> <span class='ocrx_word' id='word_1_162' title='bbox 677 2342 876 2374; x_wconf 75' lang='lat' dir='ltr'>racemos</span> <span class='ocrx_word' id='word_1_163' title='bbox 892 2329 1082 2388; x_wconf 64' lang='lat' dir='ltr'>diffusos</span> <span class='ocrx_word' id='word_1_164' title='bbox 1097 2329 1280 2384; x_wconf 68' lang='lat' dir='ltr'>hedera,</span> <span class='ocrx_word' id='word_1_165' title='bbox 1300 2327 1348 2374; x_wconf 89' lang='lat' dir='ltr'>h.</span> 
     </span>
     <span class='ocr_line' id='line_1_25' title="bbox 213 2389 1348 2466; baseline 0 -28"><span class='ocrx_word' id='word_1_166' title='bbox 213 2389 531 2448; x_wconf 78' lang='lat' dir='ltr'>heder-accos,</span> <span class='ocrx_word' id='word_1_167' title='bbox 555 2389 772 2466; x_wconf 83' lang='lat' dir='ltr'>adeoque</span> <span class='ocrx_word' id='word_1_168' title='bbox 806 2405 832 2438; x_wconf 86' lang='lat' dir='ltr'>s</span> <span class='ocrx_word' id='word_1_169' title='bbox 929 2406 956 2438; x_wconf 89' lang='lat' dir='ltr'>r</span> <span class='ocrx_word' id='word_1_170' title='bbox 984 2391 1231 2448; x_wconf 84' lang='lat' dir='ltr'>hederam,</span> <span class='ocrx_word' id='word_1_171' title='bbox 1255 2406 1348 2455; x_wconf 91' lang='lat' dir='ltr'>pu-</span> 
     </span>
     <span class='ocr_line' id='line_1_26' title="bbox 211 2453 1354 2517; baseline 0 -15"><span class='ocrx_word' id='word_1_172' title='bbox 211 2454 364 2502; x_wconf 79' lang='lat' dir='ltr'>tanda</span> <span class='ocrx_word' id='word_1_173' title='bbox 395 2465 492 2510; x_wconf 82' lang='lat' dir='ltr'>est,</span> <span class='ocrx_word' id='word_1_174' title='bbox 515 2463 662 2517; x_wconf 83' lang='lat' dir='ltr'>atque</span> <span class='ocrx_word' id='word_1_175' title='bbox 691 2464 762 2502; x_wconf 76' lang='lat' dir='ltr'>ita</span> <span class='ocrx_word' id='word_1_176' title='bbox 791 2471 868 2504; x_wconf 87' lang='lat' dir='ltr'>am</span> <span class='ocrx_word' id='word_1_177' title='bbox 901 2453 977 2502; x_wconf 88' lang='lat' dir='ltr'>ire</span> <span class='ocrx_word' id='word_1_178' title='bbox 1007 2453 1131 2503; x_wconf 84' lang='lat' dir='ltr'>duas</span> <span class='ocrx_word' id='word_1_179' title='bbox 1159 2453 1354 2503; x_wconf 68' lang='lat' dir='ltr'>celatas</span> 
     </span>
     <span class='ocr_line' id='line_1_27' title="bbox 211 2517 952 2584; baseline -0.001 -17"><span class='ocrx_word' id='word_1_180' title='bbox 211 2517 460 2584; x_wconf 78' lang='lat' dir='ltr'>imagines</span> <span class='ocrx_word' id='word_1_181' title='bbox 481 2519 701 2567; x_wconf 85' lang='lat' dir='ltr'>Cononis</span> <span class='ocrx_word' id='word_1_182' title='bbox 721 2527 776 2567; x_wconf 85' lang='lat' dir='ltr'>et</span> <span class='ocrx_word' id='word_1_183' title='bbox 795 2519 952 2567; x_wconf 83' lang='lat' dir='ltr'>Arati.</span> 
     </span>
    </p>

    <p class='ocr_par' dir='ltr' id='par_1_5' title="bbox 209 2580 1354 4510">
     <span class='ocr_line' id='line_1_28' title="bbox 275 2580 1354 2646; baseline 0 -16"><span class='ocrx_word' id='word_1_184' title='bbox 275 2585 358 2640; x_wconf 72' lang='lat'>40,</span> <span class='ocrx_word' id='word_1_185' title='bbox 383 2585 469 2630; x_wconf 78' lang='lat'>41.</span> <span class='ocrx_word' id='word_1_186' title='bbox 509 2585 566 2631; x_wconf 75' lang='lat' dir='ltr'>Is</span> <span class='ocrx_word' id='word_1_187' title='bbox 585 2587 730 2631; x_wconf 66' lang='lat' dir='ltr'>medio</span> <span class='ocrx_word' id='word_1_188' title='bbox 745 2587 1000 2646; x_wconf 60' lang='grc' dir='ltr'>ἀκοῆς-πα,</span> <span class='ocrx_word' id='word_1_189' title='bbox 1025 2585 1189 2631; x_wconf 64' lang='lat' dir='ltr'>Cenem</span> <span class='ocrx_word' id='word_1_190' title='bbox 1237 2580 1354 2630; x_wconf 80' lang='lat' dir='ltr'>Fuit</span> 
     </span>
     <span class='ocr_line' id='line_1_29' title="bbox 209 2646 1345 2696; baseline -0.001 -1"><span class='ocrx_word' id='word_1_191' title='bbox 209 2647 390 2696; x_wconf 80' lang='lat' dir='ltr'>Conon</span> <span class='ocrx_word' id='word_1_192' title='bbox 413 2647 765 2696; x_wconf 80' lang='lat' dir='ltr'>celeberrimus</span> <span class='ocrx_word' id='word_1_193' title='bbox 785 2646 1160 2695; x_wconf 84' lang='lat' dir='ltr'>mathematicus</span> <span class='ocrx_word' id='word_1_194' title='bbox 1186 2656 1238 2695; x_wconf 89' lang='lat' dir='ltr'>et</span> <span class='ocrx_word' id='word_1_195' title='bbox 1267 2662 1345 2694; x_wconf 89' lang='lat' dir='ltr'>as-</span> 
     </span>
     <span class='ocr_line' id='line_1_30' title="bbox 213 2710 1348 2774; baseline -0.002 -14"><span class='ocrx_word' id='word_1_196' title='bbox 213 2721 488 2768; x_wconf 77' lang='lat' dir='ltr'>tronomus,</span> <span class='ocrx_word' id='word_1_197' title='bbox 507 2711 592 2774; x_wconf 83' lang='lat' dir='ltr'>qui</span> <span class='ocrx_word' id='word_1_198' title='bbox 615 2711 744 2760; x_wconf 84' lang='lat' dir='ltr'>circa</span> <span class='ocrx_word' id='word_1_199' title='bbox 764 2710 1018 2759; x_wconf 70' lang='lat' dir='ltr'>Ptolemoei</span> <span class='ocrx_word' id='word_1_200' title='bbox 1039 2711 1348 2774; x_wconf 79' lang='lat' dir='ltr'>Philadelphi</span> 
     </span>
     <span class='ocr_line' id='line_1_31' title="bbox 211 2775 1346 2842; baseline -0.002 -18"><span class='ocrx_word' id='word_1_201' title='bbox 211 2785 442 2842; x_wconf 72' lang='lat' dir='ltr'>tempta-a</span> <span class='ocrx_word' id='word_1_202' title='bbox 467 2775 608 2832; x_wconf 78' lang='lat' dir='ltr'>vixit,</span> <span class='ocrx_word' id='word_1_203' title='bbox 637 2779 776 2838; x_wconf 72' lang='lat' dir='ltr'>cujus</span> <span class='ocrx_word' id='word_1_204' title='bbox 809 2775 1130 2824; x_wconf 83' lang='lat' dir='ltr'>Archimedes</span> <span class='ocrx_word' id='word_1_205' title='bbox 1159 2775 1346 2837; x_wconf 85' lang='lat' dir='ltr'>aliquo-</span> 
     </span>
     <span class='ocr_line' id='line_1_32' title="bbox 211 2838 1350 2904; baseline -0.002 -16"><span class='ocrx_word' id='word_1_206' title='bbox 211 2840 320 2898; x_wconf 80' lang='lat' dir='ltr'>ties,</span> <span class='ocrx_word' id='word_1_207' title='bbox 341 2851 580 2904; x_wconf 76' lang='lat' dir='ltr'>tanquam</span> <span class='ocrx_word' id='word_1_208' title='bbox 599 2839 692 2888; x_wconf 86' lang='lat' dir='ltr'>sihi</span> <span class='ocrx_word' id='word_1_209' title='bbox 712 2839 996 2888; x_wconf 75' lang='lat' dir='ltr'>amicissimi</span> <span class='ocrx_word' id='word_1_210' title='bbox 1013 2853 1064 2887; x_wconf 83' lang='lat' dir='ltr'>ct</span> <span class='ocrx_word' id='word_1_211' title='bbox 1077 2838 1350 2888; x_wconf 78' lang='lat' dir='ltr'>doctissimi</span> 
     </span>
     <span class='ocr_line' id='line_1_33' title="bbox 211 2903 1346 2962; baseline 0.002 -10"><span class='ocrx_word' id='word_1_212' title='bbox 211 2905 448 2962; x_wconf 80' lang='lat' dir='ltr'>hominis,</span> <span class='ocrx_word' id='word_1_213' title='bbox 471 2915 524 2952; x_wconf 93' lang='lat' dir='ltr'>et</span> <span class='ocrx_word' id='word_1_214' title='bbox 539 2904 765 2953; x_wconf 76' lang='lat' dir='ltr'>Catullus</span> <span class='ocrx_word' id='word_1_215' title='bbox 787 2904 850 2953; x_wconf 90' lang='lat' dir='ltr'>de</span> <span class='ocrx_word' id='word_1_216' title='bbox 871 2905 1026 2953; x_wconf 86' lang='lat' dir='ltr'>Coma</span> <span class='ocrx_word' id='word_1_217' title='bbox 1040 2905 1216 2952; x_wconf 88' lang='lat' dir='ltr'>Beren.</span> <span class='ocrx_word' id='word_1_218' title='bbox 1232 2919 1278 2951; x_wconf 75' lang='grc' dir='ltr'>ν.</span> <span class='ocrx_word' id='word_1_219' title='bbox 1300 2903 1346 2960; x_wconf 82' lang='grc'>7,</span> 
     </span>
     <span class='ocr_line' id='line_1_34' title="bbox 211 2966 1350 3030; baseline -0.001 -13"><span class='ocrx_word' id='word_1_220' title='bbox 211 2984 274 3016; x_wconf 81' lang='lat' dir='ltr'>cx</span> <span class='ocrx_word' id='word_1_221' title='bbox 289 2969 600 3017; x_wconf 82' lang='lat' dir='ltr'>Callimacho</span> <span class='ocrx_word' id='word_1_222' title='bbox 615 2968 916 3017; x_wconf 86' lang='lat' dir='ltr'>mentionem</span> <span class='ocrx_word' id='word_1_223' title='bbox 938 2967 1068 3016; x_wconf 74' lang='lat' dir='ltr'>fecit.</span> <span class='ocrx_word' id='word_1_224' title='bbox 1122 2969 1236 3021; x_wconf 69' lang='lat' dir='ltr'>Quis</span> <span class='ocrx_word' id='word_1_225' title='bbox 1245 2966 1350 3030; x_wconf 73' lang='lat' dir='ltr'>ficit</span> 
     </span>
     <span class='ocr_line' id='line_1_35' title="bbox 211 3031 1345 3095; baseline 0 -15"><span class='ocrx_word' id='word_1_226' title='bbox 211 3033 466 3081; x_wconf 69' lang='lat' dir='ltr'>decr—de</span> <span class='ocrx_word' id='word_1_227' title='bbox 486 3033 668 3082; x_wconf 70' lang='lat' dir='ltr'>celeBri</span> <span class='ocrx_word' id='word_1_228' title='bbox 688 3043 968 3082; x_wconf 83' lang='lat' dir='ltr'>astronomo</span> <span class='ocrx_word' id='word_1_229' title='bbox 983 3031 1117 3095; x_wconf 84' lang='lat' dir='ltr'>loqui</span> <span class='ocrx_word' id='word_1_230' title='bbox 1131 3047 1244 3080; x_wconf 89' lang='lat' dir='ltr'>eum</span> <span class='ocrx_word' id='word_1_231' title='bbox 1257 3047 1345 3080; x_wconf 86' lang='lat' dir='ltr'>ne-</span> 
     </span>
     <span class='ocr_line' id='line_1_36' title="bbox 211 3097 1348 3162; baseline -0.001 -17"><span class='ocrx_word' id='word_1_232' title='bbox 211 3113 348 3146; x_wconf 82' lang='lat' dir='ltr'>cesse</span> <span class='ocrx_word' id='word_1_233' title='bbox 363 3108 458 3156; x_wconf 85' lang='lat' dir='ltr'>est,</span> <span class='ocrx_word' id='word_1_234' title='bbox 473 3097 560 3160; x_wconf 82' lang='lat' dir='ltr'>qui</span> <span class='ocrx_word' id='word_1_235' title='bbox 579 3097 690 3146; x_wconf 83' lang='lat' dir='ltr'>coeli</span> <span class='ocrx_word' id='word_1_236' title='bbox 703 3099 887 3162; x_wconf 81' lang='lat' dir='ltr'>plagas,</span> <span class='ocrx_word' id='word_1_237' title='bbox 905 3107 1042 3146; x_wconf 87' lang='lat' dir='ltr'>ortus</span> <span class='ocrx_word' id='word_1_238' title='bbox 1053 3111 1348 3159; x_wconf 79' lang='lat' dir='ltr'>occasusque</span> 
     </span>
     <span class='ocr_line' id='line_1_37' title="bbox 211 3159 1348 3226; baseline -0.001 -17"><span class='ocrx_word' id='word_1_239' title='bbox 211 3161 446 3220; x_wconf 76' lang='lat' dir='ltr'>siderum,</span> <span class='ocrx_word' id='word_1_240' title='bbox 465 3171 518 3209; x_wconf 86' lang='lat' dir='ltr'>et</span> <span class='ocrx_word' id='word_1_241' title='bbox 540 3161 657 3210; x_wconf 85' lang='lat' dir='ltr'>anni</span> <span class='ocrx_word' id='word_1_242' title='bbox 689 3171 912 3226; x_wconf 85' lang='lat' dir='ltr'>tempora</span> <span class='ocrx_word' id='word_1_243' title='bbox 941 3161 994 3210; x_wconf 86' lang='lat' dir='ltr'>in</span> <span class='ocrx_word' id='word_1_244' title='bbox 1025 3159 1348 3224; x_wconf 76' lang='lat' dir='ltr'>agricolarum</span> 
     </span>
     <span class='ocr_line' id='line_1_38' title="bbox 211 3225 1348 3300; baseline -0.001 -26"><span class='ocrx_word' id='word_1_245' title='bbox 211 3241 358 3274; x_wconf 69' lang='lat' dir='ltr'>mum</span> <span class='ocrx_word' id='word_1_246' title='bbox 402 3225 734 3291; x_wconf 79' lang='lat' dir='ltr'>descripserit.</span> <span class='ocrx_word' id='word_1_247' title='bbox 802 3225 886 3274; x_wconf 89' lang='lat' dir='ltr'>Ad</span> <span class='ocrx_word' id='word_1_248' title='bbox 926 3227 1150 3283; x_wconf 80' lang='lat' dir='ltr'>Aratum,</span> <span class='ocrx_word' id='word_1_249' title='bbox 1195 3225 1348 3300; x_wconf 77' lang='lat' dir='ltr'>(male</span> 
     </span>
     <span class='ocr_line' id='line_1_39' title="bbox 215 3289 1344 3354; baseline 0 -16"><span class='ocrx_word' id='word_1_250' title='bbox 215 3289 512 3339; x_wconf 68' lang='lat' dir='ltr'>Ptolemaeus</span> <span class='ocrx_word' id='word_1_251' title='bbox 531 3290 586 3338; x_wconf 85' lang='lat' dir='ltr'>in</span> <span class='ocrx_word' id='word_1_252' title='bbox 766 3289 876 3348; x_wconf 78' lang='grc' dir='ltr'>ἀπ,</span> <span class='ocrx_word' id='word_1_253' title='bbox 898 3290 982 3354; x_wconf 82' lang='lat' dir='ltr'>qui</span> <span class='ocrx_word' id='word_1_254' title='bbox 1001 3289 1087 3338; x_wconf 77' lang='lat' dir='ltr'>c1.</span> <span class='ocrx_word' id='word_1_255' title='bbox 1106 3303 1250 3338; x_wconf 86' lang='lat' dir='ltr'>anms</span> <span class='ocrx_word' id='word_1_256' title='bbox 1267 3303 1344 3338; x_wconf 84' lang='lat' dir='ltr'>se-</span> 
     </span>
     <span class='ocr_line' id='line_1_40' title="bbox 213 3353 1348 3415; baseline -0.001 -13"><span class='ocrx_word' id='word_1_257' title='bbox 213 3355 316 3403; x_wconf 82' lang='lat' dir='ltr'>rius</span> <span class='ocrx_word' id='word_1_258' title='bbox 355 3354 526 3415; x_wconf 78' lang='lat' dir='ltr'>vixit.)</span> <span class='ocrx_word' id='word_1_259' title='bbox 565 3355 612 3402; x_wconf 77' lang='lat' dir='ltr'>E</span> <span class='ocrx_word' id='word_1_260' title='bbox 679 3369 846 3411; x_wconf 83' lang='lat' dir='ltr'>oxum,</span> <span class='ocrx_word' id='word_1_261' title='bbox 881 3353 1110 3410; x_wconf 65' lang='lat' dir='ltr'>Serviusz</span> <span class='ocrx_word' id='word_1_262' title='bbox 1156 3353 1242 3402; x_wconf 87' lang='lat' dir='ltr'>alii</span> <span class='ocrx_word' id='word_1_263' title='bbox 1286 3353 1348 3401; x_wconf 87' lang='lat' dir='ltr'>ad</span> 
     </span>
     <span class='ocr_line' id='line_1_41' title="bbox 217 3417 1346 3478; baseline -0.001 -11"><span class='ocrx_word' id='word_1_264' title='bbox 217 3418 512 3478; x_wconf 75' lang='lat' dir='ltr'>Hesiodum,</span> <span class='ocrx_word' id='word_1_265' title='bbox 529 3417 967 3475; x_wconf 80' lang='lat' dir='ltr'>Anaximandrum,</span> <span class='ocrx_word' id='word_1_266' title='bbox 983 3417 1346 3475; x_wconf 80' lang='lat' dir='ltr'>Archimedem,</span> 
     </span>
     <span class='ocr_line' id='line_1_42' title="bbox 215 3481 1349 3531; baseline -0.002 0"><span class='ocrx_word' id='word_1_267' title='bbox 215 3483 447 3531; x_wconf 65' lang='lat' dir='ltr'>refutant.</span> <span class='ocrx_word' id='word_1_268' title='bbox 516 3483 630 3531; x_wconf 70' lang='lat' dir='ltr'>Iam</span> <span class='ocrx_word' id='word_1_269' title='bbox 671 3482 1019 3531; x_wconf 80' lang='lat' dir='ltr'>Archimedem</span> <span class='ocrx_word' id='word_1_270' title='bbox 1058 3481 1349 3530; x_wconf 76' lang='lat' dir='ltr'>familiarem</span> 
     </span>
     <span class='ocr_line' id='line_1_43' title="bbox 215 3546 1344 3610; baseline -0.001 -15"><span class='ocrx_word' id='word_1_271' title='bbox 215 3547 434 3595; x_wconf 77' lang='lat' dir='ltr'>Cononis</span> <span class='ocrx_word' id='word_1_272' title='bbox 451 3547 622 3605; x_wconf 74' lang='lat' dir='ltr'>fuine,</span> <span class='ocrx_word' id='word_1_273' title='bbox 645 3555 698 3595; x_wconf 85' lang='lat' dir='ltr'>et</span> <span class='ocrx_word' id='word_1_274' title='bbox 715 3547 956 3610; x_wconf 64' lang='lat' dir='ltr'>spheram</span> <span class='ocrx_word' id='word_1_275' title='bbox 979 3561 1008 3594; x_wconf 89' lang='lat' dir='ltr'>e</span> <span class='ocrx_word' id='word_1_276' title='bbox 1031 3546 1159 3594; x_wconf 79' lang='lat' dir='ltr'>vitro</span> <span class='ocrx_word' id='word_1_277' title='bbox 1180 3547 1344 3595; x_wconf 79' lang='lat' dir='ltr'>confe-</span> 
     </span>
     <span class='ocr_line' id='line_1_44' title="bbox 215 3609 1344 3674; baseline -0.002 -14"><span class='ocrx_word' id='word_1_278' title='bbox 215 3611 352 3670; x_wconf 76' lang='lat' dir='ltr'>cisse,</span> <span class='ocrx_word' id='word_1_279' title='bbox 377 3619 572 3660; x_wconf 79' lang='lat' dir='ltr'>constat</span> <span class='ocrx_word' id='word_1_280' title='bbox 593 3611 673 3659; x_wconf 77' lang='lat' dir='ltr'>vel</span> <span class='ocrx_word' id='word_1_281' title='bbox 695 3627 758 3658; x_wconf 82' lang='lat' dir='ltr'>ex</span> <span class='ocrx_word' id='word_1_282' title='bbox 781 3611 1050 3659; x_wconf 86' lang='lat' dir='ltr'>Claudiano</span> <span class='ocrx_word' id='word_1_283' title='bbox 1073 3609 1225 3674; x_wconf 87' lang='lat' dir='ltr'>epigr.</span> <span class='ocrx_word' id='word_1_284' title='bbox 1253 3611 1344 3658; x_wconf 81' lang='lat'>86:</span> 
     </span>
     <span class='ocr_line' id='line_1_45' title="bbox 219 3674 1340 3737; baseline -0.002 -13"><span class='ocrx_word' id='word_1_285' title='bbox 219 3691 402 3734; x_wconf 76' lang='lat' dir='ltr'>verum,</span> <span class='ocrx_word' id='word_1_286' title='bbox 425 3691 542 3724; x_wconf 81' lang='lat' dir='ltr'>eum</span> <span class='ocrx_word' id='word_1_287' title='bbox 565 3689 670 3723; x_wconf 82' lang='lat' dir='ltr'>rem</span> <span class='ocrx_word' id='word_1_288' title='bbox 695 3674 928 3723; x_wconf 80' lang='lat' dir='ltr'>rusticam</span> <span class='ocrx_word' id='word_1_289' title='bbox 955 3690 1046 3723; x_wconf 82' lang='lat' dir='ltr'>sua</span> <span class='ocrx_word' id='word_1_290' title='bbox 1069 3685 1175 3722; x_wconf 86' lang='lat' dir='ltr'>arte</span> <span class='ocrx_word' id='word_1_291' title='bbox 1202 3674 1340 3737; x_wconf 85' lang='lat' dir='ltr'>adju-</span> 
     </span>
     <span class='ocr_line' id='line_1_46' title="bbox 217 3738 1340 3802; baseline -0.001 -14"><span class='ocrx_word' id='word_1_292' title='bbox 217 3739 358 3798; x_wconf 65' lang='grc' dir='ltr'>ἤιε,</span> <span class='ocrx_word' id='word_1_293' title='bbox 379 3739 632 3788; x_wconf 65' lang='lat' dir='ltr'>memorie</span> <span class='ocrx_word' id='word_1_294' title='bbox 649 3738 850 3788; x_wconf 85' lang='lat' dir='ltr'>tradidit</span> <span class='ocrx_word' id='word_1_295' title='bbox 867 3753 1040 3796; x_wconf 77' lang='lat' dir='ltr'>nem03</span> <span class='ocrx_word' id='word_1_296' title='bbox 1075 3738 1206 3802; x_wconf 88' lang='lat' dir='ltr'>quod</span> <span class='ocrx_word' id='word_1_297' title='bbox 1224 3754 1340 3787; x_wconf 84' lang='lat' dir='ltr'>con-</span> 
     </span>
     <span class='ocr_line' id='line_1_47' title="bbox 217 3803 1341 3862; baseline -0.002 -10"><span class='ocrx_word' id='word_1_298' title='bbox 217 3813 292 3852; x_wconf 83' lang='lat' dir='ltr'>tra</span> <span class='ocrx_word' id='word_1_299' title='bbox 311 3805 366 3853; x_wconf 82' lang='lat' dir='ltr'>in</span> <span class='ocrx_word' id='word_1_300' title='bbox 389 3806 599 3854; x_wconf 74' lang='lat' dir='ltr'>Aratum</span> <span class='ocrx_word' id='word_1_301' title='bbox 622 3803 766 3862; x_wconf 85' lang='lat' dir='ltr'>cadit,</span> <span class='ocrx_word' id='word_1_302' title='bbox 821 3803 875 3852; x_wconf 88' lang='lat' dir='ltr'>ui</span> <span class='ocrx_word' id='word_1_303' title='bbox 897 3803 1244 3852; x_wconf 83' lang='lat' dir='ltr'>astronomicas</span> <span class='ocrx_word' id='word_1_304' title='bbox 1263 3817 1341 3850; x_wconf 89' lang='lat' dir='ltr'>ra-</span> 
     </span>
     <span class='ocr_line' id='line_1_48' title="bbox 217 3867 1342 3931; baseline -0.002 -15"><span class='ocrx_word' id='word_1_305' title='bbox 217 3867 374 3918; x_wconf 79' lang='lat' dir='ltr'>tiones</span> <span class='ocrx_word' id='word_1_306' title='bbox 391 3868 456 3916; x_wconf 78' lang='lat' dir='ltr'>ad</span> <span class='ocrx_word' id='word_1_307' title='bbox 475 3883 621 3917; x_wconf 86' lang='lat' dir='ltr'>usum</span> <span class='ocrx_word' id='word_1_308' title='bbox 639 3868 804 3931; x_wconf 86' lang='lat' dir='ltr'>agrico</span> <span class='ocrx_word' id='word_1_309' title='bbox 819 3883 960 3918; x_wconf 83' lang='lat' dir='ltr'>arum</span> <span class='ocrx_word' id='word_1_310' title='bbox 977 3867 1242 3925; x_wconf 68' lang='lat' dir='ltr'>mutauit,</span> <span class='ocrx_word' id='word_1_311' title='bbox 1257 3882 1342 3915; x_wconf 88' lang='lat' dir='ltr'>cu-</span> 
     </span>
     <span class='ocr_line' id='line_1_49' title="bbox 209 3934 1350 3998; baseline -0.003 -17"><span class='ocrx_word' id='word_1_312' title='bbox 209 3934 387 3998; x_wconf 79' lang='lat' dir='ltr'>jusque</span> <span class='ocrx_word' id='word_1_313' title='bbox 415 3937 710 3995; x_wconf 66' lang='lat' dir='ltr'>phe-onena</span> <span class='ocrx_word' id='word_1_314' title='bbox 739 3941 786 3980; x_wconf 72' lang='lat' dir='ltr'>et</span> <span class='ocrx_word' id='word_1_315' title='bbox 809 3935 1118 3996; x_wconf 71' lang='lat' dir='ltr'>prognostica,</span> <span class='ocrx_word' id='word_1_316' title='bbox 1147 3939 1350 3996; x_wconf 82' lang='lat' dir='ltr'>propter</span> 
     </span>
     <span class='ocr_line' id='line_1_50' title="bbox 217 3996 1349 4072; baseline -0.002 -27"><span class='ocrx_word' id='word_1_317' title='bbox 217 3997 479 4045; x_wconf 76' lang='lat' dir='ltr'>utilitatem</span> <span class='ocrx_word' id='word_1_318' title='bbox 493 3996 650 4060; x_wconf 83' lang='lat' dir='ltr'>magis</span> <span class='ocrx_word' id='word_1_319' title='bbox 661 3996 801 4072; x_wconf 68' lang='lat' dir='ltr'>forte,</span> <span class='ocrx_word' id='word_1_320' title='bbox 817 4011 962 4072; x_wconf 72' lang='lat' dir='ltr'>quam</span> <span class='ocrx_word' id='word_1_321' title='bbox 975 4005 1180 4061; x_wconf 76' lang='lat' dir='ltr'>propter</span> <span class='ocrx_word' id='word_1_322' title='bbox 1225 4005 1349 4043; x_wconf 78' lang='lat' dir='ltr'>oetae</span> 
     </span>
     <span class='ocr_line' id='line_1_51' title="bbox 219 4061 1352 4199; baseline -0.002 -25"><span class='ocrx_word' id='word_1_323' title='bbox 219 4135 282 4182; x_wconf 83' lang='lat' dir='ltr'>et,</span> <span class='ocrx_word' id='word_1_324' title='bbox 303 4061 1352 4199; x_wconf 48' lang='lat' dir='ltr'>cmii-&#39;faiaerlleignglncffigdvariommffl</span> 
     </span>
     <span class='ocr_line' id='line_1_52' title="bbox 217 4188 1348 4302; baseline -0.003 0"><span class='ocrx_word' id='word_1_325' title='bbox 217 4199 504 4302; x_wconf 57' lang='lat'>3²⁰3</span> <span class='ocrx_word' id='word_1_326' title='bbox 515 4197 742 4302; x_wconf 51' lang='lat'>3:323</span> <span class='ocrx_word' id='word_1_327' title='bbox 761 4188 1160 4302; x_wconf 50' lang='lat' dir='ltr'>‘¹323&#39;me</span> <span class='ocrx_word' id='word_1_328' title='bbox 1183 4188 1348 4300; x_wconf 58' lang='lat'>¹:322</span> 
     </span>
     <span class='ocr_line' id='line_1_53' title="bbox 219 4317 1344 4382; baseline -0.003 -16"><span class='ocrx_word' id='word_1_329' title='bbox 219 4317 392 4366; x_wconf 72' lang='lat' dir='ltr'>melius</span> <span class='ocrx_word' id='word_1_330' title='bbox 413 4317 648 4366; x_wconf 78' lang='lat' dir='ltr'>tn&#39;buitur</span> <span class='ocrx_word' id='word_1_331' title='bbox 672 4317 896 4375; x_wconf 82' lang='lat' dir='ltr'>Eudoxo,</span> <span class='ocrx_word' id='word_1_332' title='bbox 919 4317 1103 4382; x_wconf 84' lang='lat' dir='ltr'>quippe</span> <span class='ocrx_word' id='word_1_333' title='bbox 1125 4325 1344 4364; x_wconf 64' lang='lat' dir='ltr'>asoeono-</span> 
     </span>
     <span class='ocr_line' id='line_1_54' title="bbox 219 4381 1348 4446; baseline -0.002 -16"><span class='ocrx_word' id='word_1_334' title='bbox 219 4397 310 4430; x_wconf 73' lang='lat' dir='ltr'>m</span> <span class='ocrx_word' id='word_1_335' title='bbox 381 4381 572 4430; x_wconf 72' lang='lat' dir='ltr'>Radius</span> <span class='ocrx_word' id='word_1_336' title='bbox 601 4395 720 4430; x_wconf 73' lang='lat' dir='ltr'>vero</span> <span class='ocrx_word' id='word_1_337' title='bbox 789 4381 953 4446; x_wconf 83' lang='lat' dir='ltr'>roprie</span> <span class='ocrx_word' id='word_1_338' title='bbox 988 4389 1348 4445; x_wconf 73' lang='lat' dir='ltr'>geometrarum</span> 
     </span>
     <span class='ocr_line' id='line_1_55' title="bbox 221 4443 1344 4510; baseline 0.004 -20"><span class='ocrx_word' id='word_1_339' title='bbox 221 4445 357 4508; x_wconf 57' lang='lat' dir='ltr'>uirga</span> <span class='ocrx_word' id='word_1_340' title='bbox 375 4457 466 4502; x_wconf 77' lang='lat' dir='ltr'>est,</span> <span class='ocrx_word' id='word_1_341' title='bbox 491 4461 586 4508; x_wconf 84' lang='lat' dir='ltr'>qua</span> <span class='ocrx_word' id='word_1_342' title='bbox 609 4445 660 4493; x_wconf 84' lang='lat' dir='ltr'>in</span> <span class='ocrx_word' id='word_1_343' title='bbox 687 4461 724 4510; x_wconf 81' lang='lat' dir='ltr'>p</span> <span class='ocrx_word' id='word_1_344' title='bbox 777 4461 894 4494; x_wconf 82' lang='lat' dir='ltr'>vere</span> <span class='ocrx_word' id='word_1_345' title='bbox 919 4445 1100 4494; x_wconf 74' lang='lat' dir='ltr'>formas</span> <span class='ocrx_word' id='word_1_346' title='bbox 1129 4443 1344 4494; x_wconf 83' lang='lat' dir='ltr'>delinea—</span> 
     </span>
    </p>
   </div>
   <div class='ocr_carea' id='block_1_5' title="bbox 1407 1875 2555 4500">
    <p class='ocr_par' dir='ltr' id='par_1_6' title="bbox 1416 1875 2546 2199">
     <span class='ocr_line' id='line_1_56' title="bbox 1417 1875 2545 1944; baseline 0.004 -19"><span class='ocrx_word' id='word_1_347' title='bbox 1417 1878 1564 1933; x_wconf 74' lang='lat' dir='ltr'>bant3</span> <span class='ocrx_word' id='word_1_348' title='bbox 1589 1876 1744 1925; x_wconf 89' lang='lat' dir='ltr'>necin</span> <span class='ocrx_word' id='word_1_349' title='bbox 1758 1875 1903 1924; x_wconf 88' lang='lat' dir='ltr'>aliam</span> <span class='ocrx_word' id='word_1_350' title='bbox 1918 1877 2157 1926; x_wconf 84' lang='lat' dir='ltr'>rationem</span> <span class='ocrx_word' id='word_1_351' title='bbox 2174 1878 2545 1944; x_wconf 87' lang='lat' dir='ltr'>intelligendum</span> 
     </span>
     <span class='ocr_line' id='line_1_57' title="bbox 1418 1941 2546 2018; baseline 0.005 -30"><span class='ocrx_word' id='word_1_352' title='bbox 1418 1941 1627 1998; x_wconf 82' lang='lat' dir='ltr'>videtur,</span> <span class='ocrx_word' id='word_1_353' title='bbox 1665 1941 1861 2004; x_wconf 85' lang='lat' dir='ltr'>quaudo</span> <span class='ocrx_word' id='word_1_354' title='bbox 1894 1941 2093 1991; x_wconf 70' lang='lat' dir='ltr'>Uraniae</span> <span class='ocrx_word' id='word_1_355' title='bbox 2132 1943 2301 2018; x_wconf 81' lang='lat' dir='ltr'>signis,</span> <span class='ocrx_word' id='word_1_356' title='bbox 2335 1955 2435 2002; x_wconf 83' lang='lat' dir='ltr'>aut,</span> <span class='ocrx_word' id='word_1_357' title='bbox 2473 1945 2546 1994; x_wconf 85' lang='lat' dir='ltr'>uti</span> 
     </span>
     <span class='ocr_line' id='line_1_58' title="bbox 1416 2005 2544 2072; baseline 0.004 -18"><span class='ocrx_word' id='word_1_358' title='bbox 1416 2005 1629 2054; x_wconf 86' lang='lat' dir='ltr'>sollenni</span> <span class='ocrx_word' id='word_1_359' title='bbox 1651 2020 1785 2055; x_wconf 89' lang='lat' dir='ltr'>more</span> <span class='ocrx_word' id='word_1_360' title='bbox 1810 2006 1867 2054; x_wconf 84' lang='lat' dir='ltr'>fit</span> <span class='ocrx_word' id='word_1_361' title='bbox 1897 2005 1980 2068; x_wconf 77' lang='lat' dir='ltr'>(cf.</span> <span class='ocrx_word' id='word_1_362' title='bbox 2006 2007 2121 2055; x_wconf 84' lang='lat' dir='ltr'>AEn.</span> <span class='ocrx_word' id='word_1_363' title='bbox 2146 2023 2211 2066; x_wconf 72' lang='lat' dir='ltr'>vi,</span> <span class='ocrx_word' id='word_1_364' title='bbox 2237 2009 2357 2072; x_wconf 84' lang='lat'><strong>851)</strong></span> <span class='ocrx_word' id='word_1_365' title='bbox 2390 2019 2544 2058; x_wconf 82' lang='lat' dir='ltr'>astro-</span> 
     </span>
     <span class='ocr_line' id='line_1_59' title="bbox 1417 2069 2540 2135; baseline 0.005 -18"><span class='ocrx_word' id='word_1_366' title='bbox 1417 2070 1578 2118; x_wconf 83' lang='lat' dir='ltr'>nomis</span> <span class='ocrx_word' id='word_1_367' title='bbox 1601 2069 1844 2128; x_wconf 85' lang='lat' dir='ltr'>tribuitur,</span> <span class='ocrx_word' id='word_1_368' title='bbox 1870 2085 1981 2118; x_wconf 89' lang='lat' dir='ltr'>cum</span> <span class='ocrx_word' id='word_1_369' title='bbox 2012 2080 2062 2119; x_wconf 88' lang='lat' dir='ltr'>et</span> <span class='ocrx_word' id='word_1_370' title='bbox 2090 2071 2259 2135; x_wconf 84' lang='lat' dir='ltr'>figuris</span> <span class='ocrx_word' id='word_1_371' title='bbox 2290 2083 2340 2122; x_wconf 87' lang='lat' dir='ltr'>et</span> <span class='ocrx_word' id='word_1_372' title='bbox 2370 2089 2540 2122; x_wconf 88' lang='lat' dir='ltr'>nume·</span> 
     </span>
     <span class='ocr_line' id='line_1_60' title="bbox 1417 2134 1879 2199; baseline 0 -17"><span class='ocrx_word' id='word_1_373' title='bbox 1417 2134 1486 2182; x_wconf 82' lang='lat' dir='ltr'>ris</span> <span class='ocrx_word' id='word_1_374' title='bbox 1507 2149 1632 2199; x_wconf 88' lang='lat' dir='ltr'>opus</span> <span class='ocrx_word' id='word_1_375' title='bbox 1653 2135 1879 2183; x_wconf 84' lang='lat' dir='ltr'>habeant.</span> 
     </span>
    </p>

    <p class='ocr_par' dir='ltr' id='par_1_7' title="bbox 1415 2198 2547 2331">
     <span class='ocr_line' id='line_1_61' title="bbox 1480 2198 2547 2266; baseline 0.006 -20"><span class='ocrx_word' id='word_1_376' title='bbox 1480 2201 1560 2257; x_wconf 77' lang='lat'>44,</span> <span class='ocrx_word' id='word_1_377' title='bbox 1585 2201 1663 2247; x_wconf 77' lang='lat'>45.</span> <span class='ocrx_word' id='word_1_378' title='bbox 1703 2198 1900 2247; x_wconf 83' lang='lat' dir='ltr'>Invidia</span> <span class='ocrx_word' id='word_1_379' title='bbox 1916 2209 2127 2263; x_wconf 86' lang='lat' dir='ltr'>punctus</span> <span class='ocrx_word' id='word_1_380' title='bbox 2148 2199 2229 2250; x_wconf 89' lang='lat' dir='ltr'>hic</span> <span class='ocrx_word' id='word_1_381' title='bbox 2251 2201 2349 2250; x_wconf 89' lang='lat' dir='ltr'>duo</span> <span class='ocrx_word' id='word_1_382' title='bbox 2370 2203 2547 2266; x_wconf 86' lang='lat' dir='ltr'>pocula</span> 
     </span>
     <span class='ocr_line' id='line_1_62' title="bbox 1415 2267 2539 2331; baseline 0.004 -20"><span class='ocrx_word' id='word_1_383' title='bbox 1415 2277 1506 2326; x_wconf 85' lang='lat' dir='ltr'>pro</span> <span class='ocrx_word' id='word_1_384' title='bbox 1524 2279 1625 2311; x_wconf 92' lang='lat' dir='ltr'>uno</span> <span class='ocrx_word' id='word_1_385' title='bbox 1641 2273 2001 2321; x_wconf 83' lang='lat' dir='ltr'>commemorat,</span> <span class='ocrx_word' id='word_1_386' title='bbox 2018 2277 2189 2312; x_wconf 87' lang='lat' dir='ltr'>verum</span> <span class='ocrx_word' id='word_1_387' title='bbox 2206 2267 2361 2324; x_wconf 85' lang='lat' dir='ltr'>ambo,</span> <span class='ocrx_word' id='word_1_388' title='bbox 2382 2275 2436 2314; x_wconf 88' lang='lat' dir='ltr'>ut</span> <span class='ocrx_word' id='word_1_389' title='bbox 2452 2283 2539 2331; x_wconf 86' lang='lat' dir='ltr'>ap-</span> 
     </span>
    </p>

    <p class='ocr_par' dir='ltr' id='par_1_8' title="bbox 1412 2327 2555 3288">
     <span class='ocr_line' id='line_1_63' title="bbox 1451 2327 2540 2390; baseline 0.003 -14"><span class='ocrx_word' id='word_1_390' title='bbox 1451 2337 1571 2384; x_wconf 78' lang='lat' dir='ltr'>aret,</span> <span class='ocrx_word' id='word_1_391' title='bbox 1594 2328 1765 2376; x_wconf 86' lang='lat' dir='ltr'>eodem</span> <span class='ocrx_word' id='word_1_392' title='bbox 1788 2327 2015 2390; x_wconf 74' lang='lat' dir='ltr'>exemplo</span> <span class='ocrx_word' id='word_1_393' title='bbox 2032 2327 2171 2376; x_wconf 83' lang='lat' dir='ltr'>facta.</span> <span class='ocrx_word' id='word_1_394' title='bbox 2220 2329 2318 2377; x_wconf 87' lang='lat' dir='ltr'>Pro</span> <span class='ocrx_word' id='word_1_395' title='bbox 2337 2330 2437 2378; x_wconf 83' lang='lat' dir='ltr'>vite</span> <span class='ocrx_word' id='word_1_396' title='bbox 2453 2331 2540 2380; x_wconf 88' lang='lat' dir='ltr'>he-</span> 
     </span>
     <span class='ocr_line' id='line_1_64' title="bbox 1416 2343 2539 2506; baseline 0.004 -68"><span class='ocrx_word' id='word_1_397' title='bbox 1416 2343 1547 2466; x_wconf 52' lang='grc' dir='ltr'>ἔειπε</span> <span class='ocrx_word' id='word_1_398' title='bbox 1568 2389 1959 2503; x_wconf 52' lang='lat' dir='ltr'>it‘xiiglicitaurilunc</span> <span class='ocrx_word' id='word_1_399' title='bbox 1982 2391 2135 2439; x_wconf 85' lang='lat' dir='ltr'>ambit</span> <span class='ocrx_word' id='word_1_400' title='bbox 2156 2407 2241 2504; x_wconf 50' lang='grc' dir='ltr'>οἱα</span> <span class='ocrx_word' id='word_1_401' title='bbox 2274 2394 2539 2506; x_wconf 56' lang='lat' dir='ltr'>acanthgm</span> 
     </span>
     <span class='ocr_line' id='line_1_65' title="bbox 1415 2469 2546 2507; baseline 0.004 -5"><span class='ocrx_word' id='word_1_402' title='bbox 1415 2469 1468 2504; x_wconf 84' lang='lat' dir='ltr'>m</span> <span class='ocrx_word' id='word_1_403' title='bbox 1513 2471 1593 2503; x_wconf 86' lang='lat' dir='ltr'>me</span> <span class='ocrx_word' id='word_1_404' title='bbox 1750 2471 1807 2502; x_wconf 91' lang='lat' dir='ltr'>oc</span> <span class='ocrx_word' id='word_1_405' title='bbox 1922 2471 2038 2503; x_wconf 85' lang='lat' dir='ltr'>area</span> <span class='ocrx_word' id='word_1_406' title='bbox 2216 2472 2304 2505; x_wconf 87' lang='lat' dir='ltr'>cus</span> <span class='ocrx_word' id='word_1_407' title='bbox 2342 2473 2433 2506; x_wconf 87' lang='lat' dir='ltr'>can</span> <span class='ocrx_word' id='word_1_408' title='bbox 2488 2475 2546 2507; x_wconf 89' lang='lat' dir='ltr'>ns</span> 
     </span>
     <span class='ocr_line' id='line_1_66' title="bbox 1419 2519 2539 2584; baseline 0.003 -18"><span class='ocrx_word' id='word_1_409' title='bbox 1419 2519 1621 2567; x_wconf 85' lang='lat' dir='ltr'>effictus.</span> <span class='ocrx_word' id='word_1_410' title='bbox 1736 2527 1785 2567; x_wconf 83' lang='lat' dir='ltr'>st</span> <span class='ocrx_word' id='word_1_411' title='bbox 1804 2527 1969 2566; x_wconf 83' lang='lat' dir='ltr'>autem</span> <span class='ocrx_word' id='word_1_412' title='bbox 2000 2535 2119 2566; x_wconf 85' lang='lat' dir='ltr'>acan</span> <span class='ocrx_word' id='word_1_413' title='bbox 2177 2535 2235 2568; x_wconf 88' lang='lat' dir='ltr'>us</span> <span class='ocrx_word' id='word_1_414' title='bbox 2268 2522 2398 2584; x_wconf 84' lang='lat' dir='ltr'>apud</span> <span class='ocrx_word' id='word_1_415' title='bbox 2422 2521 2539 2570; x_wconf 81' lang='lat' dir='ltr'>Vir-</span> 
     </span>
     <span class='ocr_line' id='line_1_67' title="bbox 1416 2581 2541 2647; baseline 0.004 -17"><span class='ocrx_word' id='word_1_416' title='bbox 1416 2581 1591 2646; x_wconf 77' lang='lat' dir='ltr'>gilium</span> <span class='ocrx_word' id='word_1_417' title='bbox 1636 2592 1687 2630; x_wconf 86' lang='lat' dir='ltr'>et</span> <span class='ocrx_word' id='word_1_418' title='bbox 1730 2581 1913 2646; x_wconf 76' lang='lat' dir='ltr'>plantae</span> <span class='ocrx_word' id='word_1_419' title='bbox 1957 2583 2276 2647; x_wconf 79' lang='lat' dir='ltr'>AEgyptiacae,</span> <span class='ocrx_word' id='word_1_420' title='bbox 2324 2599 2387 2633; x_wconf 84' lang='lat' dir='ltr'>ex</span> <span class='ocrx_word' id='word_1_421' title='bbox 2432 2599 2541 2634; x_wconf 82' lang='lat' dir='ltr'>aca-</span> 
     </span>
     <span class='ocr_line' id='line_1_68' title="bbox 1413 2645 2538 2710; baseline 0.003 -16"><span class='ocrx_word' id='word_1_422' title='bbox 1413 2646 1599 2695; x_wconf 83' lang='lat' dir='ltr'>ciarum</span> <span class='ocrx_word' id='word_1_423' title='bbox 1629 2661 1826 2710; x_wconf 77' lang='lat' dir='ltr'>genere,</span> <span class='ocrx_word' id='word_1_424' title='bbox 1852 2646 1947 2697; x_wconf 86' lang='lat' dir='ltr'>vid.</span> <span class='ocrx_word' id='word_1_425' title='bbox 1973 2647 2093 2695; x_wconf 85' lang='lat' dir='ltr'>Geo.</span> <span class='ocrx_word' id='word_1_426' title='bbox 2118 2645 2170 2705; x_wconf 90' lang='lat' dir='ltr'>ii,</span> <span class='ocrx_word' id='word_1_427' title='bbox 2200 2647 2309 2706; x_wconf 82' lang='lat'>119,</span> <span class='ocrx_word' id='word_1_428' title='bbox 2343 2657 2393 2696; x_wconf 86' lang='lat' dir='ltr'>et</span> <span class='ocrx_word' id='word_1_429' title='bbox 2422 2649 2538 2698; x_wconf 86' lang='lat' dir='ltr'>her-</span> 
     </span>
     <span class='ocr_line' id='line_1_69' title="bbox 1413 2710 2544 2778; baseline 0.003 -19"><span class='ocrx_word' id='word_1_430' title='bbox 1413 2712 1488 2759; x_wconf 81' lang='lat' dir='ltr'>bae</span> <span class='ocrx_word' id='word_1_431' title='bbox 1540 2710 1777 2760; x_wconf 79' lang='lat' dir='ltr'>silvestris</span> <span class='ocrx_word' id='word_1_432' title='bbox 1826 2710 2167 2774; x_wconf 66' lang='lat' dir='ltr'>hortensimme</span> <span class='ocrx_word' id='word_1_433' title='bbox 2216 2729 2272 2760; x_wconf 85' lang='lat' dir='ltr'>ac</span> <span class='ocrx_word' id='word_1_434' title='bbox 2324 2712 2544 2778; x_wconf 62' lang='lat' dir='ltr'>topiaria!</span> 
     </span>
     <span class='ocr_line' id='line_1_70' title="bbox 1412 2774 2545 2838; baseline 0.004 -16"><span class='ocrx_word' id='word_1_435' title='bbox 1412 2789 1585 2838; x_wconf 85' lang='lat' dir='ltr'>genus,</span> <span class='ocrx_word' id='word_1_436' title='bbox 1610 2775 1689 2822; x_wconf 86' lang='lat' dir='ltr'>hic</span> <span class='ocrx_word' id='word_1_437' title='bbox 1712 2785 1763 2824; x_wconf 85' lang='lat' dir='ltr'>et</span> <span class='ocrx_word' id='word_1_438' title='bbox 1786 2775 1891 2822; x_wconf 89' lang='lat' dir='ltr'>Ecl.</span> <span class='ocrx_word' id='word_1_439' title='bbox 1914 2774 1979 2832; x_wconf 84' lang='lat' dir='ltr'>iv,</span> <span class='ocrx_word' id='word_1_440' title='bbox 2004 2777 2090 2831; x_wconf 67' lang='lat'>203</span> <span class='ocrx_word' id='word_1_441' title='bbox 2125 2777 2245 2825; x_wconf 85' lang='lat' dir='ltr'>Geo.</span> <span class='ocrx_word' id='word_1_442' title='bbox 2269 2777 2334 2835; x_wconf 79' lang='lat' dir='ltr'>iv,</span> <span class='ocrx_word' id='word_1_443' title='bbox 2364 2779 2457 2826; x_wconf 86' lang='grc'>123</span> <span class='ocrx_word' id='word_1_444' title='bbox 2493 2787 2545 2826; x_wconf 88' lang='lat' dir='ltr'>et</span> 
     </span>
     <span class='ocr_line' id='line_1_71' title="bbox 1419 2838 2542 2891; baseline 0.004 -5"><span class='ocrx_word' id='word_1_445' title='bbox 1419 2839 1526 2889; x_wconf 83' lang='grc'><strong>137.</strong></span> <span class='ocrx_word' id='word_1_446' title='bbox 1584 2841 1747 2887; x_wconf 73' lang='lat' dir='ltr'>Mollis</span> <span class='ocrx_word' id='word_1_447' title='bbox 1767 2839 1828 2886; x_wconf 82' lang='lat' dir='ltr'>ad</span> <span class='ocrx_word' id='word_1_448' title='bbox 1850 2838 2052 2887; x_wconf 83' lang='lat' dir='ltr'>artificis</span> <span class='ocrx_word' id='word_1_449' title='bbox 2076 2839 2269 2888; x_wconf 80' lang='lat' dir='ltr'>facilem</span> <span class='ocrx_word' id='word_1_450' title='bbox 2300 2851 2351 2889; x_wconf 88' lang='lat' dir='ltr'>et</span> <span class='ocrx_word' id='word_1_451' title='bbox 2382 2842 2542 2891; x_wconf 82' lang='lat' dir='ltr'>levem</span> 
     </span>
     <span class='ocr_line' id='line_1_72' title="bbox 1413 2902 2543 2956; baseline 0.004 -5"><span class='ocrx_word' id='word_1_452' title='bbox 1413 2918 1617 2951; x_wconf 85' lang='lat' dir='ltr'>manum</span> <span class='ocrx_word' id='word_1_453' title='bbox 1659 2902 1832 2951; x_wconf 84' lang='lat' dir='ltr'>referri</span> <span class='ocrx_word' id='word_1_454' title='bbox 1882 2903 2136 2951; x_wconf 86' lang='lat' dir='ltr'>contendit</span> <span class='ocrx_word' id='word_1_455' title='bbox 2182 2905 2347 2953; x_wconf 74' lang='lat' dir='ltr'>Burni.</span> <span class='ocrx_word' id='word_1_456' title='bbox 2394 2905 2543 2956; x_wconf 79' lang='lat' dir='ltr'>nimis</span> 
     </span>
     <span class='ocr_line' id='line_1_73' title="bbox 1413 2967 2555 3033; baseline 0.003 -17"><span class='ocrx_word' id='word_1_457' title='bbox 1413 2967 1557 3016; x_wconf 86' lang='lat' dir='ltr'>docte</span> <span class='ocrx_word' id='word_1_458' title='bbox 1576 2985 1589 3023; x_wconf 75' lang='grc' dir='ltr'>ς</span> <span class='ocrx_word' id='word_1_459' title='bbox 1624 2982 1739 3015; x_wconf 89' lang='lat' dir='ltr'>nam</span> <span class='ocrx_word' id='word_1_460' title='bbox 1763 2969 1910 3015; x_wconf 71' lang='lat' dir='ltr'>mollis</span> <span class='ocrx_word' id='word_1_461' title='bbox 1930 2976 2009 3016; x_wconf 83' lang='lat' dir='ltr'>est</span> <span class='ocrx_word' id='word_1_462' title='bbox 2030 2967 2287 3033; x_wconf 86' lang='lat' dir='ltr'>proprium</span> <span class='ocrx_word' id='word_1_463' title='bbox 2308 2984 2371 3018; x_wconf 84' lang='lat' dir='ltr'>ex</span> <span class='ocrx_word' id='word_1_464' title='bbox 2394 2985 2555 3018; x_wconf 71' lang='lat' dir='ltr'>acan-e</span> 
     </span>
     <span class='ocr_line' id='line_1_74' title="bbox 1415 3031 2538 3098; baseline 0.004 -20"><span class='ocrx_word' id='word_1_465' title='bbox 1415 3031 1487 3079; x_wconf 89' lang='lat' dir='ltr'>thi</span> <span class='ocrx_word' id='word_1_466' title='bbox 1507 3031 1695 3080; x_wconf 87' lang='lat' dir='ltr'>lubrica</span> <span class='ocrx_word' id='word_1_467' title='bbox 1723 3039 1774 3079; x_wconf 91' lang='lat' dir='ltr'>et</span> <span class='ocrx_word' id='word_1_468' title='bbox 1793 3031 2011 3080; x_wconf 84' lang='lat' dir='ltr'>flexuosa</span> <span class='ocrx_word' id='word_1_469' title='bbox 2046 3042 2221 3080; x_wconf 83' lang='lat' dir='ltr'>natura</span> <span class='ocrx_word' id='word_1_470' title='bbox 2253 3033 2538 3098; x_wconf 76' lang='lat' dir='ltr'>epithetum</span> 
     </span>
     <span class='ocr_line' id='line_1_75' title="bbox 1412 3095 2541 3157; baseline 0.003 -13"><span class='ocrx_word' id='word_1_471' title='bbox 1412 3095 1510 3144; x_wconf 80' lang='lat' dir='ltr'>vid.</span> <span class='ocrx_word' id='word_1_472' title='bbox 1538 3095 1683 3144; x_wconf 86' lang='lat' dir='ltr'>modo</span> <span class='ocrx_word' id='word_1_473' title='bbox 1716 3095 1967 3144; x_wconf 74' lang='lat' dir='ltr'>laudatum</span> <span class='ocrx_word' id='word_1_474' title='bbox 2000 3095 2162 3144; x_wconf 89' lang='lat' dir='ltr'>locum</span> <span class='ocrx_word' id='word_1_475' title='bbox 2194 3099 2316 3145; x_wconf 83' lang='lat' dir='ltr'>Geo.</span> <span class='ocrx_word' id='word_1_476' title='bbox 2339 3096 2404 3156; x_wconf 84' lang='lat' dir='ltr'>iv,</span> <span class='ocrx_word' id='word_1_477' title='bbox 2434 3097 2541 3157; x_wconf 86' lang='grc'><strong>137,</strong></span> 
     </span>
     <span class='ocr_line' id='line_1_76' title="bbox 1412 3159 2541 3288; baseline 0.004 -81"><span class='ocrx_word' id='word_1_478' title='bbox 1412 3169 1562 3288; x_wconf 54' lang='lat' dir='ltr'>w.</span> <span class='ocrx_word' id='word_1_479' title='bbox 1578 3159 1794 3272; x_wconf 44' lang='lat' dir='ltr'>‘&#39;l&#39;&#39;‘hsscr-</span> <span class='ocrx_word' id='word_1_480' title='bbox 1817 3159 1852 3217; x_wconf 88' lang='lat' dir='ltr'>i,</span> <span class='ocrx_word' id='word_1_481' title='bbox 1878 3162 1955 3217; x_wconf 80' lang='lat'>35,</span> <span class='ocrx_word' id='word_1_482' title='bbox 1992 3161 2123 3209; x_wconf 88' lang='lat' dir='ltr'>unde</span> <span class='ocrx_word' id='word_1_483' title='bbox 2155 3161 2261 3210; x_wconf 61' lang='lat' dir='ltr'>haec</span> <span class='ocrx_word' id='word_1_484' title='bbox 2294 3177 2541 3226; x_wconf 83' lang='lat' dir='ltr'>expressa,</span> 
     </span>
    </p>

    <p class='ocr_par' dir='ltr' id='par_1_9' title="bbox 1532 3241 1791 3274">
     <span class='ocr_line' id='line_1_77' title="bbox 1532 3241 1791 3274; baseline -0.008 0"><span class='ocrx_word' id='word_1_485' title='bbox 1532 3242 1556 3274; x_wconf 77' lang='lat' dir='ltr'>s</span> <span class='ocrx_word' id='word_1_486' title='bbox 1726 3241 1791 3273; x_wconf 79' lang='grc' dir='ltr'>ος.</span> 
     </span>
    </p>

    <p class='ocr_par' dir='ltr' id='par_1_10' title="bbox 1411 3289 2545 3481">
     <span class='ocr_line' id='line_1_78' title="bbox 1477 3289 2541 3350; baseline 0.004 -14"><span class='ocrx_word' id='word_1_487' title='bbox 1477 3291 1557 3336; x_wconf 77' lang='lat'>48.</span> <span class='ocrx_word' id='word_1_488' title='bbox 1593 3291 1647 3336; x_wconf 72' lang='lat' dir='ltr'>St·</span> <span class='ocrx_word' id='word_1_489' title='bbox 1668 3291 1733 3335; x_wconf 78' lang='lat' dir='ltr'>ad</span> <span class='ocrx_word' id='word_1_490' title='bbox 1750 3291 1943 3336; x_wconf 72' lang='lat' dir='ltr'>vitulam</span> <span class='ocrx_word' id='word_1_491' title='bbox 1966 3295 2177 3350; x_wconf 73' lang='lat' dir='ltr'>spectas.-</span> <span class='ocrx_word' id='word_1_492' title='bbox 2210 3289 2259 3337; x_wconf 84' lang='lat' dir='ltr'>h.</span> <span class='ocrx_word' id='word_1_493' title='bbox 2298 3289 2341 3338; x_wconf 86' lang='lat' dir='ltr'>si</span> <span class='ocrx_word' id='word_1_494' title='bbox 2378 3300 2541 3340; x_wconf 81' lang='lat' dir='ltr'>tamen</span> 
     </span>
     <span class='ocr_line' id='line_1_79' title="bbox 1411 3352 2542 3417; baseline 0.004 -17"><span class='ocrx_word' id='word_1_495' title='bbox 1411 3353 1643 3417; x_wconf 84' lang='lat' dir='ltr'>poculum</span> <span class='ocrx_word' id='word_1_496' title='bbox 1676 3360 1815 3400; x_wconf 88' lang='lat' dir='ltr'>tuum</span> <span class='ocrx_word' id='word_1_497' title='bbox 1848 3352 1911 3400; x_wconf 83' lang='lat' dir='ltr'>ad</span> <span class='ocrx_word' id='word_1_498' title='bbox 1936 3355 2199 3415; x_wconf 82' lang='lat' dir='ltr'>juvencam</span> <span class='ocrx_word' id='word_1_499' title='bbox 2232 3353 2405 3417; x_wconf 82' lang='lat' dir='ltr'>exigis,</span> <span class='ocrx_word' id='word_1_500' title='bbox 2428 3371 2542 3404; x_wconf 89' lang='lat' dir='ltr'>cum</span> 
     </span>
     <span class='ocr_line' id='line_1_80' title="bbox 1413 3417 2545 3481; baseline 0.003 -16"><span class='ocrx_word' id='word_1_501' title='bbox 1413 3433 1472 3465; x_wconf 84' lang='lat' dir='ltr'>ea</span> <span class='ocrx_word' id='word_1_502' title='bbox 1503 3431 1789 3481; x_wconf 75' lang='lat' dir='ltr'>comparas3</span> <span class='ocrx_word' id='word_1_503' title='bbox 1825 3431 1923 3464; x_wconf 87' lang='lat' dir='ltr'>nou</span> <span class='ocrx_word' id='word_1_504' title='bbox 1957 3427 2035 3466; x_wconf 85' lang='lat' dir='ltr'>est</span> <span class='ocrx_word' id='word_1_505' title='bbox 2066 3417 2198 3479; x_wconf 87' lang='lat' dir='ltr'>quod</span> <span class='ocrx_word' id='word_1_506' title='bbox 2236 3418 2357 3468; x_wconf 88' lang='lat' dir='ltr'>illud</span> <span class='ocrx_word' id='word_1_507' title='bbox 2388 3419 2545 3468; x_wconf 84' lang='lat' dir='ltr'>vitula</span> 
     </span>
    </p>

    <p class='ocr_par' dir='ltr' id='par_1_11' title="bbox 1479 3481 2541 3546">
     <span class='ocr_line' id='line_1_81' title="bbox 1479 3481 2541 3546; baseline 0.002 -16"><span class='ocrx_word' id='word_1_508' title='bbox 1479 3481 1578 3530; x_wconf 85' lang='lat' dir='ltr'>tius</span> <span class='ocrx_word' id='word_1_509' title='bbox 1598 3482 1808 3538; x_wconf 54' lang='lat' dir='ltr'>babeam</span> <span class='ocrx_word' id='word_1_510' title='bbox 1844 3495 1936 3529; x_wconf 85' lang='lat' dir='ltr'>nec</span> <span class='ocrx_word' id='word_1_511' title='bbox 1963 3497 2087 3546; x_wconf 85' lang='lat' dir='ltr'>opus</span> <span class='ocrx_word' id='word_1_512' title='bbox 2122 3491 2199 3530; x_wconf 84' lang='lat' dir='ltr'>est</span> <span class='ocrx_word' id='word_1_513' title='bbox 2230 3491 2287 3530; x_wconf 89' lang='lat' dir='ltr'>ut</span> <span class='ocrx_word' id='word_1_514' title='bbox 2318 3498 2423 3546; x_wconf 72' lang='lat' dir='ltr'>ego,</span> <span class='ocrx_word' id='word_1_515' title='bbox 2448 3483 2541 3532; x_wconf 74' lang='lat' dir='ltr'>etsi</span> 
     </span>
    </p>

    <p class='ocr_par' dir='ltr' id='par_1_12' title="bbox 1407 3545 2543 4044">
     <span class='ocr_line' id='line_1_82' title="bbox 1445 3545 2541 3620; baseline 0 -26"><span class='ocrx_word' id='word_1_516' title='bbox 1445 3561 1510 3594; x_wconf 90' lang='lat' dir='ltr'>uo</span> <span class='ocrx_word' id='word_1_517' title='bbox 1534 3545 1709 3620; x_wconf 76' lang='lat' dir='ltr'>pocula</span> <span class='ocrx_word' id='word_1_518' title='bbox 1741 3545 1919 3609; x_wconf 85' lang='lat' dir='ltr'>etipse</span> <span class='ocrx_word' id='word_1_519' title='bbox 1948 3546 2118 3603; x_wconf 87' lang='lat' dir='ltr'>habeo,</span> <span class='ocrx_word' id='word_1_520' title='bbox 2140 3547 2347 3594; x_wconf 85' lang='lat' dir='ltr'>alterum</span> <span class='ocrx_word' id='word_1_521' title='bbox 2382 3561 2445 3595; x_wconf 83' lang='lat' dir='ltr'>ex</span> <span class='ocrx_word' id='word_1_522' title='bbox 2478 3547 2541 3594; x_wconf 86' lang='lat' dir='ltr'>iis</span> 
     </span>
     <span class='ocr_line' id='line_1_83' title="bbox 1411 3623 2543 3734; baseline 0.002 -14"><span class='ocrx_word' id='word_1_523' title='bbox 1411 3623 2103 3732; x_wconf 51' lang='grc' dir='ltr'>Ρῖθῖρὲίῖῃῖὖΐηςωωῳῃιηῖοάἰε</span> <span class='ocrx_word' id='word_1_524' title='bbox 2135 3673 2326 3734; x_wconf 72' lang='lat' dir='ltr'>effugies</span> <span class='ocrx_word' id='word_1_525' title='bbox 2340 3689 2358 3718; x_wconf 84' lang='lat'>.-</span> <span class='ocrx_word' id='word_1_526' title='bbox 2390 3674 2543 3722; x_wconf 74' lang='lat' dir='ltr'>verba</span> 
     </span>
     <span class='ocr_line' id='line_1_84' title="bbox 1407 3735 2535 3800; baseline -0.001 -14"><span class='ocrx_word' id='word_1_527' title='bbox 1407 3753 1440 3786; x_wconf 88' lang='lat' dir='ltr'>a</span> <span class='ocrx_word' id='word_1_528' title='bbox 1461 3735 1637 3785; x_wconf 72' lang='lat' dir='ltr'>Naevio</span> <span class='ocrx_word' id='word_1_529' title='bbox 1668 3743 1891 3783; x_wconf 85' lang='lat' dir='ltr'>mutuata</span> <span class='ocrx_word' id='word_1_530' title='bbox 1922 3750 2029 3784; x_wconf 89' lang='lat' dir='ltr'>csse</span> <span class='ocrx_word' id='word_1_531' title='bbox 2063 3751 2139 3800; x_wconf 87' lang='lat' dir='ltr'>ap.</span> <span class='ocrx_word' id='word_1_532' title='bbox 2176 3735 2393 3783; x_wconf 78' lang='lat' dir='ltr'>Macrob-</span> <span class='ocrx_word' id='word_1_533' title='bbox 2420 3736 2483 3794; x_wconf 83' lang='lat' dir='ltr'>vi,</span> <span class='ocrx_word' id='word_1_534' title='bbox 2514 3739 2535 3785; x_wconf 88' lang='lat' dir='ltr'>l</span> 
     </span>
     <span class='ocr_line' id='line_1_85' title="bbox 1409 3801 2539 3863; baseline -0.001 -12"><span class='ocrx_word' id='word_1_535' title='bbox 1409 3801 1659 3851; x_wconf 70' lang='lat' dir='ltr'>merim.</span> <span class='ocrx_word' id='word_1_536' title='bbox 1708 3802 1895 3848; x_wconf 72' lang='lat' dir='ltr'>Veniam</span> <span class='ocrx_word' id='word_1_537' title='bbox 1912 3817 2172 3863; x_wconf 75' lang='lat' dir='ltr'>quocunque</span> <span class='ocrx_word' id='word_1_538' title='bbox 2188 3804 2391 3848; x_wconf 75' lang='lat' dir='ltr'>vocaris.-</span> <span class='ocrx_word' id='word_1_539' title='bbox 2410 3801 2539 3863; x_wconf 87' lang='lat' dir='ltr'>quod</span> 
     </span>
     <span class='ocr_line' id='line_1_86' title="bbox 1409 3864 2539 3930; baseline -0.001 -15"><span class='ocrx_word' id='word_1_540' title='bbox 1409 3867 1571 3930; x_wconf 80' lang='lat' dir='ltr'>vulgo,</span> <span class='ocrx_word' id='word_1_541' title='bbox 1611 3864 1909 3914; x_wconf 83' lang='lat' dir='ltr'>descendere</span> <span class='ocrx_word' id='word_1_542' title='bbox 1946 3865 2009 3914; x_wconf 87' lang='lat' dir='ltr'>ad</span> <span class='ocrx_word' id='word_1_543' title='bbox 2042 3865 2221 3922; x_wconf 88' lang='lat' dir='ltr'>omnia,</span> <span class='ocrx_word' id='word_1_544' title='bbox 2256 3865 2304 3912; x_wconf 90' lang='lat' dir='ltr'>h.</span> <span class='ocrx_word' id='word_1_545' title='bbox 2340 3864 2371 3912; x_wconf 87' lang='lat'>1.</span> <span class='ocrx_word' id='word_1_546' title='bbox 2406 3867 2539 3914; x_wconf 88' lang='lat' dir='ltr'>omni</span> 
     </span>
     <span class='ocr_line' id='line_1_87' title="bbox 1411 3929 2541 4006; baseline 0 -27"><span class='ocrx_word' id='word_1_547' title='bbox 1411 3930 1693 3979; x_wconf 83' lang='lat' dir='ltr'>conditione</span> <span class='ocrx_word' id='word_1_548' title='bbox 1708 3929 1958 4006; x_wconf 83' lang='lat' dir='ltr'>proposita</span> <span class='ocrx_word' id='word_1_549' title='bbox 1976 3939 2137 3978; x_wconf 87' lang='lat' dir='ltr'>tecum</span> <span class='ocrx_word' id='word_1_550' title='bbox 2156 3931 2375 3978; x_wconf 83' lang='lat' dir='ltr'>certabo:</span> <span class='ocrx_word' id='word_1_551' title='bbox 2396 3931 2541 3979; x_wconf 89' lang='lat' dir='ltr'>modo</span> 
     </span>
     <span class='ocr_line' id='line_1_88' title="bbox 1413 3994 2059 4044; baseline -0.003 0"><span class='ocrx_word' id='word_1_552' title='bbox 1413 3995 1597 4044; x_wconf 84' lang='lat' dir='ltr'>arbiter</span> <span class='ocrx_word' id='word_1_553' title='bbox 1614 3995 1897 4044; x_wconf 72' lang='lat' dir='ltr'>certaminis</span> <span class='ocrx_word' id='word_1_554' title='bbox 1917 3994 2059 4042; x_wconf 88' lang='lat' dir='ltr'>adsit.</span> 
     </span>
    </p>

    <p class='ocr_par' dir='ltr' id='par_1_13' title="bbox 1407 4058 2541 4500">
     <span class='ocr_line' id='line_1_89' title="bbox 1479 4058 2535 4108; baseline 0.002 -2"><span class='ocrx_word' id='word_1_555' title='bbox 1479 4061 1558 4106; x_wconf 79' lang='lat'>60.</span> <span class='ocrx_word' id='word_1_556' title='bbox 1594 4062 1777 4107; x_wconf 71' lang='lat' dir='ltr'>Audiat</span> <span class='ocrx_word' id='word_1_557' title='bbox 1809 4063 1906 4106; x_wconf 78' lang='lat' dir='ltr'>haec</span> <span class='ocrx_word' id='word_1_558' title='bbox 1946 4058 2381 4106; x_wconf 70' lang='lat' dir='ltr'>tastum—volebat</span> <span class='ocrx_word' id='word_1_559' title='bbox 2419 4060 2535 4108; x_wconf 90' lang='lat' dir='ltr'>sub·</span> 
     </span>
     <span class='ocr_line' id='line_1_90' title="bbox 1407 4121 2537 4186; baseline -0.003 -14"><span class='ocrx_word' id='word_1_560' title='bbox 1407 4122 1563 4186; x_wconf 83' lang='lat' dir='ltr'>jicere</span> <span class='ocrx_word' id='word_1_561' title='bbox 1585 4126 1769 4186; x_wconf 67' lang='lat' dir='ltr'>oliqtaes&#39;s,</span> <span class='ocrx_word' id='word_1_562' title='bbox 1790 4121 1869 4170; x_wconf 82' lang='lat' dir='ltr'>vel</span> <span class='ocrx_word' id='word_1_563' title='bbox 1890 4135 2071 4169; x_wconf 84' lang='lat' dir='ltr'>nomen</span> <span class='ocrx_word' id='word_1_564' title='bbox 2088 4122 2298 4185; x_wconf 86' lang='lat' dir='ltr'>pastoris</span> <span class='ocrx_word' id='word_1_565' title='bbox 2315 4121 2537 4184; x_wconf 83' lang='lat' dir='ltr'>alicujus,</span> 
     </span>
     <span class='ocr_line' id='line_1_91' title="bbox 1409 4185 2535 4250; baseline -0.002 -14"><span class='ocrx_word' id='word_1_566' title='bbox 1409 4203 1621 4250; x_wconf 85' lang='lat' dir='ltr'>cumque</span> <span class='ocrx_word' id='word_1_567' title='bbox 1640 4185 2053 4250; x_wconf 84' lang='lat' dir='ltr'>circumspicienti</span> <span class='ocrx_word' id='word_1_568' title='bbox 2087 4201 2141 4234; x_wconf 84' lang='lat' dir='ltr'>se</span> <span class='ocrx_word' id='word_1_569' title='bbox 2162 4185 2359 4235; x_wconf 80' lang='lat' dir='ltr'>offerret</span> <span class='ocrx_word' id='word_1_570' title='bbox 2382 4186 2535 4234; x_wconf 72' lang='lat' dir='ltr'>Palae-</span> 
     </span>
     <span class='ocr_line' id='line_1_92' title="bbox 1413 4249 2541 4312; baseline -0.001 -12"><span class='ocrx_word' id='word_1_571' title='bbox 1413 4267 1545 4310; x_wconf 89' lang='lat' dir='ltr'>mon,</span> <span class='ocrx_word' id='word_1_572' title='bbox 1570 4255 1641 4300; x_wconf 77' lang='lat' dir='ltr'>vel</span> <span class='ocrx_word' id='word_1_573' title='bbox 1660 4250 1741 4298; x_wconf 90' lang='lat' dir='ltr'>hic</span> <span class='ocrx_word' id='word_1_574' title='bbox 1764 4251 2011 4307; x_wconf 69' lang='lat' dir='ltr'>Palaemon,</span> <span class='ocrx_word' id='word_1_575' title='bbox 2037 4249 2210 4312; x_wconf 83' lang='lat' dir='ltr'>inquit,</span> <span class='ocrx_word' id='word_1_576' title='bbox 2244 4253 2425 4308; x_wconf 68' lang='lat' dir='ltr'>audiat,</span> <span class='ocrx_word' id='word_1_577' title='bbox 2460 4255 2541 4312; x_wconf 76' lang='lat' dir='ltr'>qui</span> 
     </span>
     <span class='ocr_line' id='line_1_93' title="bbox 1412 4313 2538 4377; baseline -0.002 -13"><span class='ocrx_word' id='word_1_578' title='bbox 1412 4331 1514 4364; x_wconf 80' lang='lat' dir='ltr'>ecce</span> <span class='ocrx_word' id='word_1_579' title='bbox 1534 4319 1659 4364; x_wconf 74' lang='lat' dir='ltr'>venit</span> <span class='ocrx_word' id='word_1_580' title='bbox 1678 4333 1694 4362; x_wconf 87' lang='lat'>.-</span> <span class='ocrx_word' id='word_1_581' title='bbox 1728 4314 1788 4361; x_wconf 78' lang='lat' dir='ltr'>cf.</span> <span class='ocrx_word' id='word_1_582' title='bbox 1814 4313 2020 4361; x_wconf 86' lang='lat' dir='ltr'>Theocr.</span> <span class='ocrx_word' id='word_1_583' title='bbox 2046 4329 2091 4372; x_wconf 83' lang='lat' dir='ltr'>v,</span> <span class='ocrx_word' id='word_1_584' title='bbox 2112 4315 2200 4371; x_wconf 65' lang='lat'>623</span> <span class='ocrx_word' id='word_1_585' title='bbox 2226 4313 2327 4372; x_wconf 83' lang='lat' dir='ltr'>viii,</span> <span class='ocrx_word' id='word_1_586' title='bbox 2350 4315 2411 4361; x_wconf 77' lang='lat'>25</span> <span class='ocrx_word' id='word_1_587' title='bbox 2434 4329 2491 4377; x_wconf 86' lang='lat' dir='ltr'>sq</span> <span class='ocrx_word' id='word_1_588' title='bbox 2524 4349 2538 4362; x_wconf 89' lang='lat'>.</span> 
     </span>
     <span class='ocr_line' id='line_1_94' title="bbox 1416 4331 2537 4490; baseline 0 -64"><span class='ocrx_word' id='word_1_589' title='bbox 1416 4443 1426 4455; x_wconf 38' lang='lat'>¹</span> <span class='ocrx_word' id='word_1_590' title='bbox 1479 4381 1570 4490; x_wconf 67' lang='lat'>532²</span> <span class='ocrx_word' id='word_1_591' title='bbox 1594 4381 1647 4427; x_wconf 79' lang='lat' dir='ltr'>Si</span> <span class='ocrx_word' id='word_1_592' title='bbox 1662 4380 1777 4489; x_wconf 63' lang='grc' dir='ltr'>φὶἑὸί</span> <span class='ocrx_word' id='word_1_593' title='bbox 1790 4379 1943 4489; x_wconf 62' lang='lat' dir='ltr'>hlalbes.</span> <span class='ocrx_word' id='word_1_594' title='bbox 2002 4379 2189 4428; x_wconf 81' lang='lat' dir='ltr'>Eadem</span> <span class='ocrx_word' id='word_1_595' title='bbox 2207 4377 2413 4427; x_wconf 76' lang='lat' dir='ltr'>formula</span> <span class='ocrx_word' id='word_1_596' title='bbox 2432 4331 2537 4427; x_wconf 62' lang='lat' dir='ltr'>Bel</span> 
     </span>
     <span class='ocr_line' id='line_1_95' title="bbox 1413 4458 1885 4500; baseline -0.004 -8"><span class='ocrx_word' id='word_1_597' title='bbox 1413 4459 1481 4500; x_wconf 74' lang='lat' dir='ltr'>ax.</span> <span class='ocrx_word' id='word_1_598' title='bbox 1586 4461 1597 4496; x_wconf 70' lang='lat' dir='ltr'><em>z</em></span> <span class='ocrx_word' id='word_1_599' title='bbox 1634 4458 1679 4500; x_wconf 87' lang='lat' dir='ltr'>v,</span> <span class='ocrx_word' id='word_1_600' title='bbox 1767 4475 1783 4500; x_wconf 87' lang='lat'>,</span> <span class='ocrx_word' id='word_1_601' title='bbox 1872 4477 1885 4490; x_wconf 89' lang='lat'><em>.</em></span> 
     </span>
    </p>
   </div>
  </div>
 </body>
</html>
