3050 4934
1125 260 1470 328 LIBER
1515 261 1568 324 Ι.
2434 265 2511 328 81

372 414 522 498 Ipse
554 415 778 491 Pater,
811 415 1026 478 media
1055 414 1420 478 nimborum
1445 415 1512 476 in
1541 423 1755 489 nocte,
1788 435 2061 479 corusca

369 514 666 579 Fulmina
693 515 956 580 molitur
982 515 1256 592 ‹lextra3
1303 537 1438 598 quo
1466 537 1769 579 maxuma
1796 525 1977 580 motu

201 615 322 680 330
365 616 580 681 Terra
609 618 860 682 tremit:
908 615 1138 700 fugere
1167 615 1361 694 ferae3
1407 626 1475 681 et
1503 615 1801 680 mortalia
1828 617 2029 681 corda
2090 650 2096 656 ·

371 717 503 783 Per
529 729 762 803 gentes
792 717 1049 782 humilis
1081 718 1310 782 stravit
1339 739 1577 802 pavor:
1624 716 1731 780 ille
1762 717 2065 800 flagranti

371 819 512 883 Aut
541 818 750 896 Athe,
782 831 896 883 aut
922 819 1324 902 Rhodopen,
1355 830 1472 882 aut
1499 818 1632 882 alta
1662 819 1987 882 Ceraunia
2017 817 2148 883 telo

370 919 654 1005 Dejicit:
702 920 1098 1003 ingeminant
1125 921 1330 983 austri
1359 933 1428 983 et
1458 921 1883 984 densissimus
1914 920 2157 998 imber3

367 1021 570 1086 Nunc
597 1043 860 1085 nemora
888 1021 1139 1104 ingenti
1169 1030 1384 1097 vento,
1416 1043 1589 1084 nunc
1619 1020 1841 1085 littora
1868 1021 2206 1106 plangunt.

203 1122 328 1185 335
369 1121 523 1186 Hoc
553 1135 872 1196 metuenS,
905 1119 1056 1186 eoeli
1085 1143 1342 1186 menses
1373 1133 1442 1186 et
1473 1121 1693 1186 sidera
1724 1144 1949 1200 serva3

371 1223 644 1308 Frigida
672 1223 940 1287 Saturni
969 1245 1116 1288 sese
1147 1243 1280 1306 quo
1310 1220 1498 1286 stella
1526 1233 1857 1307 receptet3

369 1325 565 1398 Quos
595 1325 762 1409 ignis
793 1323 942 1388 coeli
973 1322 1304 1406 Cyllenius
1335 1334 1510 1389 erret
1539 1323 1605 1388 in
1637 1324 1853 1412 orbes·

369 1426 450 1490 In
481 1427 702 1511 primis
729 1447 1040 1490 venerare
1071 1425 1257 1502 deos,
1290 1435 1488 1509 atque
1511 1447 1729 1490 annua
1756 1448 2009 1510 magnae

372 1527 578 1592 Sacra
603 1527 778 1594 refer
809 1528 1038 1592 Cereri
1064 1526 1229 1592 laetis
1263 1538 1573 1612 operatus
1604 1529 1671 1590 in
1699 1526 1949 1605 herbis,

205 1629 334 1692 340
377 1629 714 1694 Extremae
745 1631 870 1694 sub
901 1651 1124 1694 casum
1153 1627 1406 1706 hiemiS,
1427 1630 1567 1713 jam
1595 1651 1747 1694 vere
1779 1651 2033 1694 sereno.

375 1731 572 1794 Tunc
603 1733 882 1815 pingues
911 1731 1087 1814 agni,
1117 1740 1185 1795 et
1214 1740 1370 1795 tunc
1399 1728 1771 1794 mollissima
1801 1731 1983 1808 vina3

375 1831 572 1897 Tunc
603 1833 810 1895 somni
839 1830 1087 1908 dulceri,
1119 1831 1475 1916 densaeque
1505 1831 1575 1894 in
1602 1831 1929 1896 montibus
1960 1832 2227 1896 umbrae.

209 2007 296 2046 etc.
353 2002 430 2048 Βι-
451 2001 547 2046 aleo
568 2000 708 2046 nubes
731 1999 942 2045 colles-tce.
1013 1997 1326 2072 Simplicissi-
1395 1998 1526 2060 quod
1560 1997 1753 2062 signum
1786 2013 1839 2046 se
1869 1997 2088 2062 recipiat,
2113 2014 2225 2046 cum
2248 2015 2344 2064 quo
2365 1999 2527 2049 sidere

209 2079 338 2112 mum
372 2073 464 2120 est,
495 2066 640 2110 alcun
677 2062 740 2110 de
771 2061 898 2110 coelo
929 2061 1231 2124 intelliget-02
1267 2077 1332 2110 ex
1395 2077 1450 2110 se
1483 2065 1761 2126 conjungat.
1838 2063 2037 2112 Saturni
2080 2074 2268 2112 ιιιοιιιιιι
2304 2064 2525 2114 tardissi-

211 2143 318 2176 aere
338 2127 643 2175 descendunt
665 2137 928 2174 eontractoe
951 2127 1131 2182 nubem
1166 2127 1330 2189 itaque
1395 2142 1532 2174 mum
1550 2142 1673 2185 esse,
1696 2136 1746 2175 et
1764 2125 1849 2176 vix
1868 2126 1997 2176 binis
2015 2127 2157 2176 annis
2180 2144 2363 2190 sexque
2386 2145 2523 2178 men-

208 2195 302 2237 nie
321 2195 466 2239 aether
485 2191 534 2238 h.
558 2193 715 2239 nubes
737 2189 966 2238 collectae.
1028 2193 1154 2240 Cava
1168 2193 1327 2251 flami·
1395 2191 1531 2240 sibus
1567 2206 1722 2239 unum
1754 2191 1948 2266 signum
1988 2192 2209 2251 transire,
2248 2192 2367 2242 satis
2408 2209 2525 2242 con-

215 2271 288 2312 fla,
311 2255 426 2318 quia
447 2254 502 2302 in
524 2255 678 2304 alveis
697 2254 884 2302 cavatis
903 2253 1132 2304 fluebant.
1189 2257 1337 2304 Freta
1401 2264 1526 2311 stat·
1562 2265 1619 2303 ut
1650 2255 1771 2304 adeo
1805 2255 1889 2303 vix
1919 2255 2176 2319 intelligas,
2212 2273 2355 2320 quem
2386 2273 2531 2306 usum

213 2323 442 2380 spirantia
464 2329 582 2368 sunt
597 2317 872 2367 aestuantia.
914 2321 1060 2366 Freta
1077 2328 1242 2367 autem
1265 2329 1334 2378 ut,
1399 2319 1677 2368 observatio
1712 2331 1811 2368 tam
1844 2319 1968 2367 tardi
2002 2320 2177 2368 sideris
2212 2321 2275 2369 ad
2312 2331 2526 2396 tempes-

209 2387 339 2440 mda,
357 2383 554 2448 poetice
577 2383 738 2446 simpl.
763 2397 916 2444 aquae,
939 2397 1089 2430 mare.
1402 2392 1559 2431 tatum
1612 2383 1927 2458 prognostica
1978 2384 2157 2432 habere
2200 2385 2368 2448 possit.
2452 2387 2533 2436 Ita

271 2450 546 2496 ars—331.
583 2447 854 2496 Praeclarus
875 2446 1011 2494 locus
1031 2447 1094 2494 de
1113 2446 1334 2496 fulmine.
1403 2457 1567 2495 tamen
1590 2464 1619 2496 a
1642 2448 1888 2498 veteribus
1908 2447 2179 2511 judicatum
2201 2461 2278 2497 est
2294 2449 2357 2497 de
2377 2450 2534 2499 stellis

215 2515 412 2560 Corum
433 2516 613 2560 datm
665 2512 852 2559 Notum
875 2510 998 2558 illud
1021 2511 1146 2558 Hor.
1171 2513 1334 2560 Carm.
1401 2511 1637 2569 erraticis,
1672 2520 1728 2559 ut
1759 2511 2035 2575 pluviarum
2068 2511 2371 2587 aliarumque
2405 2515 2535 2562 aeris

209 2575 242 2632 i,
260 2579 306 2634 2,
325 2579 372 2634 2,
394 2579 585 2624 rubente
600 2579 818 2624 Dextera.
868 2575 1038 2623 Habet
1057 2584 1220 2622 tamen
1245 2591 1336 2623 nec
1401 2573 1727 2623 mutationum
1772 2577 2029 2650 augurium
2075 2592 2139 2624 ex
2181 2577 2243 2625 iis
2283 2587 2531 2652 caperent.

211 2641 372 2689 minin
405 2640 648 2689 rationem
680 2655 820 2688 suam
849 2638 892 2686 si
927 2655 1114 2688 corusca
1131 2637 1338 2701 sumina
1403 2639 1521 2687 Fuit
1564 2638 1616 2688 in
1658 2639 1736 2688 his
1774 2639 2001 2704 inprimis
2042 2640 2243 2689 Saturni
2282 2641 2531 2692 transitus.

203 2707 395 2768 iungas
474 2708 637 2754 Moliri
662 2701 844 2766 fielnes
879 2713 954 2752 est
985 2706 1178 2765 jacere·
1221 2719 1337 2752 nam
1403 2705 1678 2752 Observare
1711 2713 1880 2751 monet
1914 2704 2151 2752 Mercurii
2184 2715 2400 2762 ιιιοιιιιιι.
2442 2705 2535 2754 hoc

207 2769 266 2818 de
285 2770 424 2822 omni
453 2781 588 2818 motu
609 2785 666 2818 ac
692 2777 870 2818 conatu
889 2778 976 2817 aut
997 2783 1146 2832 opere
1167 2770 1334 2816 moliri.
1401 2768 1535 2816 enim
1566 2778 1641 2816 est
1668 2785 1828 2816 errare
1855 2771 2003 2830 ignem
2039 2771 2293 2831 Cyllenium
2323 2775 2373 2818 in
2404 2773 2535 2820 orbes

209 2837 434 2883 Has-na
469 2843 598 2883 terra
633 2845 710 2882 est
745 2849 934 2896 magna,
971 2833 1090 2894 γαΐα
1127 2832 1334 2894 πελώρη.
1401 2835 1520 2878 σιεῖὶ.

209 2901 388 2960 Fugere
409 2914 502 2962 pro
531 2897 756 2960 fugiunt·
790 2906 847 2945 ut
875 2895 1158 2960 sepissime.
1227 2899 1335 2944 Hu-
1469 2898 1580 2952 338,
1606 2897 1715 2944 339.
1760 2896 1839 2944 Ad
1864 2897 2185 2960 procellarum
2219 2898 2467 2947 subinde'
2452 2915 2529 2948 ιιι-

207 2966 502 3024 n’h’aepmr
529 2961 722 3026 poetica
743 2971 1026 3016 venustate,
1062 2961 1192 3024 quod
1224 2962 1336 3008 red-
1403 2959 1685 3023 gruentium
1721 2960 1883 3010 clades
1918 2962 2207 3009 avertendas
2241 2961 2533 3025 relig-ionum

207 3026 280 3074 dn.
317 3027 570 3084 attonitos,
611 3025 834 3074 humiles.
911 3029 1102 3083 Stravit,
1143 3025 1338 3082 sternit,
1405 3040 1596 3087 quoque
1626 3025 1863 3073 auxilium
1896 3025 2129 3074 adhibere
2166 3035 2345 3074 monet.
2412 3027 2535 3088 Agit

209 3091 490 3154 prosternit,
521 3105 688 3154 pavor,
712 3087 1053 3148 καταπλὴηει,
1083 3089 1336 3152 percellit,
1404 3097 1569 3138 autem
1584 3099 1731 3153 poeta
1744 3089 1805 3136 de
1819 3088 2217 3138 Ambarvalibus·
2240 3089 2337 3137 vid.
2354 3089 2533 3138 Tibull.

209 3155 340 3204 unde
361 3155 510 3204 etiam
533 3163 823 3202 consternare
845 3153 1058 3202 ductum.
1405 3153 1455 3211 ii,
1485 3155 1506 3202 1
1527 3173 1540 3209 ς
1576 3163 1641 3211 et,
1670 3153 1709 3202 si
1747 3153 2107 3202 Suovetaurilia
2135 3153 2355 3216 eJusdem
2380 3169 2532 3217 gene-

273 3221 550 3268 332-3342
586 3219 788 3266 Montes
817 3214 1020 3266 fulmine
1050 3217 1178 3276 ferit,
1203 3217 1336 3266 dice·
1405 3218 1474 3268 ris
1503 3228 1633 3276 sunt,
1658 3219 1895 3266 Catonem
1926 3218 1987 3265 de
2012 3218 2072 3266 R.
2098 3219 2160 3266 R..
2229 3221 2376 3267 Sacra
2398 3217 2535 3282 refer,

211 3285 324 3340 has,
361 3293 414 3334 at
433 3297 579 3358 quarn
605 3281 828 3338 sublime,
853 3284 928 3343 day
920 3282 1049 3330 icit!
1091 3285 1343 3346 flagranti
1405 3292 1591 3346 repete,
1628 3291 1680 3330 et
1716 3282 1831 3329 hinc
1872 3281 2161 3345 simpliciter
2200 3283 2288 3340 fer,
2328 3283 2535 3334 celebra.

211 3352 314 3404 oelo.
331 3347 546 3396 Homeri
563 3357 616 3395 et
634 3345 858 3404 Hesiodi,
897 3299 1100 3396 ,Merra
1119 3348 1338 3410 κεραυνῷ.
1411 3351 1641 3408 operatu
1684 3363 1775 3410 pro
1814 3362 2035 3410 operans.
2114 3347 2209 3396 Est
2242 3357 2408 3396 autem
2448 3349 2541 3401 hoc

213 3415 328 3462 Alea
349 3416 596 3468 Cerauno,
615 3411 812 3474 Ἀκροκε
929 3429 989 3468 ια,
1007 3411 1128 3460 satis
1145 3411 1250 3459 noti
1263 3411 1342 3460 vel
1409 3427 1510 3460 voc.
1537 3427 1799 3460 sacrorum.

211 3493 272 3525 ex
212 3478 429 3590 mlier.
453 3477 472 3525 i
497 3478 662 3524 (ἵει-ιιι.
695 3477 743 3533 3,
773 3475 918 3539 Epiri
948 3484 1155 3532 montes,
1179 3475 1264 3538 qui
1287 3475 1340 3523 in
1473 3478 1747 3523 340—342.
1785 3475 1877 3523 Vel
1902 3475 1981 3523 hic
2004 3475 2141 3525 locus
2162 3478 2337 3525 docere
2360 3485 2540 3551 potest,

545 3549 684 3596 runt,
709 3549 766 3588 ut
779 3539 961 3588 Athon
947 3555 1001 3587 ιιι
1019 3555 1154 3588 mare
1173 3539 1337 3602 AEgae-
1405 3555 1553 3602 quam
1598 3555 1771 3612 parum
1817 3539 2011 3588 subtilis
2053 3541 2303 3588 interdum
2348 3550 2415 3588 ειι
2449 3556 2537 3603 po-

212 3557 684 3662 meffiaeedoniae
705 3619 858 3652 monn.
937 3607 1173 3668 Plangunt
1216 3605 1264 3652 h.
1305 3603 1338 3652 l.
1407 3604 1535 3652 etica
1575 3603 1712 3651 ratio.
1791 3606 2022 3650 Extremae
2065 3607 2151 3649 sub
2191 3620 2345 3650 casum
2381 3606 2542 3652 hiemis

419 3687 500 3719 em
519 3669 686 3726 edunt,
709 3679 954 3718 resonant.
1407 3677 1553 3746 putes
1576 3681 1683 3714 esse
1706 3664 1921 3728 primum
1944 3664 2073 3713 veris
2098 3665 2320 3721 initium3
2350 3676 2402 3714 at
2422 3667 2537 3715 sub·

277 3737 390 3782 335.
435 3735 646 3798 Propter
681 3733 768 3782 has
804 3742 1148 3796 tempestatum
1181 3743 1338 3782 muta—
1401 3731 1643 3794 jiciuntur
1684 3744 1741 3778 ea
1778 3745 1887 3792 quae
1928 3729 2149 3777 adultum
2187 3728 2307 3777 satis
2324 3729 2539 3803 signiti-

216 3799 376 3848 tione·
423 3796 728 3846 observanda
766 3807 884 3845 sunt
937 3798 1052 3846 anni
1111 3809 1342 3862 tempora.
1411 3807 1553 3852 cant3
1606 3793 1827 3858 quamvis
1870 3811 1969 3842 non
2004 3793 2263 3843 immemor
2294 3792 2403 3852 sim,
2440 3795 2538 3842 cle-

217 3867 338 3910 Coea‘
379 3880 550 3912 maes
589 3861 750 3926 simpL
795 3871 1016 3925 tempora
1057 3862 1344 3926 intelligam,
1411 3859 1669 3910 mentioris
1720 3857 1833 3908 coeli
1886 3859 1939 3908 in
1986 3871 2153 3909 nostro
2200 3868 2349 3923 poeta
2390 3858 2539 3907 ratio-

215 3928 332 3990 quia
363 3939 620 3984 asti-cmm,
653 3941 762 3989 quae
799 3926 852 3974 in
885 3926 1010 3974 coelo
1043 3936 1172 3983 sunt,
1209 3937 1346 3974 motu
1413 3943 1526 3976 nem
1550 3941 1656 3974 esse
1678 3925 1965 3974 habendam.
2026 3924 2279 3980 Similiter,
2302 3938 2408 3986 sup.
2432 3926 2541 3982 230,

214 3991 545 4040 definiuntur.
583 3961 776 4040 v'olebat
801 3991 1096 4053 subJungere
1121 3991 1274 4039 solem
1296 4001 1348 4039 et
1411 3994 1476 4040 ad
1504 3994 1679 4038 medias
1700 3994 1929 4052 pruinam
1964 3989 2095 4050 quod
2116 4003 2235 4035 sane
2258 4002 2428 4035 severe
2456 4003 2543 4036 ex-

215 4057 410 4105 lunam:
445 4053 614 4120 posuit
673 4055 822 4103 roiis
841 4055 1032 4112 sidera,
1067 4059 1170 4104 coela'
1191 4058 1348 4104 sidera
1413 4055 1480 4117 igi
1511 4054 1695 4117 nequit.
1771 4058 1891 4102 Vina
1922 4056 2091 4109 mollia,
2130 4051 2332 4108 scilicet,
2370 4051 2546 4100 hiemis

215 4131 362 4169 emnt
381 4121 504 4169 adeo
526 4119 590 4168 de
639 4071 822 4168 metis
837 4118 1134 4184 accipienda,
1153 4129 1209 4167 ut
1229 4121 1344 4168 sub-
1411 4119 1671 4180 interJecta
1724 4133 1873 4174 mora,
1931 4116 2082 4174 mitia,
2130 4115 2275 4163 lenia.
2364 4116 2443 4165 Ita
2496 4127 2547 4164 et

213 4185 352 4246 jieint
393 4185 518 4234 duos
561 4183 686 4232 ahos
725 4183 950 4247 planetas
993 4183 1258 4232 Saturnum
1299 4193 1350 4231 et
1413 4182 1602 4232 Graecis
1625 4181 1749 4231 alvos
1770 4181 1981 4242 σκληρὸς
2011 4191 2063 4228 et
2088 4177 2317 4240 μαλακός.
2388 4184 2549 4228 Darae

221 4249 538 4298 Mercurium.
599 4200 760 4296 EsseP
750 4262 898 4310 porro
921 4249 1068 4296 verba
1093 4247 1155 4295 de
1189 4256 1349 4296 romta
1413 4249 1591 4295 Bacchi
1621 4263 1757 4308 sapor
1787 4247 1907 4293 Geo.
1938 4244 2004 4302 iv,
2039 4246 2143 4292 102.
2214 4247 2366 4292 Somni
2394 4248 2549 4292 dulces

217 4329 246 4360 e
277 4313 572 4372 Menandro,
601 4321 740 4360 notat
769 4311 966 4360 Nonius
995 4313 1164 4362 Marce
1203 4328 1260 4360 us
1293 4311 1345 4360 in
1410 4319 1615 4375 propter
1632 4309 1845 4371 adjectas
1864 4311 2045 4356 umbras
2063 4308 2187 4356 nulli
2200 4309 2285 4358 alii
2304 4324 2412 4358 esse
2430 4325 2543 4372 pos-

217 4393 336 4426 voee
359 4394 556 4426 servm.
1412 4385 1528 4423 suut
1542 4389 1704 4446 quam·
1704 4373 1757 4420 in
1775 4373 1927 4421 herba
1945 4373 2021 4421 vel
2041 4375 2131 4423 sub
2144 4375 2334 4432 arbore,
2351 4373 2413 4422 ad
2426 4389 2542 4422 con-

281 4441 396 4500 336,
433 4443 544 4493 ³37.
591 4442 848 4500 Observet,
885 4439 1084 4492 Saturni
1119 4440 1262 4492 stella
1294 4441 1346 4489 in
1412 4449 1613 4489 centum
1630 4437 1807 4497 avium,
1824 4437 1997 4487 florum
2015 4437 2205 4498 odores,
2226 4448 2277 4487 et
2292 4437 2364 4488 sic
2381 4451 2543 4501 porro.

1363 4517 1402 4550 ιι
