3050 4934
454 277 580 342 258

1336 271 1864 340 AENEIDOS

626 426 1027 510 Ignarosque
1055 425 1181 490 loci
1209 427 1452 511 passim
1480 437 1549 491 et
1578 423 1918 489 formidine
1950 431 2176 505 captos

454 527 584 591 385
629 527 1030 590 Sternimus:
1077 527 1370 610 adspirat
1399 527 1609 611 primo
1636 523 1899 588 fortuna
1926 521 2153 586 labori.

624 625 848 711 Atque
876 627 984 691 hic
1017 647 1329 693 successu
1357 625 1692 691 exsultans
1724 625 2078 708 animisque
2110 621 2455 697 Coroebus,

626 729 691 792 Ο
725 729 905 805 socii,
938 751 1069 813 qua
1100 729 1328 813 prima,
1361 729 1594 813 inquit,
1626 726 1885 791 fortuna
1916 723 2141 788 salutis

625 828 961 893 Monstrat
990 831 1136 906 iter,
1167 851 1426 913 quaque
1459 828 1747 893 ostendit
1778 849 1847 892 se
1878 827 2135 903 dextra,
2166 845 2531 908 sequamur.

627 929 964 994 Mutemus
994 930 1259 1015 clipeOS,
1294 929 1731 1013 Danaumque
1762 928 2037 1011 insignia
2065 925 2253 990 nobis

450 1031 582 1096 390
623 1029 986 1115 Aptemus:
1035 1030 1249 1109 dolus,
1282 1054 1364 1095 an
1395 1033 1623 1107 virtuS,
1656 1031 1801 1114 quis
1830 1030 1897 1093 in
1924 1027 2115 1091 hoste
2145 1026 2475 1109 requirat?

621 1130 828 1196 Arma
858 1132 1110 1196 dabunt
1137 1133 1284 1216 ipsi.
1364 1132 1474 1195 Sic
1503 1131 1702 1206 fatus,
1737 1129 1973 1193 deinde
2004 1136 2361 1191 comantem

622 1231 965 1315 Androgei
992 1231 1241 1316 galeam
1273 1232 1594 1316 clipeique
1621 1232 1874 1313 insigne
1904 1229 2213 1293 decorum

625 1333 951 1410 Induitur,
981 1332 1299 1416 laterique
1330 1329 1651 1414 Argivum
1680 1328 2124 1394 accommodat
2154 1346 2395 1390 ensem.

628 1433 780 1498 Hoc
811 1433 1138 1517 Rhipeus,
1171 1431 1298 1496 hoc
1341 1433 1484 1516 ipse
1515 1431 1792 1514 Dymas,
1826 1430 2161 1511 omnisque
2180 1428 2493 1511 juventus

449 1537 582 1601 395
627 1535 816 1600 Laeta
844 1533 1038 1612 facit;
1085 1532 1306 1617 spoliis
1339 1555 1408 1597 se
1441 1533 1718 1616 quisque
1748 1530 2118 1597 recentibus
2150 1539 2375 1592 armat.

624 1635 944 1700 Vadimus
973 1635 1244 1698 immixti
1274 1634 1526 1698 Danais
1556 1632 1736 1696 haud
1765 1632 2023 1695 numine
2054 1640 2305 1706 nostro,

625 1735 973 1820 Multaque
1003 1758 1124 1821 per
1149 1757 1386 1800 coecam
1416 1733 1747 1818 congressi
1780 1731 2010 1817 proelia
2040 1740 2297 1794 noctem

623 1837 1079 1926 Conserimus3
1125 1835 1362 1900 multos
1392 1833 1698 1899 Danaum
1729 1834 2121 1898 demittimus
2155 1831 2356 1895 Orco-

625 1937 1002 2021 Diffugiunt
1031 1935 1137 1999 alii
1166 1936 1253 2000 ad
1281 1958 1503 2011 naveS,
1535 1945 1605 2000 et
1630 1935 1852 1999 littora
1880 1955 2078 1998 cursu

453 2041 582 2103 400
625 2038 793 2103 Fida
819 2048 1086 2122 petunt:
1136 2059 1290 2120 pars
1321 2037 1647 2120 ingentem
1677 2031 2019 2100 formidine
2049 2032 2226 2116 turpi

627 2139 965 2202 Scandunt
994 2157 1221 2199 rursus
1250 2158 1514 2220 equum,
1545 2147 1615 2200 et
1640 2145 1797 2200 nota
1828 2134 2197 2200 conduntur
2224 2133 2293 2196 in
2322 2132 2487 2198 alvo.

627 2237 784 2301 Heu
811 2235 972 2300 nihil
1001 2235 1215 2300 invitis
1247 2236 1346 2300 fas
1373 2259 1761 2321 quemquam
1788 2235 1995 2300 fidere
2026 2235 2227 2298 divis!

714 2336 892 2401 Ecce
924 2336 1309 2402 trahebatur
1336 2339 1549 2422 passis
1583 2338 1903 2402 Priameia
1931 2336 2115 2420 virgo

625 2437 928 2502 Crinibus
962 2461 1001 2500 a
1029 2438 1272 2522 templo
1303 2438 1677 2501 Cassandra
1706 2437 2049 2520 adytisque
2085 2435 2425 2513 Minervae,

452 2541 581 2606 405
624 2538 738 2604 Ad
769 2538 1006 2604 coelum
1033 2538 1310 2602 tendens
1340 2538 1639 2602 ardentia
1666 2537 1905 2601 lumina
1932 2535 2213 2599 frustra:

627 2640 940 2717 Lumina;
985 2661 1132 2702 nam
1161 2651 1418 2703 teneras
1448 2638 1760 2702 arcebant
1787 2635 2039 2701 vincula
2068 2633 2339 2721 palmas·

453 2822 546 2877 put
567 2827 668 2876 prae
689 2810 762 2860 ira
784 2819 836 2859 et
855 2809 1016 2860 rabie:
1055 2809 1108 2857 iii
1133 2811 1253 2858 Geo.
1277 2811 1390 2867 421,
1415 2812 1573 2859 tollen-

455 2885 628 2938 temque
649 2879 797 2924 minas
817 2883 864 2923 et
883 2877 1023 2923 sibila
1045 2877 1160 2922 colla
1180 2882 1433 2922 tumentem.

519 2942 628 2989 388.
669 2943 771 2992 Qua
791 2941 989 2987 ostendit
1009 2954 1056 2985 se
1082 2941 1248 2986 dextra
1263 2957 1280 2984 .·
1312 2939 1506 2986 fortuna
1529 2955 1578 2986 se

454 3008 676 3061 dextram,
700 3002 942 3051 faventem
965 3017 1022 3050 ac
1047 3000 1324 3066 propitiam,
1349 3001 1575 3050 ostendit.

519 3069 628 3115 389.
653 3068 866 3128 Ins-ignia
882 3064 1030 3112 nimis
1042 3074 1212 3127 arg-ute
1228 3065 1290 3113 de
1309 3065 1579 3130 clipeorum

453 3130 725 3193 insignibus
755 3145 811 3177 ac
841 3128 1118 3191 sculpturis,
1143 3129 1220 3176 vel
1250 3129 1312 3176 de
1342 3129 1495 3192 galeis
1528 3139 1579 3178 et

453 3193 614 3242 crista.
680 3191 879 3240 Poetica
922 3201 1085 3240 tamen
1127 3193 1317 3241 ratione
1361 3194 1439 3241 vel
1480 3193 1498 3241 i
1560 3195 1579 3244 i

452 3260 588 3320 clipei
619 3264 737 3304 sunt
773 3259 990 3318 insignia,
1025 3264 1264 3319 quatenus
1299 3257 1458 3306 Danai
1534 3257 1577 3306 is

450 3319 1440 3434 {¹25i⁸u{¹¹3{11¹·¹2²¹¹3¹123132²0'‘3322‘'“ffiib1'1'2'
1442 3325 1459 3368 ⁵
1521 3339 1575 3376 ‘³

444 3419 550 3513 jani
588 3464 619 3496 a
653 3417 839 3496 Graeci's
873 3447 1092 3522 dignosci
1131 3403 1369 3512 pot'cssant.
1445 3401 1575 3499 niti}

451 3523 613 3562 tamen
645 3527 814 3561 verum
847 3520 936 3570 est,
958 3527 1012 3560 m
1045 3513 1258 3576 trag-icis,
1283 3513 1409 3562 forte
1441 3523 1493 3562 et
1521 3515 1573 3562 iu

449 3577 656 3653 cyclicis,
677 3576 974 3624 Achivorum
990 3586 1041 3624 et
1053 3577 1374 3652 Trojanqrum
1390 3577 1575 3642 clipeos

449 3641 909 3762 {iiffimmssssbiifij
925 3650 1074 3766 1⁶20?
1075 3657 1575 3772 {magmfssssnssnssssss

449 3770 532 3833 qui
554 3769 748 3831 insigne
767 3769 927 3816 habet.

513 3833 784 3882 890—393.
820 3835 980 3891 Dum,
1003 3850 1064 3880 an
1094 3837 1242 3881 virtus
1271 3833 1569 3883 adhibeatur.

453 3900 710 3946 &mantem
756 3899 954 3958 galeam,
999 3896 1228 3958 ἵππουριν,
1277 3907 1326 3945 et
1380 3901 1573 3960 clipeum

447 3965 670 4018 induitur,
707 3959 812 4008 loro
851 3974 997 4023 super
1029 3961 1258 4009 humeros
1299 3961 1476 4024 injecto
1521 3972 1574 4010 et

445 4025 632 4074 inserta
657 4039 806 4071 manu
827 4039 972 4081 ansae,
997 4021 1183 4086 ὀχόνφς
1219 4035 1276 4072 ut
1297 4023 1567 4085 ἐνεδύσατο,

448 4089 634 4138 ἔνδῦνεε
670 4087 729 4136 cf.
754 4087 838 4136 int
864 4086 974 4146 671,
1001 4087 1109 4138 672.

511 4153 620 4199 395.
641 4153 810 4212 Spolin’s
821 4155 1090 4210 recentibus,
1105 4152 1394 4215 exquisitius
1407 4169 1567 4216 quam,

445 4213 600 4271 novis,
625 4213 733 4262 aliis
754 4230 898 4276 quam
921 4231 1028 4277 quae
1048 4217 1318 4264 habuerant
1339 4217 1500 4266 armis.

510 4278 620 4334 396,
661 4277 769 4327 397.
818 4281 966 4326 Haud
1004 4284 1183 4328 numine
1227 4289 1391 4339 nostro,
1430 4281 1479 4329 h.
1521 4297 1563 4330 e.

443 4355 630 4400 averso,
653 4340 795 4388 nobis
815 4356 914 4389 non
933 4343 1158 4407 propitio.
1191 4347 1261 4392 At
1281 4349 1570 4395 si--Audiat

445 4421 606 4453 wer-sa
621 4421 710 4453 non
729 4420 850 4452 meus
866 4423 978 4454 aare
998 4410 1122 4465 dem,
1138 4407 1316 4458 Tibull.
1336 4408 1406 4468 iii,
1423 4413 1466 4469 8,
1487 4413 1565 4459 28.

1642 2813 1751 2858 Nor
1766 2826 1901 2867 σασα,
1920 2809 1975 2857 in
1992 2825 2087 2873 qua
2102 2808 2225 2857 nihil
2243 2809 2377 2858 cerni
2400 2819 2577 2873 potest,
2594 2821 2653 2860 ut
2666 2815 2779 2877 jam

1644 2889 1805 2938 supra.

1707 2941 1819 2995 401,
1836 2939 1948 2985 402.
1979 2940 2213 2985 Scandunt
2228 2953 2389 2986 rur-m
2408 2956 2583 3002 equum.
2620 2941 2779 2991 Forte

1643 3001 1827 3050 dictum
1849 3001 1975 3050 nolis
1993 3016 2022 3049 a
2038 3011 2208 3064 poeta:
2246 3002 2391 3051 nimis
2414 3003 2545 3052 enim
2566 3013 2774 3069 porten-

1642 3075 1803 3114 tosum
1832 3066 1939 3123 hoc,
1973 3074 2025 3113 et
2057 3066 2323 3114 abhorrens
2356 3083 2386 3115 a
2414 3067 2543 3117 fama
2573 3068 2777 3120 vii-uatis

1644 3129 1971 3184 Achivorum3
2016 3129 2108 3177 etsi
2128 3127 2381 3190 formidine
2414 3135 2541 3194 temps
2572 3133 2773 3196 adjecit.

1644 3195 1811 3306 Fiderg
1832 3193 2051 3242 absolute
2072 3209 2162 3258 pro
2184 3194 2378 3253 audere,
2398 3195 2604 3246 nimium
2620 3200 2777 3249 rebus

1642 3259 1767 3305 conti
1804 3273 1899 3305 ere.

1706 3323 1993 3370 403—406.
2040 3322 2157 3370 Vim
2198 3323 2484 3373 Cassandra*
2516 3327 2579 3374 ab
2612 3327 2775 3389 Ajace

1642 3384 1772 3433 Oilei
1816 3385 1919 3433 fflio
1966 3401 2129 3434 coram
2175 3387 2372 3436 Pallade
2424 3389 2607 3438 illatam
2656 3407 2774 3440 esse

1642 3449 1787 3512 vulgo
1810 3460 2093 3498 memorant.
2164 3451 2266 3499 Alii
2287 3462 2445 3516 poetae
2465 3465 2653 3504 veteres
2674 3457 2769 3504 ab—

1640 3523 1869 3562 stractam
1884 3523 2073 3562 tantum
2088 3515 2149 3564 ab
2162 3517 2313 3578 &jace
2328 3532 2355 3565 e
2372 3517 2613 3567 Minervas
2624 3535 2772 3569 sacro

1640 3577 1961 3626 Cassandram
2006 3593 2229 3627 narrasse
2272 3580 2512 3630 videntur.
2586 3584 2771 3632 Ambi-

1638 3657 1786 3704 guum
1826 3651 1901 3690 est
1932 3651 2095 3691 utrum
2134 3653 2279 3707 poeta
2320 3655 2485 3694 noster
2518 3647 2775 3698 declarare

1638 3706 1848 3755 voluerit
1861 3706 1958 3754 vim
1973 3707 2157 3756 illatam
2176 3723 2237 3756 an
2255 3710 2628 3760 abstractionem
2642 3728 2769 3777 cap-

1638 3769 1772 3818 tivoe:
1804 3769 2012 3819 alterum
2032 3771 2126 3820 hoc
2148 3771 2417 3836 simplicius
2438 3789 2545 3823 esse
2567 3791 2769 3826 censeo.

1639 3833 1804 3882 Verba
1834 3849 1924 3899 per
1952 3849 2006 3883 se
2038 3846 2255 3899 spectata
2284 3853 2382 3886 non
2410 3839 2593 3916 aliquid
2624 3841 2687 3889 de
2714 3844 2773 3891 vi

1636 3898 1813 3961 pudori
1850 3899 1984 3946 illata
2024 3899 2249 3948 innuunt.
2324 3902 2376 3950 Si
2421 3919 2530 3966 quis
2568 3905 2661 3954 hoc
2698 3907 2771 3955 ad

1634 3973 1793 4074 32⁶3?
1800 3963 2772 4090 ἓέἒῗιὲἒὲἓῖὲῗέέζῒέιῗιῗὶῗῖωῶ

1634 4105 1777 4154 prum
1799 4092 1901 4153 jam
1924 4105 2066 4155 passa
2096 4107 2203 4167 esse
2225 4104 2467 4157 arguatur,
2492 4097 2769 4149 videndum

1634 4159 2768 4290 {ffassssdt‘ffiztffssgffsssssszffffissffiz
2814 4275 2823 4284 ,

1636 4281 1877 4332 Minervae
1904 4285 2193 4347 confug-isse,
2222 4287 2490 4351 supplicem
2517 4289 2624 4338 deae
2654 4292 2765 4341 fac-

1636 4355 1748 4394 tam.
1804 4351 2051 4406 Aroebm,
2074 4350 2287 4412 antique,
2318 4353 2648 4413 continebant,
2673 4373 2763 4405 co-

1636 4413 1875 4460 ercebant.
1932 4413 2118 4461 Versus
2148 4417 2243 4462 405
2274 4417 2535 4479 praeclarus
2566 4428 2670 4476 est:
2708 4433 2769 4472 at
