3050 4934
1115 254 1456 320 LIBER
1501 252 1729 320 V111.

2458 246 2593 310 485

438 399 844 487 Composuit,
871 403 1182 488 legesque
1211 404 1420 482 dedit,
1451 402 1847 491 Latiumque
1876 403 2093 466 vocari

441 501 702 596 Maluit,
733 505 836 569 his
867 505 1172 590 quoniam
1198 504 1500 570 latuisset
1527 515 1711 570 tutus
1738 505 1807 568 in
1838 505 1993 569 oris.

439 601 668 668 Aurea
695 628 842 690 quae
871 607 1244 692 perhibent,
1273 605 1386 670 illo
1417 608 1542 670 sub
1572 627 1730 690 rege
1760 603 2029 669 fuerunt

265 703 398 768 325
442 704 730 772 Saecula:
779 709 870 772 sic
899 707 1160 793 placida
1187 707 1470 794 populos
1499 708 1569 771 in
1596 728 1761 791 pace
1792 708 2092 791 regebat.

441 805 754 874 Deterior
783 811 992 876 donec
1023 809 1359 895 paullatim
1385 831 1464 874 ac
1493 806 1763 874 decolor
1798 817 1985 884 aetas,

442 908 537 974 Et
562 909 716 974 belli
743 912 983 989 rabies,
1015 923 1084 976 et
1111 933 1293 976 amor
1323 911 1639 974 successit
1666 909 1977 974 habendi.

441 1007 618 1074 Tum
643 1033 872 1076 manus
900 1011 1200 1078 Ausonia
1227 1023 1296 1077 et
1325 1022 1555 1096 gentes
1586 1032 1825 1076 venere
1856 1010 2147 1088 Sicanoe3

443 1110 700 1196 Saepius
730 1125 798 1180 et
827 1136 1060 1179 nomen
1089 1115 1314 1199 posuit
1341 1113 1652 1178 Saturnia
1680 1111 1899 1176 tellus.

268 1211 402 1276 330
443 1210 620 1277 Tum
649 1236 864 1299 reges„
897 1237 1220 1301 asperque
1249 1215 1508 1280 immani
1536 1235 1813 1297 corpore
1842 1211 2173 1297 Thybris;

443 1312 512 1378 A
541 1337 673 1398 quo
702 1326 855 1399 post
881 1316 1030 1380 Itali
1057 1317 1324 1381 fluvium
1354 1316 1735 1400 cognomine
1766 1313 2089 1398 Thybrim

443 1413 787 1480 Diximus:
831 1418 1046 1482 amisit
1073 1439 1300 1482 verum
1325 1426 1514 1480 vetus
1545 1414 1791 1479 Albula
1820 1437 2075 1479 nomen.

443 1514 563 1580 Me
593 1517 856 1601 pulsum
884 1520 1120 1602 patria,
1151 1517 1498 1602 pelagique
1525 1527 1821 1580 extrema
1852 1527 2257 1600 sequentem,

443 1616 735 1682 Fortuna
765 1619 1176 1705 omnipotens
1205 1629 1274 1682 et
1301 1615 1714 1682 ineluctabile
1743 1616 1949 1681 fatum

269 1718 403 1782 335
447 1717 574 1782 His
605 1741 885 1803 posuere
917 1719 1099 1797 lo'cis,
1129 1720 1484 1803 matrisque
1514 1740 1711 1803 egere
1743 1719 2081 1784 tremenda

448 1819 810 1885 Carmentis
842 1823 1173 1906 Nymphae
1201 1822 1466 1897 monita,
1498 1832 1570 1885 et
1598 1821 1763 1885 deus
1793 1831 2024 1884 auctor
2052 1818 2321 1904 Apollo.

449 1920 585 1987 Vix
613 1945 694 1986 ea
721 1923 934 2002 dicta3
981 1924 1217 1989 dehinc
1247 1944 1639 2007 progressus
1672 1933 1989 1986 monstrat
2014 1933 2085 1986 et
2114 1945 2315 1998 aram,

453 2022 548 2086 Et
576 2022 1051 2089 Carmentalem
1079 2023 1382 2090 Romano
1411 2025 1667 2088 nomine
1698 2035 1955 2108 portam

449 2123 668 2196 Quam
695 2137 1076 2202 memorant,
1107 2125 1440 2211 Nymphae
1467 2127 1755 2210 priscum
1786 2125 2151 2190 Carmentis
2180 2125 2497 2190 honorem

275 2225 410 2290 340
451 2224 644 2290 Vatis
673 2226 992 2304 fatidicae3
1037 2228 1272 2292 cecinit
1299 2249 1449 2311 quoe
1477 2228 1689 2310 prima
1714 2225 1970 2292 futuros

451 2326 792 2393 AEneadas
823 2351 1094 2413 magnos
1121 2339 1190 2392 et
1217 2327 1433 2392 nobile
1465 2327 1897 2393 Pallanteum.

453 2427 632 2493 Hinc
659 2428 878 2494 lucum
905 2431 1257 2514 ingentem,
1291 2450 1487 2512 quem
1515 2427 1841 2494 Romulus
1870 2451 2022 2492 acer
2050 2426 2331 2512 Asylum

454 2529 734 2608 Retulit,
764 2542 832 2596 et
861 2529 1077 2616 gelida
1105 2539 1424 2594 monstrat
1453 2531 1577 2593 sub
1612 2550 1779 2614 rupe
1813 2527 2171 2612 Lupercal,

454 2631 808 2696 Parrhasio
837 2633 1083 2697 dictum
1112 2631 1331 2696 Panos
1362 2631 1447 2694 de
1477 2652 1657 2695 more
1690 2629 1935 2714 Lycaei.

279 2735 411 2798 345
453 2731 601 2798 Nec
631 2756 761 2798 non
791 2744 858 2797 et
887 2733 1057 2799 sacri
1083 2742 1403 2798 monstrat
1431 2753 1659 2796 nemus
1691 2727 1994 2816 Argileti,

454 2833 900 2918 Testaturque
931 2834 1166 2912 locum,
1195 2845 1264 2900 et
1292 2833 1542 2897 lethum
1570 2833 1765 2898 docet
1794 2832 2072 2917 hospitis
2104 2830 2294 2916 Argi.

281 3095 467 3203 zar
494 3081 1414 3220 tamassanus.

281 3225 578 3322 ..m
572 3209 854 3322 25⁶st
887 3280 1004 3321 m.
1214 3279 1268 3320 m
1289 3271 1410 3328 Μ,

285 3339 450 3388 colore
471 3339 658 3396 vitiato,
678 3338 796 3386 dum
829 3352 958 3386 aerea
994 3336 1074 3385 vel
1125 3351 1264 3384 erres
1294 3345 1412 3384 aetas

287 3403 587 3454 succederet.
656 3405 828 3450 Μαιιω
869 3405 1090 3450 Ausonia.
1169 3401 1412 3458 Ausones,

285 3483 412 3531 quos
434 3467 606 3516 Livius
635 3477 688 3516 et
720 3466 802 3516 alii
837 3467 985 3529 vulgo
1008 3465 1304 3530 Aborigines
1324 3480 1412 3529 ap-

286 3531 488 3598 pellant.
544 3535 732 3580 Simos
781 3541 944 3580 autem
981 3539 1220 3579 memorat
1255 3539 1416 3594 poeta,

287 3596 836 3710 fflssffl'sa
837 3595 1012 3710 333⁵?
1027 3593 1416 3722 3ξηίᾞέἐὲ

287 3743 372 3774 noe
391 3741 504 3774 cum
527 3727 696 3774 &calis
722 3695 1136 3787 eonfimdig’quo·
1162 3723 1270 3772 loca
1289 3723 1420 3771 inter

289 3789 513 3840 Tiberim
547 3799 602 3840 et
633 3789 776 3838 Lirin
815 3787 1032 3838 tenuisse
1067 3797 1271 3838 constat.
1329 3789 1416 3835 Sa-

289 3858 452 3904 mnio
473 3856 610 3904 teum
751 3853 826 3903 rie
858 3854 929 3903 its
957 3853 1088 3902 dicta
1107 3853 1202 3902 fuit
1220 3852 1274 3900 in
1293 3851 1421 3900 clivo

289 3919 574 3985 Capitolino
723 3918 924 3974 iberimz
948 3921 1092 3968 elim
1108 3919 1356 3966 Saturnius
1376 3916 1422 3966 is

289 3982 411 4034 olim
426 3983 600 4034 dictiu-
653 3983 820 4033 Poetis
839 3983 956 4032 inde
973 3997 1152 4032 nomen
1168 3997 1260 4047 pro
1277 3981 1422 4030 Latio

289 4059 346 4098 et
378 4063 470 4114 pro
509 4047 655 4098 Italia
691 4047 990 4112 frequentari
1023 4047 1188 4114 coepit.
1246 4047 1420 4160 Itpmm

290 4115 451 4162 Italia
481 4123 534 4162 et
553 4115 778 4162 ωηατ-ἕω
811 4129 992 4162 nomen
1026 4112 1187 4178 primo
1316 4111 1420 4160 sola

289 4179 400 4227 loca
433 4178 566 4228 circa
605 4178 770 4226 sinum
810 4177 1114 4227 Lameticu'm
1154 4177 1418 4241 spectabat.

297 4243 514 4306 Thybrin.
557 4241 746 4292 Sumsit
765 4252 818 4292 et
835 4243 928 4292 hoc
950 4251 1096 4306 poeta
1115 4241 1178 4288 de
1200 4239 1368 4289 Tiberi
1391 4255 1422 4288 a

291 4323 412 4370 rege
447 4306 518 4356 ita
551 4306 684 4382 dicto
703 4323 768 4382 ex
801 4306 969 4382 multis
1000 4305 1110 4354 aliis
1131 4304 1421 4354 commentis

294 4372 1080 4487 mpssgrssjlffluffvziffiventu
1113 4434 1208 4483 vid.
1244 4449 1349 4498 sup.
1377 4449 1420 4482 v.

1477 3080 1537 3127 61
1575 3093 1678 3141 sqq.
1734 3079 1902 3142 Pelagi
1937 3086 2153 3136 extrema,
2192 3093 2326 3126 mare
2358 3077 2605 3137 ultimum,

1475 3143 1810 3206 longinquum,
1847 3142 2021 3192 saltem
2056 3159 2119 3192 ex
2154 3157 2303 3192 sensu
2332 3151 2385 3190 et
2405 3143 2605 3192 notione

1476 3207 1651 3282 prisca
1672 3206 1889 3282 (ξι-φώς,
1923 3207 2001 3256 cui
2032 3208 2259 3257 occidens
2289 3207 2421 3256 inter
2450 3217 2609 3257 terras

1477 3279 2326 3386 mnfflegffmffignmgmemis
2360 3351 2449 3384 seu
2483 3338 2607 3386 Car-

1478 3408 1933 3513 {33:¹33ngae
1936 3400 2367 3530 Ἓῖῖῗμωῗῖἓ
2386 3401 2605 3513 ’ἒὲἺᾱ

2368 3497 2383 3521 2
2485 3499 2499 3522 2

1479 3529 1671 3578 radices
1688 3528 1933 3593 Capitolii.
1988 3532 2179 3577 Portam
2210 3543 2301 3593 per
2332 3543 2395 3592 ap
2460 3527 2609 3578 situm

1481 3597 1688 3642 honorem
1710 3595 1937 3656 Nympha
1958 3595 2227 3650 Carmentis,
2246 3597 2366 3640 vatis
2406 3595 2607 3642 andeca.

1485 3659 1778 3720 Occisitquae.
1847 3655 2109 3720 Ingeniose
2148 3657 2252 3705 haec
2287 3671 2317 3704 a
2348 3665 2495 3719 poeta
2527 3657 2606 3705 in-

1483 3731 1620 3771 texta
1673 3730 1803 3778 sunt,
1864 3737 1929 3770 ex
1992 3721 2219 3770 instituto
2270 3720 2610 3786 praecipitandi

1485 3785 1713 3836 AEneidis
1856 3795 2074 3835 mentum
2096 3801 2186 3851 per
2208 3785 2451 3834 vaticinia.
2492 3788 2611 3834 Paz-

1483 3855 1699 3909 Ianteam,
1724 3852 1765 3899 P
1846 3850 1995 3900 tium:
2030 3851 2091 3899 cf.
2112 3867 2217 3916 sup.
2242 3867 2287 3900 v.
2314 3852 2391 3899 64.

1550 3918 1825 3966 842-844.
1860 3917 2043 3965 Retulit
2064 3924 2152 3975 est,
2184 3914 2463 3980 appellavit.
2511 3915 2609 3964 Ln-

1477 3984 1643 4044 pen-cal
1660 3981 1752 4030 aab
1770 3989 1936 4030 moute
1956 3980 2193 4030 Palatino.
2248 3983 2441 4028 Dictum
2460 3982 2615 4028 Panos

1485 4049 1645 4112 Lycaet‘
1663 4045 1917 4112 Lupercal,
1943 4060 2122 4094 nomen
2142 4059 2320 4108 gerens
2343 4043 2493 4092 Panis
2512 4045 2611 4109 Ly·

1483 4111 1599 4166 σείς
1634 4113 1697 4160 ab
1732 4112 1851 4160 urbe
1887 4119 1938 4159 et
1974 4118 2139 4159 monte
2163 4107 2390 4158 Arcadiae
2411 4108 2613 4158 ductum

1484 4191 1679 4225 nomen.
1736 4179 1809 4224 De
1844 4192 1963 4223 more
1995 4177 2263 4232 Parrhasio,
2284 4175 2332 4222 h.
2356 4174 2613 4232 Arcadico,

1484 4241 1549 4294 ad
1569 4255 1711 4289 exem
1766 4255 1847 4288 um
1866 4239 2017 4288 Panis
2034 4237 2198 4304 Lycei
2219 4237 2417 4287 nomine
2434 4241 2497 4288 ab
2514 4240 2611 4289 Ar-

1485 4305 1687 4354 cadibus
1741 4313 1867 4353 ueto.

1554 4369 1663 4426 345,
1686 4369 1795 4418 346.
1832 4371 2004 4417 Nemas
2022 4371 2227 4432 Argileti
2249 4370 2339 4417 sub
2357 4368 2613 4432 Capitolio.

1495 4436 1712 4482 Testatur
1755 4433 1913 4498 simpl.
1962 4450 2049 4498 pro
2084 4443 2334 4482 monstrat.
2408 4436 2619 4495 Hospitis
