<?xml version="1.0" encoding="UTF-8"?>
<!DOCTYPE html PUBLIC "-//W3C//DTD XHTML 1.0 Transitional//EN"
    "http://www.w3.org/TR/xhtml1/DTD/xhtml1-transitional.dtd">
<html xmlns="http://www.w3.org/1999/xhtml" xml:lang="en" lang="en">
 <head>
  <title>
</title>
<meta http-equiv="Content-Type" content="text/html;charset=utf-8" />
  <meta name='ocr-system' content='tesseract 3.04.00' />
  <meta name='ocr-capabilities' content='ocr_page ocr_carea ocr_par ocr_line ocrx_word'/>
</head>
<body>
  <div class='ocr_page' id='page_1' title='image "./publiivirgiliim00unkngoog_0541.png"; bbox 0 0 3050 4934; ppageno 0'>
   <div class='ocr_carea' id='block_1_1' title="bbox 467 243 1611 475">
    <p class='ocr_par' dir='ltr' id='par_1_1' title="bbox 467 243 1611 475">
     <span class='ocr_line' id='line_1_1' title="bbox 467 243 596 306; baseline -0.008 0"><span class='ocrx_word' id='word_1_1' title='bbox 467 243 596 306; x_wconf 82' lang='lat'>530</span> 
     </span>
     <span class='ocr_line' id='line_1_2' title="bbox 655 385 1611 475; baseline -0.007 -19"><span class='ocrx_word' id='word_1_2' title='bbox 655 391 913 456; x_wconf 86' lang='lat' dir='ltr'>Caetera</span> <span class='ocrx_word' id='word_1_3' title='bbox 941 393 1163 475; x_wconf 86' lang='lat' dir='ltr'>parce,</span> <span class='ocrx_word' id='word_1_4' title='bbox 1195 409 1385 473; x_wconf 87' lang='lat' dir='ltr'>puer,</span> <span class='ocrx_word' id='word_1_5' title='bbox 1416 385 1611 451; x_wconf 88' lang='lat' dir='ltr'>bello.</span> 
     </span>
    </p>
   </div>
   <div class='ocr_carea' id='block_1_2' title="bbox 1355 234 1885 302">
    <p class='ocr_par' dir='ltr' id='par_1_2' title="bbox 1355 234 1885 302">
     <span class='ocr_line' id='line_1_3' title="bbox 1355 234 1885 302; baseline -0.008 0"><span class='ocrx_word' id='word_1_6' title='bbox 1355 234 1885 302; x_wconf 90' lang='lat' dir='ltr'>AENEIDOS</span> 
     </span>
    </p>
   </div>
   <div class='ocr_carea' id='block_1_3' title="bbox 1688 377 2293 468">
    <p class='ocr_par' dir='ltr' id='par_1_3' title="bbox 1688 377 2293 468">
     <span class='ocr_line' id='line_1_4' title="bbox 1688 377 2293 468; baseline -0.003 -19"><span class='ocrx_word' id='word_1_7' title='bbox 1688 385 1799 449; x_wconf 89' lang='lat' dir='ltr'>Sic</span> <span class='ocrx_word' id='word_1_8' title='bbox 1827 405 2015 448; x_wconf 86' lang='lat' dir='ltr'>orsus</span> <span class='ocrx_word' id='word_1_9' title='bbox 2047 377 2293 468; x_wconf 89' lang='lat' dir='ltr'><strong>Apollo</strong></span> 
     </span>
    </p>
   </div>
   <div class='ocr_carea' id='block_1_4' title="bbox 474 484 2487 1378">
    <p class='ocr_par' dir='ltr' id='par_1_4' title="bbox 650 484 2307 778">
     <span class='ocr_line' id='line_1_5' title="bbox 651 484 2239 572; baseline -0.005 -16"><span class='ocrx_word' id='word_1_10' title='bbox 651 490 970 556; x_wconf 76' lang='lat' dir='ltr'>Mortales</span> <span class='ocrx_word' id='word_1_11' title='bbox 999 491 1214 555; x_wconf 91' lang='lat' dir='ltr'>medio</span> <span class='ocrx_word' id='word_1_12' title='bbox 1245 489 1601 572; x_wconf 88' lang='lat' dir='ltr'>adspectus</span> <span class='ocrx_word' id='word_1_13' title='bbox 1630 507 1923 551; x_wconf 80' lang='lat' dir='ltr'>sermone</span> <span class='ocrx_word' id='word_1_14' title='bbox 1954 484 2239 569; x_wconf 90' lang='lat' dir='ltr'>reliquit,</span> 
     </span>
     <span class='ocr_line' id='line_1_6' title="bbox 651 587 2307 678; baseline -0.005 -20"><span class='ocrx_word' id='word_1_15' title='bbox 651 594 746 657; x_wconf 91' lang='lat' dir='ltr'>Et</span> <span class='ocrx_word' id='word_1_16' title='bbox 775 591 1006 678; x_wconf 85' lang='lat' dir='ltr'>procul</span> <span class='ocrx_word' id='word_1_17' title='bbox 1035 593 1100 656; x_wconf 90' lang='lat' dir='ltr'>in</span> <span class='ocrx_word' id='word_1_18' title='bbox 1130 602 1392 655; x_wconf 90' lang='lat' dir='ltr'>tenuem</span> <span class='ocrx_word' id='word_1_19' title='bbox 1422 611 1507 652; x_wconf 84' lang='lat' dir='ltr'>ex</span> <span class='ocrx_word' id='word_1_20' title='bbox 1538 587 1739 652; x_wconf 87' lang='lat' dir='ltr'>oculis</span> <span class='ocrx_word' id='word_1_21' title='bbox 1770 587 2033 652; x_wconf 80' lang='lat' dir='ltr'>evanuit</span> <span class='ocrx_word' id='word_1_22' title='bbox 2061 609 2307 650; x_wconf 88' lang='lat' dir='ltr'>auram.</span> 
     </span>
     <span class='ocr_line' id='line_1_7' title="bbox 650 687 2103 778; baseline -0.004 -20"><span class='ocrx_word' id='word_1_23' title='bbox 650 693 1003 778; x_wconf 86' lang='lat' dir='ltr'><strong>Agnovere</strong></span> <span class='ocrx_word' id='word_1_24' title='bbox 1033 693 1230 757; x_wconf 90' lang='lat' dir='ltr'>deum</span> <span class='ocrx_word' id='word_1_25' title='bbox 1258 711 1564 775; x_wconf 82' lang='lat' dir='ltr'>proceres</span> <span class='ocrx_word' id='word_1_26' title='bbox 1596 689 1942 773; x_wconf 88' lang='lat' dir='ltr'>divinaque</span> <span class='ocrx_word' id='word_1_27' title='bbox 1974 687 2103 752; x_wconf 90' lang='lat' dir='ltr'>tela</span> 
     </span>
    </p>

    <p class='ocr_par' dir='ltr' id='par_1_5' title="bbox 474 789 2487 1282">
     <span class='ocr_line' id='line_1_8' title="bbox 474 789 2487 878; baseline -0.005 -17"><span class='ocrx_word' id='word_1_28' title='bbox 474 797 604 860; x_wconf 89' lang='grc'>660</span> <span class='ocrx_word' id='word_1_29' title='bbox 650 794 1078 870; x_wconf 86' lang='lat' dir='ltr'>Dardanidae,</span> <span class='ocrx_word' id='word_1_30' title='bbox 1109 793 1613 878; x_wconf 82' lang='lat' dir='ltr'><strong>pharetramque</strong></span> <span class='ocrx_word' id='word_1_31' title='bbox 1646 789 1803 873; x_wconf 80' lang='lat' dir='ltr'>fuga</span> <span class='ocrx_word' id='word_1_32' title='bbox 1834 810 2097 853; x_wconf 81' lang='lat' dir='ltr'>sensere</span> <span class='ocrx_word' id='word_1_33' title='bbox 2130 799 2487 852; x_wconf 91' lang='lat' dir='ltr'>sonantem.</span> 
     </span>
     <span class='ocr_line' id='line_1_9' title="bbox 650 888 2331 981; baseline -0.005 -19"><span class='ocrx_word' id='word_1_34' title='bbox 650 897 834 981; x_wconf 87' lang='lat' dir='ltr'>Ergo</span> <span class='ocrx_word' id='word_1_35' title='bbox 863 897 1124 961; x_wconf 83' lang='lat' dir='ltr'>avidum</span> <span class='ocrx_word' id='word_1_36' title='bbox 1151 914 1415 978; x_wconf 86' lang='lat' dir='ltr'>pugnae,</span> <span class='ocrx_word' id='word_1_37' title='bbox 1447 893 1641 956; x_wconf 89' lang='lat' dir='ltr'>dictis</span> <span class='ocrx_word' id='word_1_38' title='bbox 1670 913 1747 954; x_wconf 90' lang='lat' dir='ltr'>ac</span> <span class='ocrx_word' id='word_1_39' title='bbox 1776 890 2035 954; x_wconf 89' lang='lat' dir='ltr'>numine</span> <span class='ocrx_word' id='word_1_40' title='bbox 2068 888 2331 966; x_wconf 91' lang='lat' dir='ltr'>Phoebi,</span> 
     </span>
     <span class='ocr_line' id='line_1_10' title="bbox 646 991 2325 1080; baseline -0.006 -17"><span class='ocrx_word' id='word_1_41' title='bbox 646 997 1002 1063; x_wconf 83' lang='lat' dir='ltr'><strong>Ascanium</strong></span> <span class='ocrx_word' id='word_1_42' title='bbox 1033 994 1420 1080; x_wconf 84' lang='lat' dir='ltr'>prohibent3</span> <span class='ocrx_word' id='word_1_43' title='bbox 1467 993 1595 1078; x_wconf 89' lang='lat' dir='ltr'>ipsi</span> <span class='ocrx_word' id='word_1_44' title='bbox 1624 991 1691 1056; x_wconf 89' lang='lat' dir='ltr'>in</span> <span class='ocrx_word' id='word_1_45' title='bbox 1720 992 2071 1056; x_wconf 88' lang='lat' dir='ltr'>certamina</span> <span class='ocrx_word' id='word_1_46' title='bbox 2098 1012 2325 1055; x_wconf 89' lang='lat' dir='ltr'>rursus</span> 
     </span>
     <span class='ocr_line' id='line_1_11' title="bbox 649 1089 2445 1178; baseline -0.007 -13"><span class='ocrx_word' id='word_1_47' title='bbox 649 1099 1049 1174; x_wconf 83' lang='lat' dir='ltr'>Succedunt,</span> <span class='ocrx_word' id='word_1_48' title='bbox 1081 1098 1456 1178; x_wconf 87' lang='lat' dir='ltr'>animasque</span> <span class='ocrx_word' id='word_1_49' title='bbox 1487 1095 1555 1157; x_wconf 91' lang='lat' dir='ltr'>in</span> <span class='ocrx_word' id='word_1_50' title='bbox 1586 1103 1814 1177; x_wconf 87' lang='lat' dir='ltr'>aperta</span> <span class='ocrx_word' id='word_1_51' title='bbox 1844 1089 2135 1176; x_wconf 87' lang='lat' dir='ltr'>pericula</span> <span class='ocrx_word' id='word_1_52' title='bbox 2162 1091 2445 1155; x_wconf 89' lang='lat' dir='ltr'>mittunt.</span> 
     </span>
     <span class='ocr_line' id='line_1_12' title="bbox 651 1191 2101 1282; baseline -0.008 -16"><span class='ocrx_word' id='word_1_53' title='bbox 651 1201 713 1266; x_wconf 91' lang='lat' dir='ltr'>It</span> <span class='ocrx_word' id='word_1_54' title='bbox 743 1201 982 1265; x_wconf 87' lang='lat' dir='ltr'>clamor</span> <span class='ocrx_word' id='word_1_55' title='bbox 1013 1199 1165 1262; x_wconf 89' lang='lat' dir='ltr'>totis</span> <span class='ocrx_word' id='word_1_56' title='bbox 1195 1218 1317 1282; x_wconf 92' lang='lat' dir='ltr'>per</span> <span class='ocrx_word' id='word_1_57' title='bbox 1343 1191 1835 1280; x_wconf 82' lang='lat' dir='ltr'>propugnacula</span> <span class='ocrx_word' id='word_1_58' title='bbox 1864 1193 2101 1270; x_wconf 84' lang='lat' dir='ltr'>muris;</span> 
     </span>
    </p>

    <p class='ocr_par' dir='ltr' id='par_1_6' title="bbox 476 1302 2240 1378">
     <span class='ocr_line' id='line_1_13' title="bbox 476 1302 2240 1378; baseline -0.007 -9"><span class='ocrx_word' id='word_1_59' title='bbox 476 1304 606 1368; x_wconf 89' lang='lat'>665</span> <span class='ocrx_word' id='word_1_60' title='bbox 650 1302 1007 1367; x_wconf 89' lang='lat' dir='ltr'>Intendunt</span> <span class='ocrx_word' id='word_1_61' title='bbox 1037 1321 1220 1364; x_wconf 88' lang='lat' dir='ltr'>acres</span> <span class='ocrx_word' id='word_1_62' title='bbox 1248 1318 1462 1372; x_wconf 89' lang='lat' dir='ltr'>arcus,</span> <span class='ocrx_word' id='word_1_63' title='bbox 1495 1305 1881 1378; x_wconf 78' lang='lat' dir='ltr'>amentaque</span> <span class='ocrx_word' id='word_1_64' title='bbox 1912 1303 2240 1378; x_wconf 89' lang='lat' dir='ltr'>torquent.</span> 
     </span>
    </p>
   </div>
   <div class='ocr_carea' id='block_1_5' title="bbox 653 1395 1651 1581">
    <p class='ocr_par' dir='ltr' id='par_1_7' title="bbox 653 1395 1651 1581">
     <span class='ocr_line' id='line_1_14' title="bbox 654 1395 1651 1474; baseline -0.009 -7"><span class='ocrx_word' id='word_1_65' title='bbox 654 1403 982 1467; x_wconf 86' lang='lat' dir='ltr'>Sternitur</span> <span class='ocrx_word' id='word_1_66' title='bbox 1013 1422 1200 1465; x_wconf 89' lang='lat' dir='ltr'>omne</span> <span class='ocrx_word' id='word_1_67' title='bbox 1233 1397 1440 1462; x_wconf 88' lang='lat' dir='ltr'>solum</span> <span class='ocrx_word' id='word_1_68' title='bbox 1470 1395 1651 1474; x_wconf 81' lang='lat' dir='ltr'>telis3</span> 
     </span>
     <span class='ocr_line' id='line_1_15' title="bbox 653 1495 1631 1581; baseline -0.008 -13"><span class='ocrx_word' id='word_1_69' title='bbox 653 1503 840 1568; x_wconf 92' lang='lat' dir='ltr'>Dant</span> <span class='ocrx_word' id='word_1_70' title='bbox 867 1503 1146 1566; x_wconf 89' lang='lat' dir='ltr'>sonitum</span> <span class='ocrx_word' id='word_1_71' title='bbox 1176 1499 1356 1564; x_wconf 88' lang='lat' dir='ltr'>flictu</span> <span class='ocrx_word' id='word_1_72' title='bbox 1385 1495 1631 1581; x_wconf 86' lang='lat' dir='ltr'>galeae;</span> 
     </span>
    </p>
   </div>
   <div class='ocr_carea' id='block_1_6' title="bbox 1678 1405 2529 1581">
    <p class='ocr_par' dir='ltr' id='par_1_8' title="bbox 1678 1405 2529 1581">
     <span class='ocr_line' id='line_1_16' title="bbox 1698 1405 2388 1478; baseline 0.001 -20"><span class='ocrx_word' id='word_1_73' title='bbox 1698 1407 1839 1459; x_wconf 89' lang='lat' dir='ltr'>tum</span> <span class='ocrx_word' id='word_1_74' title='bbox 1870 1405 2055 1460; x_wconf 90' lang='lat' dir='ltr'>scuta</span> <span class='ocrx_word' id='word_1_75' title='bbox 2084 1415 2388 1478; x_wconf 80' lang='lat' dir='ltr'>cavaeque</span> 
     </span>
     <span class='ocr_line' id='line_1_17' title="bbox 1678 1497 2529 1581; baseline -0.001 -20"><span class='ocrx_word' id='word_1_76' title='bbox 1678 1519 1901 1580; x_wconf 84' lang='lat' dir='ltr'>pugna</span> <span class='ocrx_word' id='word_1_77' title='bbox 1929 1517 2163 1581; x_wconf 86' lang='lat' dir='ltr'>aspera</span> <span class='ocrx_word' id='word_1_78' title='bbox 2192 1497 2441 1580; x_wconf 82' lang='lat' dir='ltr'>surgit:</span> <span class='ocrx_word' id='word_1_79' title='bbox 2518 1545 2529 1552; x_wconf 89' lang='lat'>.</span> 
     </span>
    </p>
   </div>
   <div class='ocr_carea' id='block_1_7' title="bbox 481 1595 2705 2795">
    <p class='ocr_par' dir='ltr' id='par_1_9' title="bbox 481 1595 2705 2795">
     <span class='ocr_line' id='line_1_18' title="bbox 653 1595 2368 1686; baseline -0.005 -17"><span class='ocrx_word' id='word_1_80' title='bbox 653 1605 960 1678; x_wconf 82' lang='lat' dir='ltr'>Quantus</span> <span class='ocrx_word' id='word_1_81' title='bbox 991 1603 1076 1666; x_wconf 89' lang='lat' dir='ltr'>ab</span> <span class='ocrx_word' id='word_1_82' title='bbox 1108 1622 1343 1666; x_wconf 87' lang='lat' dir='ltr'>occasu</span> <span class='ocrx_word' id='word_1_83' title='bbox 1373 1598 1661 1675; x_wconf 86' lang='lat' dir='ltr'>veniens,</span> <span class='ocrx_word' id='word_1_84' title='bbox 1690 1595 2081 1686; x_wconf 74' lang='lat' dir='ltr'>pluvialibus</span> <span class='ocrx_word' id='word_1_85' title='bbox 2110 1596 2368 1674; x_wconf 82' lang='lat' dir='ltr'>Haedis,</span> 
     </span>
     <span class='ocr_line' id='line_1_19' title="bbox 655 1698 2705 1784; baseline -0.005 -13"><span class='ocrx_word' id='word_1_86' title='bbox 655 1706 984 1771; x_wconf 82' lang='lat' dir='ltr'>Verberat</span> <span class='ocrx_word' id='word_1_87' title='bbox 1010 1703 1217 1768; x_wconf 85' lang='lat' dir='ltr'>imber</span> <span class='ocrx_word' id='word_1_88' title='bbox 1243 1701 1547 1777; x_wconf 77' lang='lat' dir='ltr'>humum:</span> <span class='ocrx_word' id='word_1_89' title='bbox 1593 1721 1787 1784; x_wconf 92' lang='lat' dir='ltr'>quam</span> <span class='ocrx_word' id='word_1_90' title='bbox 1814 1698 2017 1763; x_wconf 90' lang='lat' dir='ltr'>multa</span> <span class='ocrx_word' id='word_1_91' title='bbox 2044 1698 2359 1782; x_wconf 84' lang='lat' dir='ltr'>grandine</span> <span class='ocrx_word' id='word_1_92' title='bbox 2388 1699 2589 1762; x_wconf 89' lang='lat' dir='ltr'>nimbi</span> <span class='ocrx_word' id='word_1_93' title='bbox 2696 1771 2705 1778; x_wconf 87' lang='lat'><strong>.</strong></span> 
     </span>
     <span class='ocr_line' id='line_1_20' title="bbox 481 1800 2521 1889; baseline -0.005 -15"><span class='ocrx_word' id='word_1_94' title='bbox 481 1809 612 1874; x_wconf 88' lang='grc'>670</span> <span class='ocrx_word' id='word_1_95' title='bbox 656 1808 733 1873; x_wconf 89' lang='lat' dir='ltr'>In</span> <span class='ocrx_word' id='word_1_96' title='bbox 763 1808 933 1871; x_wconf 83' lang='lat' dir='ltr'>vada</span> <span class='ocrx_word' id='word_1_97' title='bbox 960 1804 1394 1889; x_wconf 75' lang='lat' dir='ltr'>praecipitant‚</span> <span class='ocrx_word' id='word_1_98' title='bbox 1427 1824 1627 1886; x_wconf 88' lang='lat' dir='ltr'>quum</span> <span class='ocrx_word' id='word_1_99' title='bbox 1655 1801 1919 1885; x_wconf 83' lang='lat' dir='ltr'>Jupiter</span> <span class='ocrx_word' id='word_1_100' title='bbox 1947 1800 2252 1864; x_wconf 90' lang='lat' dir='ltr'>horridus</span> <span class='ocrx_word' id='word_1_101' title='bbox 2283 1801 2521 1864; x_wconf 87' lang='lat' dir='ltr'>austris</span> 
     </span>
     <span class='ocr_line' id='line_1_21' title="bbox 659 1900 2647 1992; baseline -0.005 -18"><span class='ocrx_word' id='word_1_102' title='bbox 659 1908 962 1992; x_wconf 89' lang='lat' dir='ltr'>Torquet</span> <span class='ocrx_word' id='word_1_103' title='bbox 991 1927 1300 1990; x_wconf 80' lang='lat' dir='ltr'>aquosam</span> <span class='ocrx_word' id='word_1_104' title='bbox 1327 1902 1627 1978; x_wconf 90' lang='lat' dir='ltr'>hiemem,</span> <span class='ocrx_word' id='word_1_105' title='bbox 1656 1913 1727 1967; x_wconf 92' lang='lat' dir='ltr'>et</span> <span class='ocrx_word' id='word_1_106' title='bbox 1752 1900 1917 1967; x_wconf 88' lang='lat' dir='ltr'>coelo</span> <span class='ocrx_word' id='word_1_107' title='bbox 1948 1922 2107 1965; x_wconf 86' lang='lat' dir='ltr'>cava</span> <span class='ocrx_word' id='word_1_108' title='bbox 2136 1900 2361 1965; x_wconf 87' lang='lat' dir='ltr'>nubila</span> <span class='ocrx_word' id='word_1_109' title='bbox 2388 1901 2647 1985; x_wconf 85' lang='lat' dir='ltr'>rumpit.</span> 
     </span>
     <span class='ocr_line' id='line_1_22' title="bbox 746 2001 2234 2080; baseline -0.005 -7"><span class='ocrx_word' id='word_1_110' title='bbox 746 2009 1090 2073; x_wconf 85' lang='lat' dir='ltr'>Pandarus</span> <span class='ocrx_word' id='word_1_111' title='bbox 1121 2016 1190 2071; x_wconf 91' lang='lat' dir='ltr'>et</span> <span class='ocrx_word' id='word_1_112' title='bbox 1216 2004 1448 2080; x_wconf 84' lang='lat' dir='ltr'>Bitias,</span> <span class='ocrx_word' id='word_1_113' title='bbox 1483 2002 1664 2068; x_wconf 85' lang='lat' dir='ltr'>Idaeo</span> <span class='ocrx_word' id='word_1_114' title='bbox 1694 2001 2019 2068; x_wconf 84' lang='lat' dir='ltr'>Alcanore</span> <span class='ocrx_word' id='word_1_115' title='bbox 2046 2003 2234 2079; x_wconf 91' lang='lat' dir='ltr'>creti,</span> 
     </span>
     <span class='ocr_line' id='line_1_23' title="bbox 664 2103 2073 2184; baseline -0.005 -10"><span class='ocrx_word' id='word_1_116' title='bbox 664 2111 854 2184; x_wconf 82' lang='lat' dir='ltr'>Quos</span> <span class='ocrx_word' id='word_1_117' title='bbox 885 2108 930 2172; x_wconf 84' lang='lat' dir='ltr'><strong>J</strong></span> <span class='ocrx_word' id='word_1_118' title='bbox 934 2109 1070 2172; x_wconf 82' lang='lat' dir='ltr'>ovis</span> <span class='ocrx_word' id='word_1_119' title='bbox 1101 2107 1332 2171; x_wconf 82' lang='lat' dir='ltr'>eduxit</span> <span class='ocrx_word' id='word_1_120' title='bbox 1361 2104 1507 2169; x_wconf 91' lang='lat' dir='ltr'>luco</span> <span class='ocrx_word' id='word_1_121' title='bbox 1542 2103 1852 2169; x_wconf 88' lang='lat' dir='ltr'>silvestris</span> <span class='ocrx_word' id='word_1_122' title='bbox 1885 2103 2073 2180; x_wconf 74' lang='lat' dir='ltr'>Ioera,</span> 
     </span>
     <span class='ocr_line' id='line_1_24' title="bbox 665 2205 2303 2292; baseline -0.004 -17"><span class='ocrx_word' id='word_1_123' title='bbox 665 2209 1016 2275; x_wconf 88' lang='lat' dir='ltr'>Abietibus</span> <span class='ocrx_word' id='word_1_124' title='bbox 1037 2209 1313 2292; x_wconf 84' lang='lat' dir='ltr'>juvenes</span> <span class='ocrx_word' id='word_1_125' title='bbox 1345 2205 1572 2290; x_wconf 87' lang='lat' dir='ltr'>patriis</span> <span class='ocrx_word' id='word_1_126' title='bbox 1605 2216 1671 2269; x_wconf 90' lang='lat' dir='ltr'>et</span> <span class='ocrx_word' id='word_1_127' title='bbox 1700 2205 2026 2269; x_wconf 88' lang='lat' dir='ltr'>montibus</span> <span class='ocrx_word' id='word_1_128' title='bbox 2058 2225 2303 2288; x_wconf 82' lang='lat' dir='ltr'>aequos,</span> 
     </span>
     <span class='ocr_line' id='line_1_25' title="bbox 491 2304 2419 2392; baseline -0.004 -14"><span class='ocrx_word' id='word_1_129' title='bbox 491 2313 620 2378; x_wconf 88' lang='lat'>675</span> <span class='ocrx_word' id='word_1_130' title='bbox 667 2311 956 2386; x_wconf 82' lang='lat' dir='ltr'>Portam,</span> <span class='ocrx_word' id='word_1_131' title='bbox 988 2329 1135 2392; x_wconf 87' lang='lat' dir='ltr'>quae</span> <span class='ocrx_word' id='word_1_132' title='bbox 1165 2307 1349 2371; x_wconf 90' lang='lat' dir='ltr'>ducis</span> <span class='ocrx_word' id='word_1_133' title='bbox 1381 2307 1650 2390; x_wconf 87' lang='lat' dir='ltr'>imperio</span> <span class='ocrx_word' id='word_1_134' title='bbox 1680 2307 2042 2383; x_wconf 83' lang='lat' dir='ltr'>commissa,</span> <span class='ocrx_word' id='word_1_135' title='bbox 2072 2304 2419 2370; x_wconf 89' lang='lat' dir='ltr'>recludunt</span> 
     </span>
     <span class='ocr_line' id='line_1_26' title="bbox 663 2405 2380 2492; baseline -0.003 -15"><span class='ocrx_word' id='word_1_136' title='bbox 663 2411 844 2477; x_wconf 90' lang='lat' dir='ltr'>Freti</span> <span class='ocrx_word' id='word_1_137' title='bbox 873 2409 1089 2486; x_wconf 87' lang='lat' dir='ltr'>armis,</span> <span class='ocrx_word' id='word_1_138' title='bbox 1119 2405 1422 2492; x_wconf 90' lang='lat' dir='ltr'>ultroque</span> <span class='ocrx_word' id='word_1_139' title='bbox 1451 2408 1722 2471; x_wconf 82' lang='lat' dir='ltr'>invitant</span> <span class='ocrx_word' id='word_1_140' title='bbox 1752 2407 2073 2472; x_wconf 86' lang='lat' dir='ltr'>moenibus</span> <span class='ocrx_word' id='word_1_141' title='bbox 2104 2405 2380 2472; x_wconf 88' lang='lat' dir='ltr'>hostem.</span> 
     </span>
     <span class='ocr_line' id='line_1_27' title="bbox 665 2508 2333 2599; baseline -0.004 -19"><span class='ocrx_word' id='word_1_142' title='bbox 665 2515 803 2599; x_wconf 87' lang='lat' dir='ltr'>Ipsi</span> <span class='ocrx_word' id='word_1_143' title='bbox 831 2513 1004 2576; x_wconf 90' lang='lat' dir='ltr'>intus</span> <span class='ocrx_word' id='word_1_144' title='bbox 1037 2511 1270 2576; x_wconf 82' lang='lat' dir='ltr'>dextra</span> <span class='ocrx_word' id='word_1_145' title='bbox 1301 2531 1376 2575; x_wconf 88' lang='lat' dir='ltr'>ac</span> <span class='ocrx_word' id='word_1_146' title='bbox 1405 2508 1568 2573; x_wconf 86' lang='lat' dir='ltr'>laeva</span> <span class='ocrx_word' id='word_1_147' title='bbox 1594 2531 1718 2593; x_wconf 90' lang='lat' dir='ltr'>pro</span> <span class='ocrx_word' id='word_1_148' title='bbox 1750 2510 2039 2573; x_wconf 87' lang='lat' dir='ltr'>turribus</span> <span class='ocrx_word' id='word_1_149' title='bbox 2070 2509 2333 2574; x_wconf 82' lang='lat' dir='ltr'>adstant</span> 
     </span>
     <span class='ocr_line' id='line_1_28' title="bbox 665 2607 2209 2692; baseline -0.005 -12"><span class='ocrx_word' id='word_1_150' title='bbox 665 2613 922 2680; x_wconf 91' lang='lat' dir='ltr'>Armati</span> <span class='ocrx_word' id='word_1_151' title='bbox 951 2611 1148 2688; x_wconf 83' lang='lat' dir='ltr'>ferro,</span> <span class='ocrx_word' id='word_1_152' title='bbox 1177 2622 1245 2675; x_wconf 92' lang='lat' dir='ltr'>et</span> <span class='ocrx_word' id='word_1_153' title='bbox 1275 2611 1487 2674; x_wconf 88' lang='lat' dir='ltr'>cristis</span> <span class='ocrx_word' id='word_1_154' title='bbox 1516 2612 1733 2692; x_wconf 86' lang='lat' dir='ltr'>capita</span> <span class='ocrx_word' id='word_1_155' title='bbox 1761 2607 1891 2674; x_wconf 87' lang='lat' dir='ltr'>alta</span> <span class='ocrx_word' id='word_1_156' title='bbox 1919 2611 2209 2675; x_wconf 89' lang='lat' dir='ltr'>corusci:</span> 
     </span>
     <span class='ocr_line' id='line_1_29' title="bbox 669 2709 2064 2795; baseline -0.004 -15"><span class='ocrx_word' id='word_1_157' title='bbox 669 2715 917 2790; x_wconf 83' lang='lat' dir='ltr'>Quales</span> <span class='ocrx_word' id='word_1_158' title='bbox 949 2713 1141 2778; x_wconf 85' lang='lat' dir='ltr'>aeriae</span> <span class='ocrx_word' id='word_1_159' title='bbox 1169 2709 1480 2795; x_wconf 87' lang='lat' dir='ltr'>liquentia</span> <span class='ocrx_word' id='word_1_160' title='bbox 1508 2710 1773 2774; x_wconf 84' lang='lat' dir='ltr'>flumina</span> <span class='ocrx_word' id='word_1_161' title='bbox 1802 2711 2064 2788; x_wconf 90' lang='lat' dir='ltr'>circum,</span> 
     </span>
    </p>
   </div>
   <div class='ocr_carea' id='block_1_8' title="bbox 444 2925 1644 4470">
    <p class='ocr_par' dir='ltr' id='par_1_10' title="bbox 497 2925 1621 3060">
     <span class='ocr_line' id='line_1_30' title="bbox 561 2925 1621 2991; baseline -0.005 -12"><span class='ocrx_word' id='word_1_162' title='bbox 561 2931 676 2982; x_wconf 81' lang='lat'>66⁷.</span> <span class='ocrx_word' id='word_1_163' title='bbox 702 2933 858 2978; x_wconf 68' lang='lat' dir='ltr'>Medio</span> <span class='ocrx_word' id='word_1_164' title='bbox 873 2945 1072 2978; x_wconf 65' lang='lat' dir='ltr'>amone</span> <span class='ocrx_word' id='word_1_165' title='bbox 1087 2948 1104 2983; x_wconf 83' lang='lat'>‚-</span> <span class='ocrx_word' id='word_1_166' title='bbox 1135 2925 1449 2991; x_wconf 85' lang='lat' dir='ltr'>simpliciter:</span> <span class='ocrx_word' id='word_1_167' title='bbox 1483 2935 1621 2974; x_wconf 79' lang='lat' dir='ltr'>ante·</span> 
     </span>
     <span class='ocr_line' id='line_1_31' title="bbox 497 2991 1363 3060; baseline -0.007 -17"><span class='ocrx_word' id='word_1_168' title='bbox 497 3010 645 3057; x_wconf 87' lang='lat' dir='ltr'>quam</span> <span class='ocrx_word' id='word_1_169' title='bbox 667 2995 810 3060; x_wconf 84' lang='lat' dir='ltr'>plura</span> <span class='ocrx_word' id='word_1_170' title='bbox 827 2993 1101 3055; x_wconf 87' lang='lat' dir='ltr'>subjiceret,</span> <span class='ocrx_word' id='word_1_171' title='bbox 1127 2991 1363 3039; x_wconf 79' lang='lat' dir='ltr'>discessit.</span> 
     </span>
    </p>

    <p class='ocr_par' dir='ltr' id='par_1_11' title="bbox 444 3053 1628 3361">
     <span class='ocr_line' id='line_1_32' title="bbox 567 3053 1623 3117; baseline -0.003 -13"><span class='ocrx_word' id='word_1_172' title='bbox 567 3058 840 3106; x_wconf 77' lang='lat'><strong>659—661.</strong></span> <span class='ocrx_word' id='word_1_173' title='bbox 878 3057 922 3104; x_wconf 88' lang='lat' dir='ltr'>E</span> <span class='ocrx_word' id='word_1_174' title='bbox 1049 3057 1102 3103; x_wconf 84' lang='lat' dir='ltr'>in</span> <span class='ocrx_word' id='word_1_175' title='bbox 1128 3053 1267 3117; x_wconf 73' lang='lat' dir='ltr'>suga,</span> <span class='ocrx_word' id='word_1_176' title='bbox 1292 3054 1524 3112; x_wconf 78' lang='lat' dir='ltr'>discessu,</span> <span class='ocrx_word' id='word_1_177' title='bbox 1548 3054 1623 3102; x_wconf 90' lang='lat' dir='ltr'>di·</span> 
     </span>
     <span class='ocr_line' id='line_1_33' title="bbox 444 3072 1623 3182; baseline -0.001 -16"><span class='ocrx_word' id='word_1_178' title='bbox 444 3160 452 3166; x_wconf 60' lang='lat'><em>„</em></span> <span class='ocrx_word' id='word_1_179' title='bbox 502 3121 666 3169; x_wconf 81' lang='lat' dir='ltr'>vinam</span> <span class='ocrx_word' id='word_1_180' title='bbox 701 3121 906 3168; x_wconf 84' lang='lat' dir='ltr'>formam</span> <span class='ocrx_word' id='word_1_181' title='bbox 923 3072 1119 3182; x_wconf 48' lang='lat' dir='ltr'>¹{apollo</span> <span class='ocrx_word' id='word_1_182' title='bbox 1151 3127 1428 3182; x_wconf 76' lang='lat' dir='ltr'>receperat:</span> <span class='ocrx_word' id='word_1_183' title='bbox 1466 3117 1623 3166; x_wconf 86' lang='lat' dir='ltr'>adsci-</span> 
     </span>
     <span class='ocr_line' id='line_1_34' title="bbox 501 3181 1628 3244; baseline -0.002 -12"><span class='ocrx_word' id='word_1_184' title='bbox 501 3193 642 3233; x_wconf 81' lang='lat' dir='ltr'>verat</span> <span class='ocrx_word' id='word_1_185' title='bbox 679 3185 957 3242; x_wconf 79' lang='lat' dir='ltr'>humanam,</span> <span class='ocrx_word' id='word_1_186' title='bbox 999 3193 1056 3230; x_wconf 90' lang='lat' dir='ltr'>ut</span> <span class='ocrx_word' id='word_1_187' title='bbox 1098 3197 1210 3230; x_wconf 89' lang='lat' dir='ltr'>cum</span> <span class='ocrx_word' id='word_1_188' title='bbox 1251 3181 1444 3231; x_wconf 76' lang='lat' dir='ltr'>mortali</span> <span class='ocrx_word' id='word_1_189' title='bbox 1482 3197 1628 3244; x_wconf 82' lang='lat' dir='ltr'>agere</span> 
     </span>
     <span class='ocr_line' id='line_1_35' title="bbox 502 3247 1627 3314; baseline -0.003 -17"><span class='ocrx_word' id='word_1_190' title='bbox 502 3257 681 3314; x_wconf 83' lang='lat' dir='ltr'>posset.</span> <span class='ocrx_word' id='word_1_191' title='bbox 756 3251 938 3296; x_wconf 71' lang='lat' dir='ltr'>Numen</span> <span class='ocrx_word' id='word_1_192' title='bbox 993 3247 1267 3296; x_wconf 79' lang='lat' dir='ltr'>declaratur</span> <span class='ocrx_word' id='word_1_193' title='bbox 1324 3262 1412 3310; x_wconf 85' lang='lat' dir='ltr'>per</span> <span class='ocrx_word' id='word_1_194' title='bbox 1466 3249 1627 3301; x_wconf 75' lang='lat' dir='ltr'>dicta,-</span> 
     </span>
     <span class='ocr_line' id='line_1_36' title="bbox 503 3311 947 3361; baseline 0 -1"><span class='ocrx_word' id='word_1_195' title='bbox 503 3317 516 3328; x_wconf 86' lang='lat'><em>&#39;</em></span> <span class='ocrx_word' id='word_1_196' title='bbox 673 3311 947 3361; x_wconf 77' lang='lat' dir='ltr'>auctoritas.</span> 
     </span>
    </p>

    <p class='ocr_par' dir='ltr' id='par_1_12' title="bbox 503 3377 1644 4470">
     <span class='ocr_line' id='line_1_37' title="bbox 569 3377 1627 3439; baseline -0.003 -14"><span class='ocrx_word' id='word_1_197' title='bbox 569 3379 679 3435; x_wconf 80' lang='lat'>664,</span> <span class='ocrx_word' id='word_1_198' title='bbox 704 3377 814 3425; x_wconf 76' lang='lat'><strong>665.</strong></span> <span class='ocrx_word' id='word_1_199' title='bbox 854 3379 982 3425; x_wconf 69' lang='lat' dir='ltr'>Totis</span> <span class='ocrx_word' id='word_1_200' title='bbox 997 3391 1084 3438; x_wconf 76' lang='lat' dir='ltr'>per</span> <span class='ocrx_word' id='word_1_201' title='bbox 1099 3378 1444 3439; x_wconf 70' lang='lat' dir='ltr'>propugnacula</span> <span class='ocrx_word' id='word_1_202' title='bbox 1469 3379 1627 3432; x_wconf 78' lang='lat' dir='ltr'>muris,</span> 
     </span>
     <span class='ocr_line' id='line_1_38' title="bbox 503 3439 1627 3507; baseline -0.004 -16"><span class='ocrx_word' id='word_1_203' title='bbox 503 3458 594 3507; x_wconf 86' lang='lat' dir='ltr'>per</span> <span class='ocrx_word' id='word_1_204' title='bbox 615 3442 723 3490; x_wconf 87' lang='lat' dir='ltr'>loca</span> <span class='ocrx_word' id='word_1_205' title='bbox 743 3455 992 3490; x_wconf 87' lang='lat' dir='ltr'>murorum</span> <span class='ocrx_word' id='word_1_206' title='bbox 1016 3455 1044 3488; x_wconf 89' lang='lat' dir='ltr'>e</span> <span class='ocrx_word' id='word_1_207' title='bbox 1066 3439 1244 3502; x_wconf 87' lang='lat' dir='ltr'>quibus</span> <span class='ocrx_word' id='word_1_208' title='bbox 1275 3449 1627 3504; x_wconf 72' lang='lat' dir='ltr'>propugnatur,</span> 
     </span>
     <span class='ocr_line' id='line_1_39' title="bbox 503 3505 1631 3570; baseline -0.004 -15"><span class='ocrx_word' id='word_1_209' title='bbox 503 3507 722 3570; x_wconf 82' lang='lat' dir='ltr'>adeoque</span> <span class='ocrx_word' id='word_1_210' title='bbox 743 3505 1031 3570; x_wconf 73' lang='lat' dir='ltr'>simpliciter</span> <span class='ocrx_word' id='word_1_211' title='bbox 1061 3519 1152 3570; x_wconf 82' lang='lat' dir='ltr'>per</span> <span class='ocrx_word' id='word_1_212' title='bbox 1173 3519 1351 3553; x_wconf 83' lang='lat' dir='ltr'>muros.</span> <span class='ocrx_word' id='word_1_213' title='bbox 1411 3505 1489 3551; x_wconf 89' lang='lat' dir='ltr'>De</span> <span class='ocrx_word' id='word_1_214' title='bbox 1511 3518 1631 3551; x_wconf 84' lang='lat' dir='ltr'>voce</span> 
     </span>
     <span class='ocr_line' id='line_1_40' title="bbox 506 3567 1627 3636; baseline -0.004 -17"><span class='ocrx_word' id='word_1_215' title='bbox 506 3571 602 3619; x_wconf 80' lang='lat' dir='ltr'>vid.</span> <span class='ocrx_word' id='word_1_216' title='bbox 623 3587 730 3636; x_wconf 86' lang='lat' dir='ltr'>sup.</span> <span class='ocrx_word' id='word_1_217' title='bbox 751 3570 813 3617; x_wconf 87' lang='lat' dir='ltr'>ad</span> <span class='ocrx_word' id='word_1_218' title='bbox 836 3569 942 3620; x_wconf 87' lang='grc'><strong>170.</strong></span> <span class='ocrx_word' id='word_1_219' title='bbox 994 3572 1140 3618; x_wconf 72' lang='lat' dir='ltr'>Aeros</span> <span class='ocrx_word' id='word_1_220' title='bbox 1154 3587 1171 3616; x_wconf 86' lang='lat'>.-</span> <span class='ocrx_word' id='word_1_221' title='bbox 1195 3567 1287 3636; x_wconf 82' lang='lat' dir='ltr'>ipsi</span> <span class='ocrx_word' id='word_1_222' title='bbox 1308 3583 1448 3616; x_wconf 76' lang='lat' dir='ltr'>arcus</span> <span class='ocrx_word' id='word_1_223' title='bbox 1463 3568 1627 3616; x_wconf 83' lang='lat' dir='ltr'>inten-</span> 
     </span>
     <span class='ocr_line' id='line_1_41' title="bbox 505 3630 1627 3697; baseline -0.004 -13"><span class='ocrx_word' id='word_1_224' title='bbox 505 3636 632 3684; x_wconf 84' lang='lat' dir='ltr'>dunt</span> <span class='ocrx_word' id='word_1_225' title='bbox 649 3635 840 3693; x_wconf 85' lang='lat' dir='ltr'>acriter,</span> <span class='ocrx_word' id='word_1_226' title='bbox 863 3643 914 3683; x_wconf 89' lang='lat' dir='ltr'>et</span> <span class='ocrx_word' id='word_1_227' title='bbox 927 3633 1120 3697; x_wconf 82' lang='lat' dir='ltr'>jaciunt</span> <span class='ocrx_word' id='word_1_228' title='bbox 1140 3633 1239 3682; x_wconf 80' lang='lat' dir='ltr'>tela</span> <span class='ocrx_word' id='word_1_229' title='bbox 1270 3631 1480 3682; x_wconf 86' lang='lat' dir='ltr'>amentis</span> <span class='ocrx_word' id='word_1_230' title='bbox 1511 3630 1627 3680; x_wconf 89' lang='lat' dir='ltr'>reli-</span> 
     </span>
     <span class='ocr_line' id='line_1_42' title="bbox 505 3709 1636 3814; baseline -0.004 -2"><span class='ocrx_word' id='word_1_231' title='bbox 505 3709 798 3814; x_wconf 54' lang='grc' dir='ltr'><strong><em>εαῖὀΒ-δῚ</em></strong></span> <span class='ocrx_word' id='word_1_232' title='bbox 807 3766 847 3811; x_wconf 88' lang='grc'>1.</span> <span class='ocrx_word' id='word_1_233' title='bbox 887 3762 1096 3811; x_wconf 79' lang='lat' dir='ltr'>ornavit</span> <span class='ocrx_word' id='word_1_234' title='bbox 1135 3760 1427 3810; x_wconf 81' lang='lat' dir='ltr'>Homericos</span> <span class='ocrx_word' id='word_1_235' title='bbox 1463 3773 1636 3808; x_wconf 81' lang='lat' dir='ltr'>versus</span> 
     </span>
     <span class='ocr_line' id='line_1_43' title="bbox 511 3827 1635 3888; baseline -0.003 -9"><span class='ocrx_word' id='word_1_236' title='bbox 511 3829 650 3880; x_wconf 86' lang='lat' dir='ltr'>Iliad.</span> <span class='ocrx_word' id='word_1_237' title='bbox 693 3847 742 3888; x_wconf 83' lang='grc' dir='ltr'>μ,</span> <span class='ocrx_word' id='word_1_238' title='bbox 794 3827 1063 3875; x_wconf 81' lang='lat'>156—161.</span> <span class='ocrx_word' id='word_1_239' title='bbox 1116 3827 1281 3874; x_wconf 68' lang='lat' dir='ltr'>Haedis</span> <span class='ocrx_word' id='word_1_240' title='bbox 1320 3827 1635 3887; x_wconf 70' lang='lat' dir='ltr'>pluvialibus.-</span> 
     </span>
     <span class='ocr_line' id='line_1_44' title="bbox 507 3888 1634 3960; baseline -0.008 -16"><span class='ocrx_word' id='word_1_241' title='bbox 507 3903 710 3960; x_wconf 77' lang='lat' dir='ltr'>propoer</span> <span class='ocrx_word' id='word_1_242' title='bbox 741 3891 940 3940; x_wconf 69' lang='lat' dir='ltr'>Haedos.</span> <span class='ocrx_word' id='word_1_243' title='bbox 996 3891 1134 3938; x_wconf 89' lang='lat' dir='ltr'>Bene</span> <span class='ocrx_word' id='word_1_244' title='bbox 1170 3898 1222 3937; x_wconf 86' lang='lat' dir='ltr'>et</span> <span class='ocrx_word' id='word_1_245' title='bbox 1251 3889 1379 3936; x_wconf 87' lang='lat' dir='ltr'>clare</span> <span class='ocrx_word' id='word_1_246' title='bbox 1407 3888 1634 3936; x_wconf 81' lang='lat' dir='ltr'>Servius:</span> 
     </span>
     <span class='ocr_line' id='line_1_45' title="bbox 510 3955 1641 4021; baseline -0.007 -14"><span class='ocrx_word' id='word_1_247' title='bbox 510 3962 664 4021; x_wconf 74' lang='lat' dir='ltr'>Sapra</span> <span class='ocrx_word' id='word_1_248' title='bbox 690 3959 836 4004; x_wconf 69' lang='lat' dir='ltr'>Tauri</span> <span class='ocrx_word' id='word_1_249' title='bbox 857 3971 1027 4004; x_wconf 74' lang='lat' dir='ltr'>cornua</span> <span class='ocrx_word' id='word_1_250' title='bbox 1057 3961 1128 4002; x_wconf 76' lang='lat' dir='ltr'>est</span> <span class='ocrx_word' id='word_1_251' title='bbox 1148 3957 1340 4016; x_wconf 55' lang='lat' dir='ltr'>signum</span> <span class='ocrx_word' id='word_1_252' title='bbox 1365 3956 1440 4000; x_wconf 72' lang='lat' dir='ltr'>cus·</span> <span class='ocrx_word' id='word_1_253' title='bbox 1455 3955 1641 4015; x_wconf 71' lang='lat' dir='ltr'>Auriga</span> 
     </span>
     <span class='ocr_line' id='line_1_46' title="bbox 510 4019 1641 4072; baseline -0.008 0"><span class='ocrx_word' id='word_1_254' title='bbox 510 4039 667 4072; x_wconf 69' lang='lat' dir='ltr'>nonen</span> <span class='ocrx_word' id='word_1_255' title='bbox 703 4028 788 4070; x_wconf 73' lang='lat' dir='ltr'>est.</span> <span class='ocrx_word' id='word_1_256' title='bbox 843 4022 1029 4067; x_wconf 69' lang='lat' dir='ltr'>Retinet</span> <span class='ocrx_word' id='word_1_257' title='bbox 1063 4025 1214 4066; x_wconf 72' lang='lat' dir='ltr'>auten</span> <span class='ocrx_word' id='word_1_258' title='bbox 1247 4019 1405 4065; x_wconf 74' lang='lat' dir='ltr'>stellas</span> <span class='ocrx_word' id='word_1_259' title='bbox 1439 4019 1557 4064; x_wconf 73' lang='lat' dir='ltr'>dm</span> <span class='ocrx_word' id='word_1_260' title='bbox 1591 4019 1641 4064; x_wconf 71' lang='grc' dir='ltr'>ἐκ</span> 
     </span>
     <span class='ocr_line' id='line_1_47' title="bbox 509 4081 1641 4149; baseline -0.006 -13"><span class='ocrx_word' id='word_1_261' title='bbox 509 4105 660 4145; x_wconf 59' lang='lat' dir='ltr'>matut,</span> <span class='ocrx_word' id='word_1_262' title='bbox 686 4102 786 4149; x_wconf 69' lang='lat' dir='ltr'>quus</span> <span class='ocrx_word' id='word_1_263' title='bbox 807 4081 936 4132; x_wconf 74' lang='lat' dir='ltr'>haedi</span> <span class='ocrx_word' id='word_1_264' title='bbox 957 4090 1188 4138; x_wconf 71' lang='lat' dir='ltr'>mum,</span> <span class='ocrx_word' id='word_1_265' title='bbox 1205 4088 1252 4129; x_wconf 70' lang='grc' dir='ltr'>σε</span> <span class='ocrx_word' id='word_1_266' title='bbox 1275 4097 1641 4142; x_wconf 68' lang='lat' dir='ltr'>capram—qna-</span> 
     </span>
     <span class='ocr_line' id='line_1_48' title="bbox 511 4147 1641 4208; baseline -0.008 -9"><span class='ocrx_word' id='word_1_267' title='bbox 511 4168 614 4199; x_wconf 62' lang='grc' dir='ltr'>ηπ</span> <span class='ocrx_word' id='word_1_268' title='bbox 632 4159 679 4200; x_wconf 73' lang='lat' dir='ltr'>et</span> <span class='ocrx_word' id='word_1_269' title='bbox 700 4157 825 4198; x_wconf 74' lang='lat' dir='ltr'>ortus</span> <span class='ocrx_word' id='word_1_270' title='bbox 845 4157 894 4197; x_wconf 74' lang='lat' dir='ltr'>et</span> <span class='ocrx_word' id='word_1_271' title='bbox 921 4163 1106 4196; x_wconf 71' lang='lat' dir='ltr'>occasus</span> <span class='ocrx_word' id='word_1_272' title='bbox 1131 4147 1430 4208; x_wconf 67' lang='lat' dir='ltr'>gravissimas</span> <span class='ocrx_word' id='word_1_273' title='bbox 1451 4152 1641 4206; x_wconf 74' lang='lat' dir='ltr'>tempes-</span> 
     </span>
     <span class='ocr_line' id='line_1_49' title="bbox 513 4211 1638 4276; baseline -0.007 -13"><span class='ocrx_word' id='word_1_274' title='bbox 513 4213 840 4276; x_wconf 65' lang='lat' dir='ltr'>musacium.</span> <span class='ocrx_word' id='word_1_275' title='bbox 901 4215 1128 4259; x_wconf 69' lang='lat' dir='ltr'>Oriumr</span> <span class='ocrx_word' id='word_1_276' title='bbox 1156 4217 1308 4258; x_wconf 72' lang='lat' dir='ltr'>autem</span> <span class='ocrx_word' id='word_1_277' title='bbox 1333 4225 1434 4257; x_wconf 72' lang='grc' dir='ltr'><strong>ι-αω</strong></span> <span class='ocrx_word' id='word_1_278' title='bbox 1457 4211 1638 4271; x_wconf 69' lang='lat' dir='ltr'>Scorpi-</span> 
     </span>
     <span class='ocr_line' id='line_1_50' title="bbox 512 4273 1643 4326; baseline -0.005 1"><span class='ocrx_word' id='word_1_279' title='bbox 512 4295 594 4326; x_wconf 74' lang='lat' dir='ltr'>one</span> <span class='ocrx_word' id='word_1_280' title='bbox 627 4293 775 4326; x_wconf 68' lang='lat' dir='ltr'>nme</span> <span class='ocrx_word' id='word_1_281' title='bbox 802 4279 1000 4324; x_wconf 72' lang='lat' dir='ltr'>Octobr-6.</span> <span class='ocrx_word' id='word_1_282' title='bbox 1059 4275 1137 4323; x_wconf 87' lang='lat' dir='ltr'>De</span> <span class='ocrx_word' id='word_1_283' title='bbox 1166 4289 1338 4323; x_wconf 82' lang='lat' dir='ltr'>occasu</span> <span class='ocrx_word' id='word_1_284' title='bbox 1371 4273 1643 4322; x_wconf 79' lang='lat' dir='ltr'>Haedorum</span> 
     </span>
     <span class='ocr_line' id='line_1_51' title="bbox 515 4338 1644 4412; baseline -0.004 -21"><span class='ocrx_word' id='word_1_285' title='bbox 515 4343 607 4391; x_wconf 87' lang='lat' dir='ltr'>sub</span> <span class='ocrx_word' id='word_1_286' title='bbox 641 4341 858 4388; x_wconf 82' lang='lat' dir='ltr'>medium</span> <span class='ocrx_word' id='word_1_287' title='bbox 896 4339 1218 4387; x_wconf 83' lang='lat' dir='ltr'>Decembrem</span> <span class='ocrx_word' id='word_1_288' title='bbox 1253 4338 1467 4387; x_wconf 78' lang='lat' dir='ltr'>maxime</span> <span class='ocrx_word' id='word_1_289' title='bbox 1497 4346 1644 4412; x_wconf 80' lang='lat' dir='ltr'>poeta</span> 
     </span>
     <span class='ocr_line' id='line_1_52' title="bbox 517 4401 1639 4470; baseline -0.005 -15"><span class='ocrx_word' id='word_1_290' title='bbox 517 4404 756 4470; x_wconf 74' lang='lat' dir='ltr'>cogitasse</span> <span class='ocrx_word' id='word_1_291' title='bbox 779 4402 984 4454; x_wconf 83' lang='lat' dir='ltr'>videtur.</span> <span class='ocrx_word' id='word_1_292' title='bbox 1036 4401 1181 4459; x_wconf 80' lang='lat' dir='ltr'>Quod</span> <span class='ocrx_word' id='word_1_293' title='bbox 1211 4402 1330 4451; x_wconf 84' lang='lat' dir='ltr'>alias</span> <span class='ocrx_word' id='word_1_294' title='bbox 1363 4411 1543 4452; x_wconf 77' lang='lat' dir='ltr'>ausu-is</span> <span class='ocrx_word' id='word_1_295' title='bbox 1562 4401 1639 4449; x_wconf 82' lang='lat' dir='ltr'>in-</span> 
     </span>
    </p>
   </div>
   <div class='ocr_carea' id='block_1_9' title="bbox 1690 2925 2817 3182">
    <p class='ocr_par' dir='ltr' id='par_1_13' title="bbox 1690 2925 2817 3182">
     <span class='ocr_line' id='line_1_53' title="bbox 1690 2925 2813 3006; baseline 0.004 -32"><span class='ocrx_word' id='word_1_296' title='bbox 1690 2925 2017 3001; x_wconf 77' lang='lat' dir='ltr'>surgentibus,</span> <span class='ocrx_word' id='word_1_297' title='bbox 2062 2925 2116 2975; x_wconf 88' lang='lat' dir='ltr'>id</span> <span class='ocrx_word' id='word_1_298' title='bbox 2150 2942 2279 3006; x_wconf 70' lang='lat' dir='ltr'>nunc</span> <span class='ocrx_word' id='word_1_299' title='bbox 2312 2927 2429 2976; x_wconf 73' lang='lat' dir='ltr'>Jovi</span> <span class='ocrx_word' id='word_1_300' title='bbox 2470 2926 2672 2977; x_wconf 76' lang='lat' dir='ltr'>tribuit:</span> <span class='ocrx_word' id='word_1_301' title='bbox 2714 2937 2813 3004; x_wconf 61' lang='lat' dir='ltr'>Jor-</span> 
     </span>
     <span class='ocr_line' id='line_1_54' title="bbox 1690 2993 2817 3130; baseline 0.004 -28"><span class='ocrx_word' id='word_1_302' title='bbox 1690 2997 1867 3130; x_wconf 42' lang='lat' dir='ltr'>gage-:s</span> <span class='ocrx_word' id='word_1_303' title='bbox 1878 3007 2107 3118; x_wconf 46' lang='lat' dir='ltr'>giam„</span> <span class='ocrx_word' id='word_1_304' title='bbox 2120 2993 2427 3119; x_wconf 53' lang='lat' dir='ltr'>tandemqulii²</span> <span class='ocrx_word' id='word_1_305' title='bbox 2448 3002 2641 3105; x_wconf 53' lang='lat' dir='ltr'>limis</span> <span class='ocrx_word' id='word_1_306' title='bbox 2648 3003 2817 3106; x_wconf 49' lang='lat' dir='ltr'>aiffilwtt’r</span> 
     </span>
     <span class='ocr_line' id='line_1_55' title="bbox 1692 3119 2815 3182; baseline 0.004 -17"><span class='ocrx_word' id='word_1_307' title='bbox 1692 3131 2007 3182; x_wconf 79' lang='lat' dir='ltr'>expnmatur,</span> <span class='ocrx_word' id='word_1_308' title='bbox 2030 3119 2173 3168; x_wconf 77' lang='lat' dir='ltr'>facit:</span> <span class='ocrx_word' id='word_1_309' title='bbox 2208 3123 2318 3168; x_wconf 76' lang='lat' dir='ltr'>eoelo</span> <span class='ocrx_word' id='word_1_310' title='bbox 2351 3137 2463 3169; x_wconf 74' lang='lat' dir='ltr'>ewa</span> <span class='ocrx_word' id='word_1_311' title='bbox 2497 3124 2663 3170; x_wconf 70' lang='lat' dir='ltr'>nubilo</span> <span class='ocrx_word' id='word_1_312' title='bbox 2692 3139 2815 3170; x_wconf 72' lang='lat' dir='ltr'>ras·-</span> 
     </span>
    </p>
   </div>
   <div class='ocr_carea' id='block_1_10' title="bbox 1688 3186 1779 3244">
    <p class='ocr_par' dir='ltr' id='par_1_14' title="bbox 1688 3186 1779 3244">
     <span class='ocr_line' id='line_1_56' title="bbox 1688 3186 1779 3244; baseline 0.022 -16"><span class='ocrx_word' id='word_1_313' title='bbox 1688 3186 1779 3244; x_wconf 74' lang='lat' dir='ltr'>pu.</span> 
     </span>
    </p>
   </div>
   <div class='ocr_carea' id='block_1_11' title="bbox 1692 3245 2837 4464">
    <p class='ocr_par' dir='ltr' id='par_1_15' title="bbox 1692 3245 2826 3742">
     <span class='ocr_line' id='line_1_57' title="bbox 1760 3245 2821 3310; baseline 0.005 -17"><span class='ocrx_word' id='word_1_314' title='bbox 1760 3245 1869 3296; x_wconf 80' lang='lat'>6⁷2.</span> <span class='ocrx_word' id='word_1_315' title='bbox 1910 3246 2171 3310; x_wconf 75' lang='lat' dir='ltr'>Ingeniosa</span> <span class='ocrx_word' id='word_1_316' title='bbox 2206 3259 2283 3296; x_wconf 88' lang='lat' dir='ltr'>est</span> <span class='ocrx_word' id='word_1_317' title='bbox 2314 3263 2434 3297; x_wconf 89' lang='lat' dir='ltr'>usus</span> <span class='ocrx_word' id='word_1_318' title='bbox 2468 3248 2577 3297; x_wconf 83' lang='lat' dir='ltr'>loco</span> <span class='ocrx_word' id='word_1_319' title='bbox 2610 3249 2753 3298; x_wconf 81' lang='lat' dir='ltr'>Iliad.</span> <span class='ocrx_word' id='word_1_320' title='bbox 2772 3269 2821 3310; x_wconf 82' lang='grc' dir='ltr'>μ,</span> 
     </span>
     <span class='ocr_line' id='line_1_58' title="bbox 1698 3310 2821 3378; baseline 0.005 -22"><span class='ocrx_word' id='word_1_321' title='bbox 1698 3310 1790 3361; x_wconf 83' lang='grc'>127</span> <span class='ocrx_word' id='word_1_322' title='bbox 1813 3325 1913 3374; x_wconf 81' lang='lat' dir='ltr'>sqq.</span> <span class='ocrx_word' id='word_1_323' title='bbox 1940 3322 1991 3358; x_wconf 86' lang='lat' dir='ltr'>et</span> <span class='ocrx_word' id='word_1_324' title='bbox 2022 3312 2241 3374; x_wconf 75' lang='lat' dir='ltr'>respexit</span> <span class='ocrx_word' id='word_1_325' title='bbox 2271 3312 2368 3361; x_wconf 91' lang='lat' dir='ltr'>duo</span> <span class='ocrx_word' id='word_1_326' title='bbox 2396 3312 2650 3376; x_wconf 86' lang='lat' dir='ltr'>Lapithas,</span> <span class='ocrx_word' id='word_1_327' title='bbox 2676 3313 2821 3378; x_wconf 82' lang='lat' dir='ltr'>Poly-</span> 
     </span>
     <span class='ocr_line' id='line_1_59' title="bbox 1692 3375 2825 3440; baseline 0.004 -18"><span class='ocrx_word' id='word_1_328' title='bbox 1692 3384 1866 3437; x_wconf 84' lang='lat' dir='ltr'>poeten.</span> <span class='ocrx_word' id='word_1_329' title='bbox 1881 3385 1933 3423; x_wconf 87' lang='lat' dir='ltr'>et</span> <span class='ocrx_word' id='word_1_330' title='bbox 1954 3375 2241 3434; x_wconf 74' lang='lat' dir='ltr'>Leonteum,</span> <span class='ocrx_word' id='word_1_331' title='bbox 2266 3391 2356 3440; x_wconf 85' lang='lat' dir='ltr'>pro</span> <span class='ocrx_word' id='word_1_332' title='bbox 2378 3377 2535 3440; x_wconf 86' lang='lat' dir='ltr'>portis</span> <span class='ocrx_word' id='word_1_333' title='bbox 2554 3387 2825 3426; x_wconf 84' lang='lat' dir='ltr'>castrorum</span> 
     </span>
     <span class='ocr_line' id='line_1_60' title="bbox 1694 3439 2826 3491; baseline 0.004 -5"><span class='ocrx_word' id='word_1_334' title='bbox 1694 3439 1995 3488; x_wconf 76' lang='lat' dir='ltr'>Achivorum</span> <span class='ocrx_word' id='word_1_335' title='bbox 2030 3449 2228 3489; x_wconf 80' lang='lat' dir='ltr'>stantes.</span> <span class='ocrx_word' id='word_1_336' title='bbox 2286 3441 2357 3488; x_wconf 91' lang='lat' dir='ltr'>Ut</span> <span class='ocrx_word' id='word_1_337' title='bbox 2380 3441 2658 3490; x_wconf 81' lang='lat' dir='ltr'>silvestrem</span> <span class='ocrx_word' id='word_1_338' title='bbox 2688 3441 2826 3491; x_wconf 85' lang='lat' dir='ltr'>daret</span> 
     </span>
     <span class='ocr_line' id='line_1_61' title="bbox 1694 3501 2825 3566; baseline 0.004 -16"><span class='ocrx_word' id='word_1_339' title='bbox 1694 3502 1767 3550; x_wconf 86' lang='lat' dir='ltr'>ori</span> <span class='ocrx_word' id='word_1_340' title='bbox 1804 3501 1935 3551; x_wconf 80' lang='lat' dir='ltr'>‘nem</span> <span class='ocrx_word' id='word_1_341' title='bbox 1956 3503 2200 3566; x_wconf 72' lang='lat' dir='ltr'>stan-ibus,</span> <span class='ocrx_word' id='word_1_342' title='bbox 2225 3503 2277 3552; x_wconf 86' lang='lat' dir='ltr'>in</span> <span class='ocrx_word' id='word_1_343' title='bbox 2300 3513 2466 3553; x_wconf 87' lang='lat' dir='ltr'>monte</span> <span class='ocrx_word' id='word_1_344' title='bbox 2487 3505 2579 3554; x_wconf 80' lang='lat' dir='ltr'>Ida</span> <span class='ocrx_word' id='word_1_345' title='bbox 2597 3507 2825 3554; x_wconf 76' lang='lat' dir='ltr'>edoeatos</span> 
     </span>
     <span class='ocr_line' id='line_1_62' title="bbox 1695 3565 2825 3642; baseline 0.004 -28"><span class='ocrx_word' id='word_1_346' title='bbox 1695 3575 1770 3614; x_wconf 87' lang='lat' dir='ltr'>tra</span> <span class='ocrx_word' id='word_1_347' title='bbox 1806 3565 1857 3623; x_wconf 88' lang='lat' dir='ltr'>&#39;t,</span> <span class='ocrx_word' id='word_1_348' title='bbox 1882 3567 1934 3614; x_wconf 91' lang='lat' dir='ltr'>in</span> <span class='ocrx_word' id='word_1_349' title='bbox 1957 3567 2068 3616; x_wconf 86' lang='lat' dir='ltr'>luco</span> <span class='ocrx_word' id='word_1_350' title='bbox 2089 3568 2119 3617; x_wconf 79' lang='lat' dir='ltr'>J</span> <span class='ocrx_word' id='word_1_351' title='bbox 2123 3569 2228 3616; x_wconf 81' lang='lat' dir='ltr'>ovis</span> <span class='ocrx_word' id='word_1_352' title='bbox 2252 3568 2401 3624; x_wconf 78' lang='lat' dir='ltr'>ldaei;</span> <span class='ocrx_word' id='word_1_353' title='bbox 2428 3569 2721 3642; x_wconf 79' lang='lat' dir='ltr'>parentilms</span> <span class='ocrx_word' id='word_1_354' title='bbox 2742 3570 2825 3618; x_wconf 83' lang='lat' dir='ltr'>sil·</span> 
     </span>
     <span class='ocr_line' id='line_1_63' title="bbox 1696 3630 2825 3742; baseline 0.003 -63"><span class='ocrx_word' id='word_1_355' title='bbox 1696 3639 1907 3742; x_wconf 57' lang='grc' dir='ltr'>νριῖῑωιη</span> <span class='ocrx_word' id='word_1_356' title='bbox 1928 3630 1983 3679; x_wconf 86' lang='lat' dir='ltr'>in</span> <span class='ocrx_word' id='word_1_357' title='bbox 2014 3632 2293 3681; x_wconf 87' lang='lat' dir='ltr'>nemoribus</span> <span class='ocrx_word' id='word_1_358' title='bbox 2324 3632 2471 3681; x_wconf 74' lang='lat' dir='ltr'>Idaels</span> <span class='ocrx_word' id='word_1_359' title='bbox 2500 3631 2656 3682; x_wconf 82' lang='lat' dir='ltr'>vitam</span> <span class='ocrx_word' id='word_1_360' title='bbox 2676 3649 2825 3697; x_wconf 79' lang='lat' dir='ltr'>agen-</span> 
     </span>
     <span class='ocr_line' id='line_1_64' title="bbox 1700 3705 1843 3742; baseline 0 0"><span class='ocrx_word' id='word_1_361' title='bbox 1700 3705 1737 3742; x_wconf 73' lang='lat'>21</span> <span class='ocrx_word' id='word_1_362' title='bbox 1774 3709 1843 3742; x_wconf 66' lang='lat' dir='ltr'>un.</span> 
     </span>
    </p>

    <p class='ocr_par' dir='ltr' id='par_1_16' title="bbox 1702 3757 2829 3999">
     <span class='ocr_line' id='line_1_65' title="bbox 1766 3757 2828 3824; baseline 0.004 -18"><span class='ocrx_word' id='word_1_363' title='bbox 1766 3757 1875 3808; x_wconf 77' lang='lat'><strong>6⁷4.</strong></span> <span class='ocrx_word' id='word_1_364' title='bbox 1911 3757 2174 3823; x_wconf 57' lang='lat' dir='ltr'>’samem</span> <span class='ocrx_word' id='word_1_365' title='bbox 2194 3760 2401 3811; x_wconf 72' lang='grc' dir='ltr'>ἐοικότες</span> <span class='ocrx_word' id='word_1_366' title='bbox 2420 3761 2663 3824; x_wconf 69' lang='grc' dir='ltr'><strong><em>ὑψηλῇσω</em></strong></span> <span class='ocrx_word' id='word_1_367' title='bbox 2686 3761 2828 3810; x_wconf 82' lang='lat' dir='ltr'>Iliad.</span> 
     </span>
     <span class='ocr_line' id='line_1_66' title="bbox 1704 3823 2829 3881; baseline 0.003 -10"><span class='ocrx_word' id='word_1_368' title='bbox 1704 3841 1740 3881; x_wconf 81' lang='grc' dir='ltr'>ε,</span> <span class='ocrx_word' id='word_1_369' title='bbox 1782 3823 1894 3872; x_wconf 79' lang='grc'><strong>560.</strong></span> <span class='ocrx_word' id='word_1_370' title='bbox 1968 3825 2095 3872; x_wconf 89' lang='lat' dir='ltr'>Cum</span> <span class='ocrx_word' id='word_1_371' title='bbox 2138 3825 2317 3874; x_wconf 84' lang='lat' dir='ltr'>montis</span> <span class='ocrx_word' id='word_1_372' title='bbox 2367 3835 2533 3874; x_wconf 86' lang='lat' dir='ltr'>autem</span> <span class='ocrx_word' id='word_1_373' title='bbox 2574 3826 2829 3876; x_wconf 79' lang='lat' dir='ltr'>cacumine</span> 
     </span>
     <span class='ocr_line' id='line_1_67' title="bbox 1702 3887 2829 3999; baseline 0.004 -65"><span class='ocrx_word' id='word_1_374' title='bbox 1702 3896 2011 3999; x_wconf 59' lang='grc' dir='ltr'>οῶιὲιρωωι·</span> <span class='ocrx_word' id='word_1_375' title='bbox 2054 3887 2383 3952; x_wconf 85' lang='lat' dir='ltr'>Polyphemus</span> <span class='ocrx_word' id='word_1_376' title='bbox 2423 3889 2597 3952; x_wconf 72' lang='lat' dir='ltr'>odyss.</span> <span class='ocrx_word' id='word_1_377' title='bbox 2644 3910 2675 3948; x_wconf 80' lang='grc' dir='ltr'>ι,</span> <span class='ocrx_word' id='word_1_378' title='bbox 2722 3891 2829 3948; x_wconf 79' lang='grc'><strong>191,</strong></span> 
     </span>
    </p>

    <p class='ocr_par' dir='ltr' id='par_1_17' title="bbox 1706 4015 2835 4336">
     <span class='ocr_line' id='line_1_68' title="bbox 1770 4015 2831 4078; baseline 0.004 -15"><span class='ocrx_word' id='word_1_379' title='bbox 1770 4015 1881 4066; x_wconf 80' lang='lat'><strong>675.</strong></span> <span class='ocrx_word' id='word_1_380' title='bbox 1936 4018 2195 4075; x_wconf 69' lang='lat' dir='ltr'>Comisse,</span> <span class='ocrx_word' id='word_1_381' title='bbox 2236 4016 2367 4065; x_wconf 84' lang='lat' dir='ltr'>baud</span> <span class='ocrx_word' id='word_1_382' title='bbox 2419 4016 2583 4074; x_wconf 83' lang='lat' dir='ltr'>dubie,</span> <span class='ocrx_word' id='word_1_383' title='bbox 2628 4018 2831 4078; x_wconf 79' lang='lat' dir='ltr'>credita,</span> 
     </span>
     <span class='ocr_line' id='line_1_69' title="bbox 1706 4079 2833 4147; baseline 0.003 -19"><span class='ocrx_word' id='word_1_384' title='bbox 1706 4079 1941 4128; x_wconf 65' lang='lat' dir='ltr'>custodie</span> <span class='ocrx_word' id='word_1_385' title='bbox 1962 4095 2131 4128; x_wconf 88' lang='lat' dir='ltr'>eorum</span> <span class='ocrx_word' id='word_1_386' title='bbox 2161 4096 2192 4129; x_wconf 88' lang='lat' dir='ltr'>a</span> <span class='ocrx_word' id='word_1_387' title='bbox 2212 4081 2337 4130; x_wconf 89' lang='lat' dir='ltr'>duce</span> <span class='ocrx_word' id='word_1_388' title='bbox 2371 4081 2626 4142; x_wconf 71' lang='lat' dir='ltr'>mandata:</span> <span class='ocrx_word' id='word_1_389' title='bbox 2654 4091 2705 4130; x_wconf 84' lang='lat' dir='ltr'>et</span> <span class='ocrx_word' id='word_1_390' title='bbox 2724 4099 2833 4147; x_wconf 84' lang='lat' dir='ltr'>sup.</span> 
     </span>
     <span class='ocr_line' id='line_1_70' title="bbox 1714 4143 2835 4206; baseline 0.003 -14"><span class='ocrx_word' id='word_1_391' title='bbox 1714 4143 1821 4201; x_wconf 82' lang='lat'>1⁷6,</span> <span class='ocrx_word' id='word_1_392' title='bbox 1858 4147 2002 4192; x_wconf 74' lang='lat' dir='ltr'>Nisus</span> <span class='ocrx_word' id='word_1_393' title='bbox 2038 4153 2143 4192; x_wconf 78' lang='lat' dir='ltr'>erat</span> <span class='ocrx_word' id='word_1_394' title='bbox 2172 4153 2321 4206; x_wconf 70' lang='lat' dir='ltr'>porta</span> <span class='ocrx_word' id='word_1_395' title='bbox 2362 4153 2524 4194; x_wconf 72' lang='lat' dir='ltr'>custos.</span> <span class='ocrx_word' id='word_1_396' title='bbox 2588 4149 2835 4203; x_wconf 69' lang='lat' dir='ltr'>Hoeas&#39;bas,</span> 
     </span>
     <span class='ocr_line' id='line_1_71' title="bbox 1706 4208 2832 4273; baseline 0.004 -17"><span class='ocrx_word' id='word_1_397' title='bbox 1706 4208 1759 4256; x_wconf 88' lang='lat' dir='ltr'>in</span> <span class='ocrx_word' id='word_1_398' title='bbox 1776 4208 1971 4258; x_wconf 83' lang='lat' dir='ltr'>moenia.</span> <span class='ocrx_word' id='word_1_399' title='bbox 2022 4211 2117 4258; x_wconf 80' lang='lat' dir='ltr'>Pro</span> <span class='ocrx_word' id='word_1_400' title='bbox 2137 4211 2357 4267; x_wconf 68' lang='lat' dir='ltr'>mribus,</span> <span class='ocrx_word' id='word_1_401' title='bbox 2372 4209 2479 4258; x_wconf 69' lang='grc' dir='ltr'>ἀντὶ</span> <span class='ocrx_word' id='word_1_402' title='bbox 2496 4209 2704 4273; x_wconf 58' lang='grc' dir='ltr'>πύργοι,</span> <span class='ocrx_word' id='word_1_403' title='bbox 2724 4223 2832 4259; x_wconf 82' lang='lat' dir='ltr'>tan-</span> 
     </span>
     <span class='ocr_line' id='line_1_72' title="bbox 1706 4273 2207 4336; baseline 0.002 -16"><span class='ocrx_word' id='word_1_404' title='bbox 1706 4289 1853 4336; x_wconf 86' lang='lat' dir='ltr'>quam</span> <span class='ocrx_word' id='word_1_405' title='bbox 1885 4273 2013 4322; x_wconf 77' lang='lat' dir='ltr'>binae</span> <span class='ocrx_word' id='word_1_406' title='bbox 2034 4281 2207 4321; x_wconf 84' lang='lat' dir='ltr'>turres.</span> 
     </span>
    </p>

    <p class='ocr_par' dir='ltr' id='par_1_18' title="bbox 1707 4336 2837 4464">
     <span class='ocr_line' id='line_1_73' title="bbox 1774 4336 2837 4402; baseline 0.003 -18"><span class='ocrx_word' id='word_1_407' title='bbox 1774 4337 1885 4388; x_wconf 86' lang='grc'><strong>679.</strong></span> <span class='ocrx_word' id='word_1_408' title='bbox 1932 4337 2143 4386; x_wconf 81' lang='lat' dir='ltr'>Ornavit</span> <span class='ocrx_word' id='word_1_409' title='bbox 2178 4345 2325 4402; x_wconf 84' lang='lat' dir='ltr'>poeta</span> <span class='ocrx_word' id='word_1_410' title='bbox 2357 4336 2601 4400; x_wconf 70' lang='lat' dir='ltr'>atljunctis</span> <span class='ocrx_word' id='word_1_411' title='bbox 2634 4354 2665 4386; x_wconf 83' lang='lat' dir='ltr'>a</span> <span class='ocrx_word' id='word_1_412' title='bbox 2700 4347 2837 4387; x_wconf 72' lang='lat' dir='ltr'>ces-to</span> 
     </span>
     <span class='ocr_line' id='line_1_74' title="bbox 1707 4401 2837 4464; baseline 0.002 -15"><span class='ocrx_word' id='word_1_413' title='bbox 1707 4415 1887 4462; x_wconf 73' lang='lat' dir='ltr'>genere</span> <span class='ocrx_word' id='word_1_414' title='bbox 1931 4417 1989 4449; x_wconf 85' lang='lat' dir='ltr'>ac</span> <span class='ocrx_word' id='word_1_415' title='bbox 2028 4401 2135 4450; x_wconf 90' lang='lat' dir='ltr'>loco</span> <span class='ocrx_word' id='word_1_416' title='bbox 2180 4401 2349 4464; x_wconf 85' lang='lat' dir='ltr'>petitis</span> <span class='ocrx_word' id='word_1_417' title='bbox 2386 4402 2519 4452; x_wconf 83' lang='lat' dir='ltr'>circa</span> <span class='ocrx_word' id='word_1_418' title='bbox 2556 4401 2749 4451; x_wconf 85' lang='lat' dir='ltr'>Padum</span> <span class='ocrx_word' id='word_1_419' title='bbox 2786 4411 2837 4451; x_wconf 88' lang='lat' dir='ltr'>et</span> 
     </span>
    </p>
   </div>
  </div>
 </body>
</html>
