<?xml version="1.0" encoding="UTF-8"?>
<!DOCTYPE html PUBLIC "-//W3C//DTD XHTML 1.0 Transitional//EN"
    "http://www.w3.org/TR/xhtml1/DTD/xhtml1-transitional.dtd">
<html xmlns="http://www.w3.org/1999/xhtml" xml:lang="en" lang="en">
 <head>
  <title>
</title>
<meta http-equiv="Content-Type" content="text/html;charset=utf-8" />
  <meta name='ocr-system' content='tesseract 3.04.00' />
  <meta name='ocr-capabilities' content='ocr_page ocr_carea ocr_par ocr_line ocrx_word'/>
</head>
<body>
  <div class='ocr_page' id='page_1' title='image "./publiivirgiliim00unkngoog_0313.png"; bbox 0 0 3050 4934; ppageno 0'>
   <div class='ocr_carea' id='block_1_1' title="bbox 485 212 620 278">
    <p class='ocr_par' dir='ltr' id='par_1_1' title="bbox 485 212 620 278">
     <span class='ocr_line' id='line_1_1' title="bbox 485 212 620 278; baseline 0 0"><span class='ocrx_word' id='word_1_1' title='bbox 485 212 620 278; x_wconf 72' lang='lat'><strong>302</strong></span> 
     </span>
    </p>
   </div>
   <div class='ocr_carea' id='block_1_2' title="bbox 1378 210 1907 277">
    <p class='ocr_par' dir='ltr' id='par_1_2' title="bbox 1378 210 1907 277">
     <span class='ocr_line' id='line_1_2' title="bbox 1378 210 1907 277; baseline 0 0"><span class='ocrx_word' id='word_1_2' title='bbox 1378 210 1907 277; x_wconf 88' lang='lat' dir='ltr'>AENEIDOS</span> 
     </span>
    </p>
   </div>
   <div class='ocr_carea' id='block_1_3' title="bbox 483 357 2621 2263">
    <p class='ocr_par' dir='ltr' id='par_1_3' title="bbox 657 357 2601 447">
     <span class='ocr_line' id='line_1_3' title="bbox 657 357 2601 447; baseline -0.003 -20"><span class='ocrx_word' id='word_1_3' title='bbox 657 362 752 427; x_wconf 84' lang='lat' dir='ltr'><strong>Et</strong></span> <span class='ocrx_word' id='word_1_4' title='bbox 782 362 1136 447; x_wconf 74' lang='lat' dir='ltr'><strong>Phrygiam</strong></span> <span class='ocrx_word' id='word_1_5' title='bbox 1165 360 1454 427; x_wconf 86' lang='lat' dir='ltr'><strong>Ascanio</strong></span> <span class='ocrx_word' id='word_1_6' title='bbox 1481 362 1923 447; x_wconf 78' lang='lat' dir='ltr'><strong>chlamydem3</strong></span> <span class='ocrx_word' id='word_1_7' title='bbox 1968 381 2093 425; x_wconf 83' lang='lat' dir='ltr'><strong>nec</strong></span> <span class='ocrx_word' id='word_1_8' title='bbox 2120 359 2295 424; x_wconf 86' lang='lat' dir='ltr'><strong>cedit</strong></span> <span class='ocrx_word' id='word_1_9' title='bbox 2324 357 2601 436; x_wconf 83' lang='lat' dir='ltr'><strong>honori;</strong></span> 
     </span>
    </p>

    <p class='ocr_par' dir='ltr' id='par_1_4' title="bbox 483 461 2621 851">
     <span class='ocr_line' id='line_1_4' title="bbox 483 461 2202 549; baseline 0 -24"><span class='ocrx_word' id='word_1_10' title='bbox 483 462 614 526; x_wconf 84' lang='lat'><strong>485</strong></span> <span class='ocrx_word' id='word_1_11' title='bbox 660 462 1166 547; x_wconf 85' lang='lat' dir='ltr'><strong>Textilibusque</strong></span> <span class='ocrx_word' id='word_1_12' title='bbox 1197 474 1427 527; x_wconf 88' lang='lat' dir='ltr'><strong>onerat</strong></span> <span class='ocrx_word' id='word_1_13' title='bbox 1457 463 1673 549; x_wconf 86' lang='lat' dir='ltr'><strong>donis,</strong></span> <span class='ocrx_word' id='word_1_14' title='bbox 1702 485 1781 527; x_wconf 81' lang='lat' dir='ltr'><strong>ac</strong></span> <span class='ocrx_word' id='word_1_15' title='bbox 1808 462 1965 527; x_wconf 78' lang='lat' dir='ltr'><strong>talia</strong></span> <span class='ocrx_word' id='word_1_16' title='bbox 1990 461 2202 527; x_wconf 71' lang='lat' dir='ltr'><strong>sature</strong></span> 
     </span>
     <span class='ocr_line' id='line_1_5' title="bbox 657 562 2572 649; baseline -0.003 -20"><span class='ocrx_word' id='word_1_17' title='bbox 657 562 908 649; x_wconf 85' lang='lat' dir='ltr'><strong>Accipe</strong></span> <span class='ocrx_word' id='word_1_18' title='bbox 937 575 1006 629; x_wconf 90' lang='lat' dir='ltr'><strong>et</strong></span> <span class='ocrx_word' id='word_1_19' title='bbox 1034 564 1202 641; x_wconf 80' lang='lat' dir='ltr'><strong>haec,</strong></span> <span class='ocrx_word' id='word_1_20' title='bbox 1229 586 1488 629; x_wconf 77' lang='lat' dir='ltr'><strong>manum</strong></span> <span class='ocrx_word' id='word_1_21' title='bbox 1517 565 1636 629; x_wconf 90' lang='lat' dir='ltr'><strong>tibi</strong></span> <span class='ocrx_word' id='word_1_22' title='bbox 1664 586 1813 649; x_wconf 77' lang='lat' dir='ltr'><strong>quse</strong></span> <span class='ocrx_word' id='word_1_23' title='bbox 1840 573 2257 629; x_wconf 88' lang='lat' dir='ltr'><strong>monumenta</strong></span> <span class='ocrx_word' id='word_1_24' title='bbox 2284 582 2572 625; x_wconf 80' lang='lat' dir='ltr'><strong>mearum</strong></span> 
     </span>
     <span class='ocr_line' id='line_1_6' title="bbox 657 663 2621 749; baseline -0.001 -20"><span class='ocrx_word' id='word_1_25' title='bbox 657 664 826 743; x_wconf 87' lang='lat' dir='ltr'><strong>Sint,</strong></span> <span class='ocrx_word' id='word_1_26' title='bbox 857 687 1046 749; x_wconf 87' lang='lat' dir='ltr'><strong>puer,</strong></span> <span class='ocrx_word' id='word_1_27' title='bbox 1077 674 1148 729; x_wconf 89' lang='lat' dir='ltr'><strong>et</strong></span> <span class='ocrx_word' id='word_1_28' title='bbox 1171 663 1442 748; x_wconf 81' lang='lat' dir='ltr'><strong>longum</strong></span> <span class='ocrx_word' id='word_1_29' title='bbox 1465 664 1953 730; x_wconf 79' lang='lat' dir='ltr'><strong>Andromachoe</strong></span> <span class='ocrx_word' id='word_1_30' title='bbox 1982 674 2309 729; x_wconf 76' lang='lat' dir='ltr'><strong>testentur</strong></span> <span class='ocrx_word' id='word_1_31' title='bbox 2336 684 2621 727; x_wconf 82' lang='lat' dir='ltr'><strong>amorem</strong></span> 
     </span>
     <span class='ocr_line' id='line_1_7' title="bbox 658 765 2477 851; baseline 0 -22"><span class='ocrx_word' id='word_1_32' title='bbox 658 765 974 851; x_wconf 86' lang='lat' dir='ltr'><strong>Conjugis</strong></span> <span class='ocrx_word' id='word_1_33' title='bbox 1007 765 1382 831; x_wconf 71' lang='lat' dir='ltr'><strong>Hectoreae.</strong></span> <span class='ocrx_word' id='word_1_34' title='bbox 1455 765 1640 850; x_wconf 88' lang='lat' dir='ltr'><strong>Cape</strong></span> <span class='ocrx_word' id='word_1_35' title='bbox 1666 766 1843 831; x_wconf 86' lang='lat' dir='ltr'><strong>dona</strong></span> <span class='ocrx_word' id='word_1_36' title='bbox 1870 776 2165 831; x_wconf 84' lang='lat' dir='ltr'><strong>extrema</strong></span> <span class='ocrx_word' id='word_1_37' title='bbox 2192 775 2477 839; x_wconf 87' lang='lat' dir='ltr'><strong>tuorum,</strong></span> 
     </span>
    </p>

    <p class='ocr_par' dir='ltr' id='par_1_5' title="bbox 659 865 2185 951">
     <span class='ocr_line' id='line_1_8' title="bbox 659 865 2185 951; baseline -0.001 -20"><span class='ocrx_word' id='word_1_38' title='bbox 659 867 724 931; x_wconf 93' lang='grc' dir='ltr'><strong>Ο</strong></span> <span class='ocrx_word' id='word_1_39' title='bbox 754 866 911 931; x_wconf 85' lang='lat' dir='ltr'><strong>mihi</strong></span> <span class='ocrx_word' id='word_1_40' title='bbox 941 865 1080 931; x_wconf 89' lang='lat' dir='ltr'><strong>sola</strong></span> <span class='ocrx_word' id='word_1_41' title='bbox 1108 867 1234 931; x_wconf 90' lang='lat' dir='ltr'><strong>mei</strong></span> <span class='ocrx_word' id='word_1_42' title='bbox 1265 888 1466 951; x_wconf 88' lang='lat' dir='ltr'><strong>super</strong></span> <span class='ocrx_word' id='word_1_43' title='bbox 1493 865 1919 949; x_wconf 76' lang='lat' dir='ltr'><strong>Astyanactis</strong></span> <span class='ocrx_word' id='word_1_44' title='bbox 1946 866 2185 949; x_wconf 84' lang='lat' dir='ltr'><strong>imago.</strong></span> 
     </span>
    </p>

    <p class='ocr_par' dir='ltr' id='par_1_6' title="bbox 485 966 2231 1151">
     <span class='ocr_line' id='line_1_9' title="bbox 485 966 2231 1045; baseline -0.002 -13"><span class='ocrx_word' id='word_1_45' title='bbox 485 968 617 1031; x_wconf 78' lang='lat'><strong>490</strong></span> <span class='ocrx_word' id='word_1_46' title='bbox 660 969 776 1043; x_wconf 59' lang='lat' dir='ltr'><strong>Sic,</strong></span> <span class='ocrx_word' id='word_1_47' title='bbox 801 966 1047 1045; x_wconf 87' lang='lat' dir='ltr'><strong>oculos,</strong></span> <span class='ocrx_word' id='word_1_48' title='bbox 1081 968 1174 1032; x_wconf 89' lang='lat' dir='ltr'><strong>sic</strong></span> <span class='ocrx_word' id='word_1_49' title='bbox 1201 966 1308 1032; x_wconf 90' lang='lat' dir='ltr'><strong>ille</strong></span> <span class='ocrx_word' id='word_1_50' title='bbox 1337 990 1593 1043; x_wconf 72' lang='lat' dir='ltr'><strong>manue,</strong></span> <span class='ocrx_word' id='word_1_51' title='bbox 1624 968 1717 1031; x_wconf 89' lang='lat' dir='ltr'><strong>sic</strong></span> <span class='ocrx_word' id='word_1_52' title='bbox 1746 989 1863 1031; x_wconf 90' lang='lat' dir='ltr'><strong>ora</strong></span> <span class='ocrx_word' id='word_1_53' title='bbox 1890 967 2185 1043; x_wconf 77' lang='lat' dir='ltr'><strong>ferebat3</strong></span> <span class='ocrx_word' id='word_1_54' title='bbox 2224 1000 2231 1006; x_wconf 93' lang='lat'>·</span> 
     </span>
     <span class='ocr_line' id='line_1_10' title="bbox 661 1060 2071 1151; baseline -0.001 -19"><span class='ocrx_word' id='word_1_55' title='bbox 661 1060 754 1132; x_wconf 89' lang='lat' dir='ltr'><strong>Et</strong></span> <span class='ocrx_word' id='word_1_56' title='bbox 781 1090 962 1133; x_wconf 85' lang='lat' dir='ltr'><strong>nunc</strong></span> <span class='ocrx_word' id='word_1_57' title='bbox 984 1067 1218 1151; x_wconf 80' lang='lat' dir='ltr'><strong>oequali</strong></span> <span class='ocrx_word' id='word_1_58' title='bbox 1245 1078 1460 1132; x_wconf 88' lang='lat' dir='ltr'><strong>tecum</strong></span> <span class='ocrx_word' id='word_1_59' title='bbox 1487 1068 1884 1151; x_wconf 80' lang='lat' dir='ltr'><strong>pubesceret</strong></span> <span class='ocrx_word' id='word_1_60' title='bbox 1910 1089 2071 1132; x_wconf 80' lang='lat' dir='ltr'><strong>oevo.</strong></span> 
     </span>
    </p>

    <p class='ocr_par' dir='ltr' id='par_1_7' title="bbox 657 1166 2271 1435">
     <span class='ocr_line' id='line_1_11' title="bbox 662 1166 2271 1255; baseline -0.002 -22"><span class='ocrx_word' id='word_1_61' title='bbox 662 1167 812 1233; x_wconf 90' lang='lat' dir='ltr'><strong>Hos</strong></span> <span class='ocrx_word' id='word_1_62' title='bbox 843 1191 972 1255; x_wconf 88' lang='lat' dir='ltr'><strong>ego</strong></span> <span class='ocrx_word' id='word_1_63' title='bbox 997 1168 1374 1252; x_wconf 81' lang='lat' dir='ltr'><strong>digrediens</strong></span> <span class='ocrx_word' id='word_1_64' title='bbox 1403 1166 1683 1232; x_wconf 86' lang='lat' dir='ltr'><strong>lacrimis</strong></span> <span class='ocrx_word' id='word_1_65' title='bbox 1712 1166 1963 1232; x_wconf 82' lang='lat' dir='ltr'><strong>affabar</strong></span> <span class='ocrx_word' id='word_1_66' title='bbox 1992 1168 2271 1233; x_wconf 85' lang='lat' dir='ltr'><strong>obortis:</strong></span> 
     </span>
     <span class='ocr_line' id='line_1_12' title="bbox 657 1267 2151 1354; baseline 0.001 -22"><span class='ocrx_word' id='word_1_67' title='bbox 657 1269 876 1333; x_wconf 86' lang='lat' dir='ltr'><strong>Vivite</strong></span> <span class='ocrx_word' id='word_1_68' title='bbox 908 1267 1153 1345; x_wconf 81' lang='lat' dir='ltr'><strong>felices,</strong></span> <span class='ocrx_word' id='word_1_69' title='bbox 1187 1270 1426 1352; x_wconf 89' lang='lat' dir='ltr'><strong>quibus</strong></span> <span class='ocrx_word' id='word_1_70' title='bbox 1455 1279 1563 1333; x_wconf 88' lang='lat' dir='ltr'><strong>est</strong></span> <span class='ocrx_word' id='word_1_71' title='bbox 1587 1268 1854 1335; x_wconf 83' lang='lat' dir='ltr'><strong>fortuna</strong></span> <span class='ocrx_word' id='word_1_72' title='bbox 1880 1280 2151 1354; x_wconf 81' lang='lat' dir='ltr'><strong>peracta</strong></span> 
     </span>
     <span class='ocr_line' id='line_1_13' title="bbox 665 1368 2221 1435; baseline 0 -2"><span class='ocrx_word' id='word_1_73' title='bbox 665 1368 712 1434; x_wconf 85' lang='lat' dir='ltr'>J</span> <span class='ocrx_word' id='word_1_74' title='bbox 713 1392 816 1433; x_wconf 86' lang='lat' dir='ltr'><strong>am</strong></span> <span class='ocrx_word' id='word_1_75' title='bbox 849 1393 968 1434; x_wconf 89' lang='lat' dir='ltr'><strong>sua</strong></span> <span class='ocrx_word' id='word_1_76' title='bbox 986 1394 1010 1433; x_wconf 67' lang='grc' dir='ltr'>ι</span> <span class='ocrx_word' id='word_1_77' title='bbox 1049 1391 1169 1434; x_wconf 91' lang='lat' dir='ltr'><strong>nos</strong></span> <span class='ocrx_word' id='word_1_78' title='bbox 1199 1368 1326 1433; x_wconf 85' lang='lat' dir='ltr'><strong>alia</strong></span> <span class='ocrx_word' id='word_1_79' title='bbox 1351 1390 1436 1434; x_wconf 86' lang='lat' dir='ltr'><strong>ex</strong></span> <span class='ocrx_word' id='word_1_80' title='bbox 1465 1369 1607 1435; x_wconf 86' lang='lat' dir='ltr'><strong>aliis</strong></span> <span class='ocrx_word' id='word_1_81' title='bbox 1637 1372 1704 1435; x_wconf 92' lang='lat' dir='ltr'><strong>in</strong></span> <span class='ocrx_word' id='word_1_82' title='bbox 1731 1370 1869 1435; x_wconf 84' lang='lat' dir='ltr'><strong>fata</strong></span> <span class='ocrx_word' id='word_1_83' title='bbox 1893 1392 2221 1435; x_wconf 82' lang='lat' dir='ltr'><strong>vocamur.</strong></span> 
     </span>
    </p>

    <p class='ocr_par' dir='ltr' id='par_1_8' title="bbox 486 1470 2489 1960">
     <span class='ocr_line' id='line_1_14' title="bbox 486 1470 2489 1556; baseline 0.001 -23"><span class='ocrx_word' id='word_1_84' title='bbox 486 1470 617 1533; x_wconf 82' lang='lat'><strong>495</strong></span> <span class='ocrx_word' id='word_1_85' title='bbox 663 1470 873 1535; x_wconf 82' lang='lat' dir='ltr'><strong>Vobis</strong></span> <span class='ocrx_word' id='word_1_86' title='bbox 904 1482 1094 1555; x_wconf 87' lang='lat' dir='ltr'><strong>parta</strong></span> <span class='ocrx_word' id='word_1_87' title='bbox 1121 1472 1341 1555; x_wconf 78' lang='lat' dir='ltr'><strong>quies:</strong></span> <span class='ocrx_word' id='word_1_88' title='bbox 1383 1470 1631 1536; x_wconf 91' lang='lat' dir='ltr'><strong>nullum</strong></span> <span class='ocrx_word' id='word_1_89' title='bbox 1662 1473 1857 1536; x_wconf 87' lang='lat' dir='ltr'><strong>maris</strong></span> <span class='ocrx_word' id='word_1_90' title='bbox 1890 1492 2115 1556; x_wconf 84' lang='lat' dir='ltr'><strong>aequor</strong></span> <span class='ocrx_word' id='word_1_91' title='bbox 2144 1471 2489 1547; x_wconf 80' lang='lat' dir='ltr'><strong>arandum3</strong></span> 
     </span>
     <span class='ocr_line' id='line_1_15' title="bbox 662 1569 2311 1657; baseline -0.001 -21"><span class='ocrx_word' id='word_1_92' title='bbox 662 1569 846 1636; x_wconf 87' lang='lat' dir='ltr'><strong>Arva</strong></span> <span class='ocrx_word' id='word_1_93' title='bbox 875 1593 1088 1656; x_wconf 89' lang='lat' dir='ltr'><strong>neque</strong></span> <span class='ocrx_word' id='word_1_94' title='bbox 1119 1572 1458 1650; x_wconf 81' lang='lat' dir='ltr'><strong>Ausonioe,</strong></span> <span class='ocrx_word' id='word_1_95' title='bbox 1491 1594 1749 1657; x_wconf 78' lang='lat' dir='ltr'><strong>semper</strong></span> <span class='ocrx_word' id='word_1_96' title='bbox 1778 1573 2079 1637; x_wconf 87' lang='lat' dir='ltr'><strong>cedentia</strong></span> <span class='ocrx_word' id='word_1_97' title='bbox 2108 1583 2311 1647; x_wconf 87' lang='lat' dir='ltr'><strong>retro,</strong></span> 
     </span>
     <span class='ocr_line' id='line_1_16' title="bbox 663 1672 2443 1759; baseline -0.001 -20"><span class='ocrx_word' id='word_1_98' title='bbox 663 1674 1066 1746; x_wconf 75' lang='lat' dir='ltr'><strong>Quaerenda.</strong></span> <span class='ocrx_word' id='word_1_99' title='bbox 1134 1672 1440 1756; x_wconf 84' lang='lat' dir='ltr'><strong>Effigiem</strong></span> <span class='ocrx_word' id='word_1_100' title='bbox 1471 1672 1725 1738; x_wconf 82' lang='lat' dir='ltr'><strong>Xanthi</strong></span> <span class='ocrx_word' id='word_1_101' title='bbox 1754 1673 2155 1759; x_wconf 87' lang='lat' dir='ltr'><strong>Trojamque</strong></span> <span class='ocrx_word' id='word_1_102' title='bbox 2184 1673 2443 1749; x_wconf 82' lang='lat' dir='ltr'><strong>videtis,</strong></span> 
     </span>
     <span class='ocr_line' id='line_1_17' title="bbox 662 1773 2347 1858; baseline -0.001 -20"><span class='ocrx_word' id='word_1_103' title='bbox 662 1775 882 1847; x_wconf 86' lang='lat' dir='ltr'><strong>Quam</strong></span> <span class='ocrx_word' id='word_1_104' title='bbox 911 1785 1148 1841; x_wconf 81' lang='lat' dir='ltr'><strong>vestroe</strong></span> <span class='ocrx_word' id='word_1_105' title='bbox 1177 1773 1394 1839; x_wconf 86' lang='lat' dir='ltr'><strong>fecere</strong></span> <span class='ocrx_word' id='word_1_106' title='bbox 1423 1796 1691 1851; x_wconf 79' lang='lat' dir='ltr'><strong>manus3</strong></span> <span class='ocrx_word' id='word_1_107' title='bbox 1736 1773 2133 1851; x_wconf 88' lang='lat' dir='ltr'><strong>melioribus,</strong></span> <span class='ocrx_word' id='word_1_108' title='bbox 2165 1785 2347 1858; x_wconf 90' lang='lat' dir='ltr'><strong>opto,</strong></span> 
     </span>
     <span class='ocr_line' id='line_1_18' title="bbox 660 1873 2261 1960; baseline -0.001 -22"><span class='ocrx_word' id='word_1_109' title='bbox 660 1873 1018 1960; x_wconf 85' lang='lat' dir='ltr'><strong>Auspiciis,</strong></span> <span class='ocrx_word' id='word_1_110' title='bbox 1049 1885 1118 1939; x_wconf 90' lang='lat' dir='ltr'><strong>et</strong></span> <span class='ocrx_word' id='word_1_111' title='bbox 1147 1897 1296 1958; x_wconf 80' lang='lat' dir='ltr'><strong>quae</strong></span> <span class='ocrx_word' id='word_1_112' title='bbox 1325 1873 1524 1940; x_wconf 85' lang='lat' dir='ltr'><strong>fuerit</strong></span> <span class='ocrx_word' id='word_1_113' title='bbox 1552 1876 1763 1939; x_wconf 88' lang='lat' dir='ltr'><strong>minus</strong></span> <span class='ocrx_word' id='word_1_114' title='bbox 1792 1877 1985 1940; x_wconf 81' lang='lat' dir='ltr'><strong>obvia</strong></span> <span class='ocrx_word' id='word_1_115' title='bbox 2016 1874 2261 1939; x_wconf 87' lang='lat' dir='ltr'><strong>Graiis.</strong></span> 
     </span>
    </p>

    <p class='ocr_par' dir='ltr' id='par_1_9' title="bbox 489 1973 2357 2263">
     <span class='ocr_line' id='line_1_19' title="bbox 489 1973 2357 2060; baseline 0 -21"><span class='ocrx_word' id='word_1_116' title='bbox 489 1977 618 2039; x_wconf 87' lang='lat'><strong>500</strong></span> <span class='ocrx_word' id='word_1_117' title='bbox 662 1976 733 2039; x_wconf 92' lang='lat' dir='ltr'><strong>Si</strong></span> <span class='ocrx_word' id='word_1_118' title='bbox 763 1975 1031 2059; x_wconf 82' lang='lat' dir='ltr'><strong>quando</strong></span> <span class='ocrx_word' id='word_1_119' title='bbox 1058 1973 1404 2058; x_wconf 83' lang='lat' dir='ltr'><strong>Thybrim,</strong></span> <span class='ocrx_word' id='word_1_120' title='bbox 1436 1976 1775 2059; x_wconf 86' lang='lat' dir='ltr'><strong>vicinaque</strong></span> <span class='ocrx_word' id='word_1_121' title='bbox 1806 1975 2169 2060; x_wconf 81' lang='lat' dir='ltr'><strong>Thybridis</strong></span> <span class='ocrx_word' id='word_1_122' title='bbox 2202 1997 2357 2039; x_wconf 80' lang='lat' dir='ltr'><strong>arva</strong></span> 
     </span>
     <span class='ocr_line' id='line_1_20' title="bbox 658 2076 2253 2160; baseline 0.001 -20"><span class='ocrx_word' id='word_1_123' title='bbox 658 2076 938 2153; x_wconf 63' lang='lat' dir='ltr'><strong>Intraro,</strong></span> <span class='ocrx_word' id='word_1_124' title='bbox 969 2077 1278 2160; x_wconf 82' lang='lat' dir='ltr'><strong>gentique</strong></span> <span class='ocrx_word' id='word_1_125' title='bbox 1307 2098 1472 2140; x_wconf 84' lang='lat' dir='ltr'><strong>meae</strong></span> <span class='ocrx_word' id='word_1_126' title='bbox 1501 2078 1657 2141; x_wconf 85' lang='lat' dir='ltr'><strong>data</strong></span> <span class='ocrx_word' id='word_1_127' title='bbox 1687 2079 1927 2143; x_wconf 87' lang='lat' dir='ltr'><strong>moenia</strong></span> <span class='ocrx_word' id='word_1_128' title='bbox 1956 2100 2253 2152; x_wconf 81' lang='lat' dir='ltr'><strong>cernam3</strong></span> 
     </span>
     <span class='ocr_line' id='line_1_21' title="bbox 661 2175 2326 2263; baseline 0 -22"><span class='ocrx_word' id='word_1_129' title='bbox 661 2177 991 2261; x_wconf 78' lang='lat' dir='ltr'><strong>Cognatas</strong></span> <span class='ocrx_word' id='word_1_130' title='bbox 1023 2178 1222 2242; x_wconf 89' lang='lat' dir='ltr'><strong>urbes</strong></span> <span class='ocrx_word' id='word_1_131' title='bbox 1252 2175 1422 2253; x_wconf 91' lang='lat' dir='ltr'><strong>olim,</strong></span> <span class='ocrx_word' id='word_1_132' title='bbox 1455 2175 1869 2262; x_wconf 90' lang='lat' dir='ltr'><strong>populosque</strong></span> <span class='ocrx_word' id='word_1_133' title='bbox 1899 2179 2326 2263; x_wconf 90' lang='lat' dir='ltr'><strong>propinquos,</strong></span> 
     </span>
    </p>
   </div>
   <div class='ocr_carea' id='block_1_4' title="bbox 483 2424 1621 4407">
    <p class='ocr_par' dir='ltr' id='par_1_10' title="bbox 483 2424 1621 4407">
     <span class='ocr_line' id='line_1_22' title="bbox 490 2424 1610 2478; baseline -0.004 -2"><span class='ocrx_word' id='word_1_134' title='bbox 490 2443 534 2476; x_wconf 83' lang='lat' dir='ltr'><strong>v.</strong></span> <span class='ocrx_word' id='word_1_135' title='bbox 559 2426 668 2478; x_wconf 79' lang='lat'><strong>470.</strong></span> <span class='ocrx_word' id='word_1_136' title='bbox 719 2424 850 2473; x_wconf 85' lang='lat' dir='ltr'><strong>Mira</strong></span> <span class='ocrx_word' id='word_1_137' title='bbox 871 2434 1032 2472; x_wconf 80' lang='lat' dir='ltr'><strong>tamen</strong></span> <span class='ocrx_word' id='word_1_138' title='bbox 1051 2440 1161 2472; x_wconf 89' lang='lat' dir='ltr'><strong>cum</strong></span> <span class='ocrx_word' id='word_1_139' title='bbox 1193 2432 1296 2473; x_wconf 85' lang='lat' dir='ltr'><strong>arte</strong></span> <span class='ocrx_word' id='word_1_140' title='bbox 1327 2424 1481 2472; x_wconf 86' lang='lat' dir='ltr'><strong>utitur</strong></span> <span class='ocrx_word' id='word_1_141' title='bbox 1505 2424 1610 2472; x_wconf 86' lang='lat' dir='ltr'><strong>An-</strong></span> 
     </span>
     <span class='ocr_line' id='line_1_23' title="bbox 488 2488 1611 2552; baseline -0.003 -13"><span class='ocrx_word' id='word_1_142' title='bbox 488 2490 773 2540; x_wconf 80' lang='lat' dir='ltr'><strong>dromaches</strong></span> <span class='ocrx_word' id='word_1_143' title='bbox 795 2488 996 2537; x_wconf 81' lang='lat' dir='ltr'><strong>affectu:</strong></span> <span class='ocrx_word' id='word_1_144' title='bbox 1033 2490 1093 2537; x_wconf 67' lang='lat' dir='ltr'><strong>cf.</strong></span> <span class='ocrx_word' id='word_1_145' title='bbox 1118 2504 1225 2552; x_wconf 88' lang='lat' dir='ltr'><strong>sup.</strong></span> <span class='ocrx_word' id='word_1_146' title='bbox 1251 2488 1327 2536; x_wconf 87' lang='lat' dir='ltr'><strong>ad.</strong></span> <span class='ocrx_word' id='word_1_147' title='bbox 1353 2488 1462 2539; x_wconf 82' lang='lat'><strong>337.</strong></span> <span class='ocrx_word' id='word_1_148' title='bbox 1519 2491 1611 2537; x_wconf 70' lang='lat' dir='ltr'><strong>Da·-</strong></span> 
     </span>
     <span class='ocr_line' id='line_1_24' title="bbox 483 2552 1610 2618; baseline -0.004 -14"><span class='ocrx_word' id='word_1_149' title='bbox 483 2573 646 2618; x_wconf 74' lang='lat' dir='ltr'><strong>greuu</strong></span> <span class='ocrx_word' id='word_1_150' title='bbox 668 2572 887 2617; x_wconf 76' lang='lat' dir='ltr'><strong>supremo,</strong></span> <span class='ocrx_word' id='word_1_151' title='bbox 913 2554 1168 2616; x_wconf 78' lang='lat' dir='ltr'><strong>exquisite,</strong></span> <span class='ocrx_word' id='word_1_152' title='bbox 1191 2552 1390 2616; x_wconf 85' lang='lat' dir='ltr'><strong>proprie</strong></span> <span class='ocrx_word' id='word_1_153' title='bbox 1423 2562 1498 2601; x_wconf 84' lang='lat' dir='ltr'><strong>est</strong></span> <span class='ocrx_word' id='word_1_154' title='bbox 1529 2568 1610 2600; x_wconf 88' lang='lat' dir='ltr'><strong>su-</strong></span> 
     </span>
     <span class='ocr_line' id='line_1_25' title="bbox 487 2617 1610 2683; baseline -0.004 -16"><span class='ocrx_word' id='word_1_155' title='bbox 487 2636 726 2683; x_wconf 86' lang='lat' dir='ltr'><strong>premum,</strong></span> <span class='ocrx_word' id='word_1_156' title='bbox 751 2617 993 2675; x_wconf 87' lang='lat' dir='ltr'><strong>ultimum,</strong></span> <span class='ocrx_word' id='word_1_157' title='bbox 1018 2618 1266 2681; x_wconf 77' lang='lat' dir='ltr'><strong>digressus</strong></span> <span class='ocrx_word' id='word_1_158' title='bbox 1295 2626 1610 2664; x_wconf 84' lang='lat' dir='ltr'><strong>momentum.</strong></span> 
     </span>
     <span class='ocr_line' id='line_1_26' title="bbox 488 2680 1615 2731; baseline -0.003 -1"><span class='ocrx_word' id='word_1_159' title='bbox 488 2687 758 2731; x_wconf 73' lang='lat' dir='ltr'><strong>Picturatas</strong></span> <span class='ocrx_word' id='word_1_160' title='bbox 775 2685 882 2729; x_wconf 78' lang='lat' dir='ltr'><strong>auri</strong></span> <span class='ocrx_word' id='word_1_161' title='bbox 907 2684 1156 2728; x_wconf 71' lang='lat' dir='ltr'><strong>subtemine</strong></span> <span class='ocrx_word' id='word_1_162' title='bbox 1185 2688 1328 2727; x_wconf 74' lang='lat' dir='ltr'><strong>vestes</strong></span> <span class='ocrx_word' id='word_1_163' title='bbox 1358 2689 1522 2727; x_wconf 84' lang='lat' dir='ltr'><strong>utrum</strong></span> <span class='ocrx_word' id='word_1_164' title='bbox 1554 2680 1615 2727; x_wconf 90' lang='lat' dir='ltr'><strong>de</strong></span> 
     </span>
     <span class='ocr_line' id='line_1_27' title="bbox 491 2742 1612 2807; baseline -0.004 -13"><span class='ocrx_word' id='word_1_165' title='bbox 491 2746 650 2795; x_wconf 84' lang='lat' dir='ltr'><strong>textili</strong></span> <span class='ocrx_word' id='word_1_166' title='bbox 669 2761 732 2792; x_wconf 81' lang='lat' dir='ltr'><strong>nn</strong></span> <span class='ocrx_word' id='word_1_167' title='bbox 753 2744 816 2792; x_wconf 89' lang='lat' dir='ltr'><strong>de</strong></span> <span class='ocrx_word' id='word_1_168' title='bbox 837 2760 928 2791; x_wconf 80' lang='lat' dir='ltr'><strong>acu</strong></span> <span class='ocrx_word' id='word_1_169' title='bbox 949 2744 1082 2807; x_wconf 81' lang='lat' dir='ltr'><strong>picto</strong></span> <span class='ocrx_word' id='word_1_170' title='bbox 1104 2756 1251 2806; x_wconf 88' lang='lat' dir='ltr'><strong>opere</strong></span> <span class='ocrx_word' id='word_1_171' title='bbox 1274 2742 1497 2805; x_wconf 77' lang='lat' dir='ltr'><strong>accipias,</strong></span> <span class='ocrx_word' id='word_1_172' title='bbox 1521 2742 1612 2789; x_wconf 91' lang='lat' dir='ltr'><strong>du-</strong></span> 
     </span>
     <span class='ocr_line' id='line_1_28' title="bbox 491 2806 1617 2867; baseline -0.004 -9"><span class='ocrx_word' id='word_1_173' title='bbox 491 2810 647 2859; x_wconf 80' lang='lat' dir='ltr'><strong>bitare</strong></span> <span class='ocrx_word' id='word_1_174' title='bbox 799 2809 809 2819; x_wconf 84' lang='lat'>&#39;</span> <span class='ocrx_word' id='word_1_175' title='bbox 907 2808 1037 2855; x_wconf 80' lang='lat' dir='ltr'><strong>Nsm</strong></span> <span class='ocrx_word' id='word_1_176' title='bbox 1069 2816 1274 2867; x_wconf 84' lang='lat' dir='ltr'><strong>utroque</strong></span> <span class='ocrx_word' id='word_1_177' title='bbox 1311 2806 1454 2853; x_wconf 88' lang='lat' dir='ltr'><strong>modo</strong></span> <span class='ocrx_word' id='word_1_178' title='bbox 1483 2810 1617 2866; x_wconf 74' lang='lat' dir='ltr'><strong>pieta</strong></span> 
     </span>
     <span class='ocr_line' id='line_1_29' title="bbox 489 2825 1617 2932; baseline -0.004 -11"><span class='ocrx_word' id='word_1_179' title='bbox 489 2878 628 2921; x_wconf 70' lang='lat' dir='ltr'><strong>vestis</strong></span> <span class='ocrx_word' id='word_1_180' title='bbox 661 2825 854 2931; x_wconf 61' lang='lat' dir='ltr'><strong>timitur,</strong></span> <span class='ocrx_word' id='word_1_181' title='bbox 891 2870 1138 2918; x_wconf 86' lang='lat' dir='ltr'><strong>interdum</strong></span> <span class='ocrx_word' id='word_1_182' title='bbox 1169 2869 1292 2917; x_wconf 82' lang='lat' dir='ltr'><strong>adeo</strong></span> <span class='ocrx_word' id='word_1_183' title='bbox 1327 2868 1617 2932; x_wconf 86' lang='lat' dir='ltr'><strong>simpliciter</strong></span> 
     </span>
     <span class='ocr_line' id='line_1_30' title="bbox 491 2932 1616 3002; baseline -0.004 -17"><span class='ocrx_word' id='word_1_184' title='bbox 491 2953 580 3002; x_wconf 89' lang='lat' dir='ltr'><strong>pro</strong></span> <span class='ocrx_word' id='word_1_185' title='bbox 615 2936 845 2985; x_wconf 84' lang='lat' dir='ltr'><strong>distincta</strong></span> <span class='ocrx_word' id='word_1_186' title='bbox 878 2934 1122 2983; x_wconf 89' lang='lat' dir='ltr'><strong>coloribus</strong></span> <span class='ocrx_word' id='word_1_187' title='bbox 1159 2944 1210 2980; x_wconf 85' lang='lat' dir='ltr'><strong>et</strong></span> <span class='ocrx_word' id='word_1_188' title='bbox 1243 2932 1502 2994; x_wconf 74' lang='lat' dir='ltr'><strong>variegata.</strong></span> <span class='ocrx_word' id='word_1_189' title='bbox 1563 2933 1616 2981; x_wconf 88' lang='lat' dir='ltr'><strong>Si</strong></span> 
     </span>
     <span class='ocr_line' id='line_1_31' title="bbox 491 2998 1617 3063; baseline -0.004 -13"><span class='ocrx_word' id='word_1_190' title='bbox 491 3004 552 3050; x_wconf 90' lang='lat' dir='ltr'><strong>de</strong></span> <span class='ocrx_word' id='word_1_191' title='bbox 579 3000 716 3049; x_wconf 80' lang='lat' dir='ltr'><strong>aexili</strong></span> <span class='ocrx_word' id='word_1_192' title='bbox 749 3014 896 3063; x_wconf 86' lang='lat' dir='ltr'><strong>opere</strong></span> <span class='ocrx_word' id='word_1_193' title='bbox 925 2998 1132 3062; x_wconf 84' lang='lat' dir='ltr'><strong>accipis:</strong></span> <span class='ocrx_word' id='word_1_194' title='bbox 1169 3000 1399 3043; x_wconf 72' lang='lat' dir='ltr'><strong>subtemen</strong></span> <span class='ocrx_word' id='word_1_195' title='bbox 1428 3014 1617 3045; x_wconf 74' lang='lat' dir='ltr'><strong>aureum</strong></span> 
     </span>
     <span class='ocr_line' id='line_1_32' title="bbox 491 3060 1617 3129; baseline -0.004 -16"><span class='ocrx_word' id='word_1_196' title='bbox 491 3065 690 3129; x_wconf 83' lang='lat' dir='ltr'><strong>proprie</strong></span> <span class='ocrx_word' id='word_1_197' title='bbox 724 3062 908 3110; x_wconf 79' lang='lat' dir='ltr'><strong>dictum</strong></span> <span class='ocrx_word' id='word_1_198' title='bbox 945 3071 1048 3116; x_wconf 73' lang='lat' dir='ltr'><strong>est3</strong></span> <span class='ocrx_word' id='word_1_199' title='bbox 1085 3069 1136 3108; x_wconf 90' lang='lat' dir='ltr'><strong>et</strong></span> <span class='ocrx_word' id='word_1_200' title='bbox 1169 3060 1380 3124; x_wconf 78' lang='lat' dir='ltr'><strong>Phrygia</strong></span> <span class='ocrx_word' id='word_1_201' title='bbox 1414 3064 1617 3125; x_wconf 72' lang='lat' dir='ltr'><strong>chlamys</strong></span> 
     </span>
     <span class='ocr_line' id='line_1_33' title="bbox 491 3126 1613 3191; baseline -0.003 -14"><span class='ocrx_word' id='word_1_202' title='bbox 491 3144 581 3177; x_wconf 80' lang='lat' dir='ltr'><strong>acu</strong></span> <span class='ocrx_word' id='word_1_203' title='bbox 618 3127 775 3191; x_wconf 83' lang='lat' dir='ltr'><strong>picta;</strong></span> <span class='ocrx_word' id='word_1_204' title='bbox 811 3134 955 3173; x_wconf 69' lang='lat' dir='ltr'><strong>vestes</strong></span> <span class='ocrx_word' id='word_1_205' title='bbox 989 3134 1154 3173; x_wconf 82' lang='lat' dir='ltr'><strong>autem</strong></span> <span class='ocrx_word' id='word_1_206' title='bbox 1189 3134 1334 3172; x_wconf 86' lang='lat' dir='ltr'><strong>erunt</strong></span> <span class='ocrx_word' id='word_1_207' title='bbox 1371 3126 1613 3188; x_wconf 62' lang='lat' dir='ltr'><strong>stragulae.</strong></span> 
     </span>
     <span class='ocr_line' id='line_1_34' title="bbox 495 3187 1613 3300; baseline -0.002 -60"><span class='ocrx_word' id='word_1_208' title='bbox 495 3192 583 3240; x_wconf 89' lang='lat' dir='ltr'><strong>Sin</strong></span> <span class='ocrx_word' id='word_1_209' title='bbox 597 3195 750 3253; x_wconf 70' lang='lat' dir='ltr'><strong>pietas</strong></span> <span class='ocrx_word' id='word_1_210' title='bbox 768 3206 866 3246; x_wconf 73' lang='lat' dir='ltr'><strong>acu,</strong></span> <span class='ocrx_word' id='word_1_211' title='bbox 887 3187 1076 3237; x_wconf 86' lang='lat' dir='ltr'><strong>scilicet</strong></span> <span class='ocrx_word' id='word_1_212' title='bbox 1093 3188 1305 3300; x_wconf 56' lang='lat' dir='ltr'><strong>Phi-yffiio</strong></span> <span class='ocrx_word' id='word_1_213' title='bbox 1323 3204 1483 3253; x_wconf 87' lang='lat' dir='ltr'><strong>opere,</strong></span> <span class='ocrx_word' id='word_1_214' title='bbox 1505 3204 1613 3238; x_wconf 81' lang='lat' dir='ltr'><strong>ves-</strong></span> 
     </span>
     <span class='ocr_line' id='line_1_35' title="bbox 493 3252 1614 3318; baseline -0.004 -13"><span class='ocrx_word' id='word_1_215' title='bbox 493 3265 568 3305; x_wconf 85' lang='lat' dir='ltr'><strong>tes</strong></span> <span class='ocrx_word' id='word_1_216' title='bbox 581 3254 802 3318; x_wconf 85' lang='lat' dir='ltr'><strong>accipere</strong></span> <span class='ocrx_word' id='word_1_217' title='bbox 817 3252 999 3308; x_wconf 68' lang='lat' dir='ltr'><strong>mavisz</strong></span> <span class='ocrx_word' id='word_1_218' title='bbox 1035 3253 1129 3301; x_wconf 85' lang='lat' dir='ltr'><strong>erit</strong></span> <span class='ocrx_word' id='word_1_219' title='bbox 1141 3252 1228 3301; x_wconf 90' lang='lat' dir='ltr'><strong>ini</strong></span> <span class='ocrx_word' id='word_1_220' title='bbox 1264 3253 1308 3301; x_wconf 88' lang='lat' dir='ltr'><strong>is</strong></span> <span class='ocrx_word' id='word_1_221' title='bbox 1321 3252 1442 3317; x_wconf 84' lang='lat' dir='ltr'><strong>ipsis</strong></span> <span class='ocrx_word' id='word_1_222' title='bbox 1459 3256 1614 3318; x_wconf 76' lang='lat' dir='ltr'><strong>Phry-</strong></span> 
     </span>
     <span class='ocr_line' id='line_1_36' title="bbox 485 3316 1618 3384; baseline -0.001 -16"><span class='ocrx_word' id='word_1_223' title='bbox 485 3324 570 3384; x_wconf 71' lang='lat' dir='ltr'><strong>gia</strong></span> <span class='ocrx_word' id='word_1_224' title='bbox 601 3322 804 3381; x_wconf 69' lang='lat' dir='ltr'><strong>chlamys</strong></span> <span class='ocrx_word' id='word_1_225' title='bbox 817 3337 835 3373; x_wconf 85' lang='lat'><strong>,-</strong></span> <span class='ocrx_word' id='word_1_226' title='bbox 867 3320 1096 3365; x_wconf 72' lang='lat' dir='ltr'><strong>subtemen</strong></span> <span class='ocrx_word' id='word_1_227' title='bbox 1131 3326 1296 3366; x_wconf 80' lang='lat' dir='ltr'><strong>autem</strong></span> <span class='ocrx_word' id='word_1_228' title='bbox 1330 3316 1618 3381; x_wconf 83' lang='lat' dir='ltr'><strong>simpliciter</strong></span> 
     </span>
     <span class='ocr_line' id='line_1_37' title="bbox 528 3382 1617 3445; baseline -0.003 -11"><span class='ocrx_word' id='word_1_229' title='bbox 528 3400 582 3434; x_wconf 81' lang='lat' dir='ltr'><strong>ro</strong></span> <span class='ocrx_word' id='word_1_230' title='bbox 619 3384 731 3440; x_wconf 66' lang='lat'><strong>5103</strong></span> <span class='ocrx_word' id='word_1_231' title='bbox 767 3392 820 3430; x_wconf 89' lang='lat' dir='ltr'><strong>et</strong></span> <span class='ocrx_word' id='word_1_232' title='bbox 853 3384 1034 3429; x_wconf 67' lang='lat' dir='ltr'><strong>textilia</strong></span> <span class='ocrx_word' id='word_1_233' title='bbox 1069 3384 1186 3429; x_wconf 71' lang='lat' dir='ltr'><strong>dona</strong></span> <span class='ocrx_word' id='word_1_234' title='bbox 1223 3382 1310 3445; x_wconf 77' lang='lat' dir='ltr'><strong>(ex</strong></span> <span class='ocrx_word' id='word_1_235' title='bbox 1349 3382 1617 3431; x_wconf 87' lang='lat' dir='ltr'><strong>Homerico</strong></span> 
     </span>
     <span class='ocr_line' id='line_1_38' title="bbox 492 3401 1615 3509; baseline -0.003 -10"><span class='ocrx_word' id='word_1_236' title='bbox 492 3401 674 3507; x_wconf 55' lang='lat' dir='ltr'><strong>{offrre}</strong></span> <span class='ocrx_word' id='word_1_237' title='bbox 703 3447 744 3496; x_wconf 72' lang='grc' dir='ltr'><strong>θ’</strong></span> <span class='ocrx_word' id='word_1_238' title='bbox 779 3446 1018 3509; x_wconf 72' lang='grc' dir='ltr'><strong>ὑφαντὴν)</strong></span> <span class='ocrx_word' id='word_1_239' title='bbox 1055 3461 1169 3494; x_wconf 85' lang='lat' dir='ltr'><strong>mox</strong></span> <span class='ocrx_word' id='word_1_240' title='bbox 1199 3448 1262 3495; x_wconf 85' lang='lat' dir='ltr'><strong>ab</strong></span> <span class='ocrx_word' id='word_1_241' title='bbox 1295 3445 1373 3495; x_wconf 86' lang='lat' dir='ltr'><strong>his</strong></span> <span class='ocrx_word' id='word_1_242' title='bbox 1407 3446 1615 3496; x_wconf 75' lang='lat' dir='ltr'><strong>diversa.</strong></span> 
     </span>
     <span class='ocr_line' id='line_1_39' title="bbox 491 3510 1486 3569; baseline -0.004 -7"><span class='ocrx_word' id='word_1_243' title='bbox 491 3516 593 3563; x_wconf 81' lang='lat' dir='ltr'><strong>Nec</strong></span> <span class='ocrx_word' id='word_1_244' title='bbox 605 3515 728 3561; x_wconf 73' lang='lat' dir='ltr'><strong>cedit</strong></span> <span class='ocrx_word' id='word_1_245' title='bbox 741 3515 910 3569; x_wconf 71' lang='lat' dir='ltr'><strong>honori,</strong></span> <span class='ocrx_word' id='word_1_246' title='bbox 927 3510 970 3559; x_wconf 87' lang='lat' dir='ltr'><strong>si</strong></span> <span class='ocrx_word' id='word_1_247' title='bbox 983 3526 1150 3559; x_wconf 79' lang='lat' dir='ltr'><strong>verum</strong></span> <span class='ocrx_word' id='word_1_248' title='bbox 1169 3521 1220 3559; x_wconf 88' lang='lat' dir='ltr'><strong>et</strong></span> <span class='ocrx_word' id='word_1_249' title='bbox 1231 3526 1259 3559; x_wconf 81' lang='lat' dir='ltr'><strong>a</strong></span> <span class='ocrx_word' id='word_1_250' title='bbox 1279 3511 1486 3559; x_wconf 79' lang='lat' dir='ltr'><strong>Marone</strong></span> 
     </span>
     <span class='ocr_line' id='line_1_40' title="bbox 491 3575 1615 3640; baseline -0.001 -14"><span class='ocrx_word' id='word_1_251' title='bbox 491 3578 672 3627; x_wconf 84' lang='lat' dir='ltr'><strong>fectum</strong></span> <span class='ocrx_word' id='word_1_252' title='bbox 695 3586 784 3635; x_wconf 81' lang='lat' dir='ltr'><strong>est,</strong></span> <span class='ocrx_word' id='word_1_253' title='bbox 809 3585 894 3625; x_wconf 85' lang='lat' dir='ltr'><strong>aut</strong></span> <span class='ocrx_word' id='word_1_254' title='bbox 913 3591 1026 3625; x_wconf 86' lang='lat' dir='ltr'><strong>cum</strong></span> <span class='ocrx_word' id='word_1_255' title='bbox 1049 3575 1228 3623; x_wconf 74' lang='lat' dir='ltr'><strong>Servio</strong></span> <span class='ocrx_word' id='word_1_256' title='bbox 1257 3575 1480 3640; x_wconf 84' lang='lat' dir='ltr'><strong>explican</strong></span> <span class='ocrx_word' id='word_1_257' title='bbox 1514 3592 1615 3636; x_wconf 85' lang='lat' dir='ltr'><strong>um,</strong></span> 
     </span>
     <span class='ocr_line' id='line_1_41' title="bbox 491 3644 1615 3703; baseline -0.001 -13"><span class='ocrx_word' id='word_1_258' title='bbox 491 3650 624 3691; x_wconf 72' lang='lat' dir='ltr'><strong>taum</strong></span> <span class='ocrx_word' id='word_1_259' title='bbox 656 3644 739 3689; x_wconf 74' lang='lat' dir='ltr'><strong>dat</strong></span> <span class='ocrx_word' id='word_1_260' title='bbox 775 3656 976 3698; x_wconf 77' lang='lat' dir='ltr'><strong>munera,</strong></span> <span class='ocrx_word' id='word_1_261' title='bbox 1001 3649 1172 3703; x_wconf 71' lang='lat' dir='ltr'><strong>quanta</strong></span> <span class='ocrx_word' id='word_1_262' title='bbox 1193 3644 1454 3688; x_wconf 66' lang='lat' dir='ltr'><strong>merebatur</strong></span> <span class='ocrx_word' id='word_1_263' title='bbox 1465 3644 1615 3689; x_wconf 71' lang='lat' dir='ltr'><strong>Asea-</strong></span> 
     </span>
     <span class='ocr_line' id='line_1_42' title="bbox 491 3705 1613 3766; baseline -0.002 -12"><span class='ocrx_word' id='word_1_264' title='bbox 491 3710 595 3754; x_wconf 74' lang='lat' dir='ltr'><strong>m&#39;us</strong></span> <span class='ocrx_word' id='word_1_265' title='bbox 610 3725 626 3753; x_wconf 87' lang='lat'><strong>.-</strong></span> <span class='ocrx_word' id='word_1_266' title='bbox 661 3710 743 3753; x_wconf 77' lang='grc' dir='ltr'><strong>Ιιοο</strong></span> <span class='ocrx_word' id='word_1_267' title='bbox 763 3708 884 3753; x_wconf 71' lang='lat' dir='ltr'><strong>enim</strong></span> <span class='ocrx_word' id='word_1_268' title='bbox 906 3712 975 3752; x_wconf 70' lang='lat' dir='ltr'><strong>est</strong></span> <span class='ocrx_word' id='word_1_269' title='bbox 995 3705 1168 3753; x_wconf 86' lang='lat' dir='ltr'><strong>honori</strong></span> <span class='ocrx_word' id='word_1_270' title='bbox 1191 3720 1290 3752; x_wconf 86' lang='lat' dir='ltr'><strong>non</strong></span> <span class='ocrx_word' id='word_1_271' title='bbox 1312 3705 1504 3763; x_wconf 86' lang='lat' dir='ltr'><strong>cedere,</strong></span> <span class='ocrx_word' id='word_1_272' title='bbox 1523 3722 1613 3766; x_wconf 79' lang='lat' dir='ltr'><strong>pa-</strong></span> 
     </span>
     <span class='ocr_line' id='line_1_43' title="bbox 489 3772 1618 3830; baseline -0.001 -11"><span class='ocrx_word' id='word_1_273' title='bbox 489 3788 586 3819; x_wconf 78' lang='lat' dir='ltr'><strong>rem</strong></span> <span class='ocrx_word' id='word_1_274' title='bbox 605 3786 700 3819; x_wconf 71' lang='lat' dir='ltr'><strong>erse</strong></span> <span class='ocrx_word' id='word_1_275' title='bbox 731 3772 908 3817; x_wconf 69' lang='lat' dir='ltr'><strong>meritis</strong></span> <span class='ocrx_word' id='word_1_276' title='bbox 935 3772 1234 3830; x_wconf 54' lang='lat' dir='ltr'><strong>accipientia</strong></span> <span class='ocrx_word' id='word_1_277' title='bbox 1267 3778 1354 3817; x_wconf 86' lang='lat' dir='ltr'><strong>aut</strong></span> <span class='ocrx_word' id='word_1_278' title='bbox 1385 3786 1472 3817; x_wconf 75' lang='lat' dir='ltr'><strong>non</strong></span> <span class='ocrx_word' id='word_1_279' title='bbox 1495 3772 1618 3818; x_wconf 74' lang='lat' dir='ltr'><strong>cedit</strong></span> 
     </span>
     <span class='ocr_line' id='line_1_44' title="bbox 490 3839 1619 3896; baseline -0.001 -13"><span class='ocrx_word' id='word_1_280' title='bbox 490 3839 646 3883; x_wconf 70' lang='lat' dir='ltr'><strong>honor-⁸·</strong></span> <span class='ocrx_word' id='word_1_281' title='bbox 667 3850 734 3882; x_wconf 84' lang='lat' dir='ltr'><strong>sc.</strong></span> <span class='ocrx_word' id='word_1_282' title='bbox 767 3846 1039 3889; x_wconf 86' lang='lat' dir='ltr'><strong>munerum,</strong></span> <span class='ocrx_word' id='word_1_283' title='bbox 1063 3848 1159 3894; x_wconf 89' lang='lat' dir='ltr'><strong>quo</strong></span> <span class='ocrx_word' id='word_1_284' title='bbox 1191 3842 1479 3896; x_wconf 82' lang='lat' dir='ltr'><strong>prosecutus</strong></span> <span class='ocrx_word' id='word_1_285' title='bbox 1512 3843 1619 3882; x_wconf 81' lang='lat' dir='ltr'><strong>erat</strong></span> 
     </span>
     <span class='ocr_line' id='line_1_45' title="bbox 493 3896 1613 3951; baseline -0.002 -4"><span class='ocrx_word' id='word_1_286' title='bbox 493 3900 719 3947; x_wconf 79' lang='lat' dir='ltr'><strong>Helenus</strong></span> <span class='ocrx_word' id='word_1_287' title='bbox 741 3896 1020 3951; x_wconf 71' lang='lat' dir='ltr'><strong>Anchisem</strong></span> <span class='ocrx_word' id='word_1_288' title='bbox 1056 3906 1112 3944; x_wconf 92' lang='lat' dir='ltr'><strong>ut</strong></span> <span class='ocrx_word' id='word_1_289' title='bbox 1142 3896 1484 3945; x_wconf 77' lang='lat' dir='ltr'><strong>Andromache</strong></span> <span class='ocrx_word' id='word_1_290' title='bbox 1517 3898 1613 3946; x_wconf 82' lang='lat' dir='ltr'><strong>As-</strong></span> 
     </span>
     <span class='ocr_line' id='line_1_46' title="bbox 492 3960 1617 4011; baseline -0.002 1"><span class='ocrx_word' id='word_1_291' title='bbox 492 3963 688 4011; x_wconf 75' lang='lat' dir='ltr'><strong>canium</strong></span> <span class='ocrx_word' id='word_1_292' title='bbox 710 3976 840 4010; x_wconf 79' lang='lat' dir='ltr'><strong>nme</strong></span> <span class='ocrx_word' id='word_1_293' title='bbox 863 3976 960 4009; x_wconf 89' lang='lat' dir='ltr'><strong>non</strong></span> <span class='ocrx_word' id='word_1_294' title='bbox 974 3960 1138 4008; x_wconf 85' lang='lat' dir='ltr'><strong>minus</strong></span> <span class='ocrx_word' id='word_1_295' title='bbox 1162 3960 1428 4009; x_wconf 80' lang='lat' dir='ltr'><strong>honorifice</strong></span> <span class='ocrx_word' id='word_1_296' title='bbox 1443 3978 1617 4010; x_wconf 87' lang='lat' dir='ltr'><strong>mune-</strong></span> 
     </span>
     <span class='ocr_line' id='line_1_47' title="bbox 491 4024 1621 4090; baseline -0.001 -15"><span class='ocrx_word' id='word_1_297' title='bbox 491 4027 628 4076; x_wconf 80' lang='lat' dir='ltr'><strong>ribus</strong></span> <span class='ocrx_word' id='word_1_298' title='bbox 649 4024 970 4090; x_wconf 80' lang='lat' dir='ltr'><strong>hospitalibus</strong></span> <span class='ocrx_word' id='word_1_299' title='bbox 989 4024 1250 4088; x_wconf 81' lang='lat' dir='ltr'><strong>impertiat.</strong></span> <span class='ocrx_word' id='word_1_300' title='bbox 1289 4025 1454 4074; x_wconf 78' lang='lat' dir='ltr'><strong>Possis</strong></span> <span class='ocrx_word' id='word_1_301' title='bbox 1472 4026 1621 4074; x_wconf 77' lang='lat' dir='ltr'><strong>etiam</strong></span> 
     </span>
     <span class='ocr_line' id='line_1_48' title="bbox 491 4089 1617 4147; baseline 0.001 -9"><span class='ocrx_word' id='word_1_302' title='bbox 491 4096 726 4139; x_wconf 74' lang='lat' dir='ltr'><strong>verborum</strong></span> <span class='ocrx_word' id='word_1_303' title='bbox 745 4095 949 4138; x_wconf 69' lang='lat' dir='ltr'><strong>honorem</strong></span> <span class='ocrx_word' id='word_1_304' title='bbox 969 4090 1065 4137; x_wconf 84' lang='lat' dir='ltr'><strong>huc</strong></span> <span class='ocrx_word' id='word_1_305' title='bbox 1088 4089 1324 4137; x_wconf 77' lang='lat' dir='ltr'><strong>advocare</strong></span> <span class='ocrx_word' id='word_1_306' title='bbox 1343 4104 1406 4137; x_wconf 85' lang='lat' dir='ltr'><strong>ex</strong></span> <span class='ocrx_word' id='word_1_307' title='bbox 1426 4106 1468 4137; x_wconf 85' lang='lat' dir='ltr'><strong>v.</strong></span> <span class='ocrx_word' id='word_1_308' title='bbox 1494 4091 1617 4147; x_wconf 63' lang='lat'><strong>4743</strong></span> 
     </span>
     <span class='ocr_line' id='line_1_49' title="bbox 493 4152 1324 4218; baseline 0 -17"><span class='ocrx_word' id='word_1_309' title='bbox 493 4164 570 4203; x_wconf 86' lang='lat' dir='ltr'><strong>est</strong></span> <span class='ocrx_word' id='word_1_310' title='bbox 591 4164 754 4202; x_wconf 81' lang='lat' dir='ltr'><strong>tamen</strong></span> <span class='ocrx_word' id='word_1_311' title='bbox 775 4153 867 4202; x_wconf 89' lang='lat' dir='ltr'><strong>hoc</strong></span> <span class='ocrx_word' id='word_1_312' title='bbox 889 4152 1084 4217; x_wconf 78' lang='lat' dir='ltr'><strong>lougius</strong></span> <span class='ocrx_word' id='word_1_313' title='bbox 1103 4153 1324 4218; x_wconf 88' lang='lat' dir='ltr'><strong>petitum.</strong></span> 
     </span>
     <span class='ocr_line' id='line_1_50' title="bbox 559 4216 1619 4268; baseline 0.002 -3"><span class='ocrx_word' id='word_1_314' title='bbox 559 4220 830 4266; x_wconf 73' lang='lat'><strong>486—491.</strong></span> <span class='ocrx_word' id='word_1_315' title='bbox 877 4216 1228 4267; x_wconf 81' lang='lat' dir='ltr'><strong>Reminiscitur</strong></span> <span class='ocrx_word' id='word_1_316' title='bbox 1263 4229 1315 4268; x_wconf 92' lang='lat' dir='ltr'><strong>et</strong></span> <span class='ocrx_word' id='word_1_317' title='bbox 1347 4218 1427 4267; x_wconf 88' lang='lat' dir='ltr'><strong>hic</strong></span> <span class='ocrx_word' id='word_1_318' title='bbox 1463 4228 1619 4268; x_wconf 82' lang='lat' dir='ltr'><strong>mater</strong></span> 
     </span>
     <span class='ocr_line' id='line_1_51' title="bbox 491 4281 1617 4347; baseline 0.002 -17"><span class='ocrx_word' id='word_1_319' title='bbox 491 4281 758 4330; x_wconf 80' lang='lat' dir='ltr'><strong>dulcissimi</strong></span> <span class='ocrx_word' id='word_1_320' title='bbox 781 4282 936 4345; x_wconf 79' lang='lat' dir='ltr'><strong>pueri,</strong></span> <span class='ocrx_word' id='word_1_321' title='bbox 959 4282 1109 4330; x_wconf 79' lang='lat' dir='ltr'><strong>atroci</strong></span> <span class='ocrx_word' id='word_1_322' title='bbox 1144 4292 1300 4331; x_wconf 86' lang='lat' dir='ltr'><strong>morte</strong></span> <span class='ocrx_word' id='word_1_323' title='bbox 1333 4282 1425 4331; x_wconf 87' lang='lat' dir='ltr'><strong>sibi</strong></span> <span class='ocrx_word' id='word_1_324' title='bbox 1445 4284 1617 4347; x_wconf 88' lang='lat' dir='ltr'><strong>erepti.</strong></span> 
     </span>
     <span class='ocr_line' id='line_1_52' title="bbox 493 4345 1616 4407; baseline 0.004 -13"><span class='ocrx_word' id='word_1_325' title='bbox 493 4346 656 4394; x_wconf 86' lang='lat' dir='ltr'><strong>Locus</strong></span> <span class='ocrx_word' id='word_1_326' title='bbox 697 4345 827 4394; x_wconf 85' lang='lat' dir='ltr'><strong>inter</strong></span> <span class='ocrx_word' id='word_1_327' title='bbox 871 4360 1050 4406; x_wconf 82' lang='lat' dir='ltr'><strong>paucos</strong></span> <span class='ocrx_word' id='word_1_328' title='bbox 1089 4346 1358 4396; x_wconf 85' lang='lat' dir='ltr'><strong>dulcissimi</strong></span> <span class='ocrx_word' id='word_1_329' title='bbox 1402 4348 1616 4407; x_wconf 81' lang='lat' dir='ltr'><strong>affectus,</strong></span> 
     </span>
    </p>
   </div>
   <div class='ocr_carea' id='block_1_5' title="bbox 1678 2422 2807 3122">
    <p class='ocr_par' dir='ltr' id='par_1_11' title="bbox 1678 2422 2807 3122">
     <span class='ocr_line' id='line_1_53' title="bbox 1680 2422 2798 2486; baseline 0.004 -15"><span class='ocrx_word' id='word_1_330' title='bbox 1680 2423 1827 2471; x_wconf 86' lang='lat' dir='ltr'><strong>etiam</strong></span> <span class='ocrx_word' id='word_1_331' title='bbox 1859 2422 2211 2472; x_wconf 85' lang='lat' dir='ltr'><strong>sententiarum</strong></span> <span class='ocrx_word' id='word_1_332' title='bbox 2242 2440 2297 2471; x_wconf 80' lang='lat' dir='ltr'><strong>ac</strong></span> <span class='ocrx_word' id='word_1_333' title='bbox 2320 2424 2576 2472; x_wconf 81' lang='lat' dir='ltr'><strong>verborum</strong></span> <span class='ocrx_word' id='word_1_334' title='bbox 2606 2424 2798 2486; x_wconf 83' lang='lat' dir='ltr'><strong>dilectu,</strong></span> 
     </span>
     <span class='ocr_line' id='line_1_54' title="bbox 1678 2488 2803 2553; baseline 0.004 -18"><span class='ocrx_word' id='word_1_335' title='bbox 1678 2488 1904 2553; x_wconf 87' lang='lat' dir='ltr'><strong>inprimis</strong></span> <span class='ocrx_word' id='word_1_336' title='bbox 1934 2488 2161 2551; x_wconf 77' lang='lat' dir='ltr'><strong>adjuncta</strong></span> <span class='ocrx_word' id='word_1_337' title='bbox 2188 2488 2555 2547; x_wconf 77' lang='lat' dir='ltr'><strong>declarantium,</strong></span> <span class='ocrx_word' id='word_1_338' title='bbox 2580 2499 2631 2538; x_wconf 89' lang='lat' dir='ltr'><strong>et</strong></span> <span class='ocrx_word' id='word_1_339' title='bbox 2652 2490 2803 2539; x_wconf 87' lang='lat' dir='ltr'><strong>multo</strong></span> 
     </span>
     <span class='ocr_line' id='line_1_55' title="bbox 1678 2552 2798 2617; baseline 0.002 -16"><span class='ocrx_word' id='word_1_340' title='bbox 1678 2553 1833 2616; x_wconf 79' lang='lat' dir='ltr'><strong>magis</strong></span> <span class='ocrx_word' id='word_1_341' title='bbox 1864 2552 1907 2601; x_wconf 85' lang='lat' dir='ltr'><strong>si</strong></span> <span class='ocrx_word' id='word_1_342' title='bbox 1932 2552 2147 2617; x_wconf 84' lang='lat' dir='ltr'><strong>parentis</strong></span> <span class='ocrx_word' id='word_1_343' title='bbox 2168 2568 2366 2601; x_wconf 86' lang='lat' dir='ltr'><strong>sensum</strong></span> <span class='ocrx_word' id='word_1_344' title='bbox 2388 2562 2441 2601; x_wconf 88' lang='lat' dir='ltr'><strong>et</strong></span> <span class='ocrx_word' id='word_1_345' title='bbox 2468 2552 2693 2602; x_wconf 80' lang='lat' dir='ltr'><strong>affectum</strong></span> <span class='ocrx_word' id='word_1_346' title='bbox 2716 2556 2798 2603; x_wconf 77' lang='lat' dir='ltr'><strong>ha-</strong></span> 
     </span>
     <span class='ocr_line' id='line_1_56' title="bbox 1678 2617 2803 2676; baseline 0.003 -11"><span class='ocrx_word' id='word_1_347' title='bbox 1678 2617 1807 2665; x_wconf 83' lang='lat' dir='ltr'><strong>beas.</strong></span> <span class='ocrx_word' id='word_1_348' title='bbox 1870 2619 2093 2665; x_wconf 74' lang='lat' dir='ltr'><strong>Mammm</strong></span> <span class='ocrx_word' id='word_1_349' title='bbox 2136 2626 2418 2665; x_wconf 66' lang='lat' dir='ltr'><strong>momenta</strong></span> <span class='ocrx_word' id='word_1_350' title='bbox 2446 2634 2661 2676; x_wconf 67' lang='lat' dir='ltr'><strong>mmm,</strong></span> <span class='ocrx_word' id='word_1_351' title='bbox 2694 2635 2803 2668; x_wconf 85' lang='lat' dir='ltr'><strong>cum</strong></span> 
     </span>
     <span class='ocr_line' id='line_1_57' title="bbox 1681 2680 2804 2747; baseline 0.004 -20"><span class='ocrx_word' id='word_1_352' title='bbox 1681 2680 1728 2727; x_wconf 88' lang='lat' dir='ltr'><strong>di</strong></span> <span class='ocrx_word' id='word_1_353' title='bbox 1800 2680 1931 2737; x_wconf 84' lang='lat' dir='ltr'><strong>itate,</strong></span> <span class='ocrx_word' id='word_1_354' title='bbox 1954 2696 2043 2743; x_wconf 88' lang='lat' dir='ltr'><strong>pro</strong></span> <span class='ocrx_word' id='word_1_355' title='bbox 2065 2696 2297 2729; x_wconf 78' lang='lat' dir='ltr'><strong>manuum</strong></span> <span class='ocrx_word' id='word_1_356' title='bbox 2318 2696 2537 2730; x_wconf 83' lang='lat' dir='ltr'><strong>mearum</strong></span> <span class='ocrx_word' id='word_1_357' title='bbox 2557 2698 2720 2747; x_wconf 84' lang='lat' dir='ltr'><strong>opera,</strong></span> <span class='ocrx_word' id='word_1_358' title='bbox 2744 2699 2804 2731; x_wconf 84' lang='lat' dir='ltr'><strong>ex</strong></span> 
     </span>
     <span class='ocr_line' id='line_1_58' title="bbox 1682 2696 2803 2818; baseline 0.005 -27"><span class='ocrx_word' id='word_1_359' title='bbox 1682 2696 1855 2807; x_wconf 50' lang='lat' dir='ltr'><strong>ogis&amp;</strong></span> <span class='ocrx_word' id='word_1_360' title='bbox 1868 2763 1907 2818; x_wconf 46' lang='grc' dir='ltr'><strong>οἱ</strong></span> <span class='ocrx_word' id='word_1_361' title='bbox 1925 2745 2030 2818; x_wconf 58' lang='lat'><strong>126,</strong></span> <span class='ocrx_word' id='word_1_362' title='bbox 2044 2744 2201 2805; x_wconf 77' lang='grc' dir='ltr'><strong>Μνῆμ’</strong></span> <span class='ocrx_word' id='word_1_363' title='bbox 2210 2743 2405 2803; x_wconf 75' lang='grc' dir='ltr'>Ἑλένης</span> <span class='ocrx_word' id='word_1_364' title='bbox 2417 2750 2591 2809; x_wconf 70' lang='grc' dir='ltr'><strong>χειροῖν</strong></span> <span class='ocrx_word' id='word_1_365' title='bbox 2602 2756 2711 2805; x_wconf 68' lang='lat' dir='ltr'><strong>etc„</strong></span> <span class='ocrx_word' id='word_1_366' title='bbox 2722 2747 2803 2810; x_wconf 74' lang='lat' dir='ltr'><strong>qui</strong></span> 
     </span>
     <span class='ocr_line' id='line_1_59' title="bbox 1680 2806 2801 2871; baseline 0.007 -18"><span class='ocrx_word' id='word_1_367' title='bbox 1680 2806 1815 2855; x_wconf 88' lang='lat' dir='ltr'><strong>locus</strong></span> <span class='ocrx_word' id='word_1_368' title='bbox 1838 2807 2052 2871; x_wconf 78' lang='lat' dir='ltr'><strong>Virgilio</strong></span> <span class='ocrx_word' id='word_1_369' title='bbox 2072 2810 2429 2857; x_wconf 74' lang='lat' dir='ltr'><strong>obversabatur.</strong></span> <span class='ocrx_word' id='word_1_370' title='bbox 2486 2813 2621 2859; x_wconf 79' lang='lat' dir='ltr'><strong>Dona</strong></span> <span class='ocrx_word' id='word_1_371' title='bbox 2652 2820 2801 2861; x_wconf 69' lang='lat' dir='ltr'><strong>extre-</strong></span> 
     </span>
     <span class='ocr_line' id='line_1_60' title="bbox 1680 2872 2801 2936; baseline 0.007 -19"><span class='ocrx_word' id='word_1_372' title='bbox 1680 2888 1753 2917; x_wconf 78' lang='lat' dir='ltr'><strong>ma</strong></span> <span class='ocrx_word' id='word_1_373' title='bbox 1810 2878 2002 2929; x_wconf 79' lang='lat' dir='ltr'><strong>tuorum,</strong></span> <span class='ocrx_word' id='word_1_374' title='bbox 2060 2872 2369 2936; x_wconf 81' lang='lat' dir='ltr'><strong>popularium</strong></span> <span class='ocrx_word' id='word_1_375' title='bbox 2422 2884 2474 2921; x_wconf 88' lang='lat' dir='ltr'><strong>et</strong></span> <span class='ocrx_word' id='word_1_376' title='bbox 2522 2875 2801 2925; x_wconf 82' lang='lat' dir='ltr'><strong>amicorum.</strong></span> 
     </span>
     <span class='ocr_line' id='line_1_61' title="bbox 1682 2937 2801 3001; baseline 0.007 -20"><span class='ocrx_word' id='word_1_377' title='bbox 1682 2937 1845 2995; x_wconf 78' lang='lat' dir='ltr'><strong>Super,</strong></span> <span class='ocrx_word' id='word_1_378' title='bbox 1862 2950 1971 2997; x_wconf 79' lang='lat' dir='ltr'><strong>quae</strong></span> <span class='ocrx_word' id='word_1_379' title='bbox 1993 2950 2209 2999; x_wconf 82' lang='lat' dir='ltr'><strong>superes,</strong></span> <span class='ocrx_word' id='word_1_380' title='bbox 2230 2938 2470 2999; x_wconf 73' lang='grc' dir='ltr'>περιοῦσα,</span> <span class='ocrx_word' id='word_1_381' title='bbox 2493 2956 2801 3001; x_wconf 65' lang='grc' dir='ltr'><strong>περιγεγενη-</strong></span> 
     </span>
     <span class='ocr_line' id='line_1_62' title="bbox 1680 2996 2807 3067; baseline 0.007 -21"><span class='ocrx_word' id='word_1_382' title='bbox 1680 2996 1813 3058; x_wconf 75' lang='grc' dir='ltr'>μένη.</span> <span class='ocrx_word' id='word_1_383' title='bbox 1872 3002 1949 3047; x_wconf 74' lang='lat' dir='ltr'><strong>Sic</strong></span> <span class='ocrx_word' id='word_1_384' title='bbox 1974 3002 2136 3057; x_wconf 72' lang='grc' dir='ltr'><strong><em>οσυὶοε,</em></strong></span> <span class='ocrx_word' id='word_1_385' title='bbox 2167 3004 2236 3048; x_wconf 77' lang='lat' dir='ltr'><strong>u&#39;c</strong></span> <span class='ocrx_word' id='word_1_386' title='bbox 2271 3016 2335 3049; x_wconf 84' lang='lat' dir='ltr'><strong>ex</strong></span> <span class='ocrx_word' id='word_1_387' title='bbox 2370 3000 2521 3049; x_wconf 87' lang='lat' dir='ltr'><strong>Hom.</strong></span> <span class='ocrx_word' id='word_1_388' title='bbox 2546 3003 2721 3067; x_wconf 68' lang='lat' dir='ltr'><strong>Odym.</strong></span> <span class='ocrx_word' id='word_1_389' title='bbox 2764 3008 2807 3062; x_wconf 76' lang='grc' dir='ltr'><strong>δ,</strong></span> 
     </span>
     <span class='ocr_line' id='line_1_63' title="bbox 1687 3063 2807 3122; baseline 0.008 -13"><span class='ocrx_word' id='word_1_390' title='bbox 1687 3064 1791 3119; x_wconf 73' lang='lat'><strong>149,</strong></span> <span class='ocrx_word' id='word_1_391' title='bbox 1840 3065 1945 3122; x_wconf 80' lang='lat'><strong>150,</strong></span> <span class='ocrx_word' id='word_1_392' title='bbox 1986 3063 2071 3111; x_wconf 90' lang='lat' dir='ltr'><strong>ubi</strong></span> <span class='ocrx_word' id='word_1_393' title='bbox 2114 3064 2371 3113; x_wconf 84' lang='lat' dir='ltr'><strong>Menelaus</strong></span> <span class='ocrx_word' id='word_1_394' title='bbox 2408 3066 2470 3113; x_wconf 88' lang='lat' dir='ltr'><strong>de</strong></span> <span class='ocrx_word' id='word_1_395' title='bbox 2514 3066 2807 3117; x_wconf 79' lang='lat' dir='ltr'><strong>Telemacho</strong></span> 
     </span>
    </p>
   </div>
   <div class='ocr_carea' id='block_1_6' title="bbox 1671 3126 2802 3192">
    <p class='ocr_par' dir='ltr' id='par_1_12' title="bbox 1671 3126 2802 3192">
     <span class='ocr_line' id='line_1_64' title="bbox 1671 3126 2802 3192; baseline 0.009 -19"><span class='ocrx_word' id='word_1_396' title='bbox 1671 3126 1847 3190; x_wconf 82' lang='lat' dir='ltr'><strong>Ulyssi</strong></span> <span class='ocrx_word' id='word_1_397' title='bbox 1868 3136 2178 3192; x_wconf 83' lang='lat' dir='ltr'><strong>comparato:</strong></span> <span class='ocrx_word' id='word_1_398' title='bbox 2216 3126 2372 3177; x_wconf 72' lang='grc' dir='ltr'><strong><em>κείνου</em></strong></span> <span class='ocrx_word' id='word_1_399' title='bbox 2392 3130 2487 3192; x_wconf 76' lang='grc' dir='ltr'><strong>γὰρ</strong></span> <span class='ocrx_word' id='word_1_400' title='bbox 2512 3131 2689 3181; x_wconf 74' lang='grc' dir='ltr'><strong>τοιοίδε</strong></span> <span class='ocrx_word' id='word_1_401' title='bbox 2716 3133 2802 3183; x_wconf 70' lang='grc' dir='ltr'><strong>τό·</strong></span> 
     </span>
    </p>
   </div>
   <div class='ocr_carea' id='block_1_7' title="bbox 1681 3193 2807 3763">
    <p class='ocr_par' dir='ltr' id='par_1_13' title="bbox 1681 3193 2807 3763">
     <span class='ocr_line' id='line_1_65' title="bbox 1683 3193 2803 3263; baseline 0.006 -24"><span class='ocrx_word' id='word_1_402' title='bbox 1683 3193 1760 3240; x_wconf 74' lang='grc' dir='ltr'><strong>δες</strong></span> <span class='ocrx_word' id='word_1_403' title='bbox 1789 3200 1878 3239; x_wconf 80' lang='lat' dir='ltr'><strong>etc.</strong></span> <span class='ocrx_word' id='word_1_404' title='bbox 1916 3200 1990 3241; x_wconf 87' lang='lat' dir='ltr'><strong>est</strong></span> <span class='ocrx_word' id='word_1_405' title='bbox 2014 3201 2179 3241; x_wconf 82' lang='lat' dir='ltr'><strong>autem</strong></span> <span class='ocrx_word' id='word_1_406' title='bbox 2210 3193 2452 3255; x_wconf 81' lang='lat' dir='ltr'><strong>exquisite</strong></span> <span class='ocrx_word' id='word_1_407' title='bbox 2484 3193 2669 3245; x_wconf 85' lang='lat' dir='ltr'><strong>dictum</strong></span> <span class='ocrx_word' id='word_1_408' title='bbox 2698 3214 2803 3263; x_wconf 83' lang='lat' dir='ltr'><strong>pro,</strong></span> 
     </span>
     <span class='ocr_line' id='line_1_66' title="bbox 1681 3258 2804 3315; baseline 0.008 -12"><span class='ocrx_word' id='word_1_409' title='bbox 1681 3258 1798 3303; x_wconf 68' lang='lat' dir='ltr'><strong>tales</strong></span> <span class='ocrx_word' id='word_1_410' title='bbox 1814 3258 1961 3304; x_wconf 75' lang='lat' dir='ltr'><strong>oculos</strong></span> <span class='ocrx_word' id='word_1_411' title='bbox 1978 3259 2187 3315; x_wconf 71' lang='lat' dir='ltr'><strong>habebat,</strong></span> <span class='ocrx_word' id='word_1_412' title='bbox 2206 3260 2321 3305; x_wconf 72' lang='lat' dir='ltr'><strong>tales</strong></span> <span class='ocrx_word' id='word_1_413' title='bbox 2338 3276 2498 3309; x_wconf 71' lang='lat' dir='ltr'><strong>mus</strong></span> <span class='ocrx_word' id='word_1_414' title='bbox 2513 3270 2603 3309; x_wconf 85' lang='lat' dir='ltr'><strong>etc.</strong></span> <span class='ocrx_word' id='word_1_415' title='bbox 2632 3263 2804 3311; x_wconf 71' lang='lat' dir='ltr'><strong>Pubes-</strong></span> 
     </span>
     <span class='ocr_line' id='line_1_67' title="bbox 1681 3320 2805 3383; baseline 0.008 -16"><span class='ocrx_word' id='word_1_416' title='bbox 1681 3326 1805 3367; x_wconf 82' lang='lat' dir='ltr'><strong>ceret</strong></span> <span class='ocrx_word' id='word_1_417' title='bbox 1845 3320 2064 3369; x_wconf 81' lang='lat' dir='ltr'><strong>ornatius</strong></span> <span class='ocrx_word' id='word_1_418' title='bbox 2102 3336 2247 3383; x_wconf 81' lang='lat' dir='ltr'><strong>quam</strong></span> <span class='ocrx_word' id='word_1_419' title='bbox 2286 3331 2402 3371; x_wconf 72' lang='lat' dir='ltr'><strong>esset</strong></span> <span class='ocrx_word' id='word_1_420' title='bbox 2420 3342 2439 3377; x_wconf 81' lang='lat'><strong>,-</strong></span> <span class='ocrx_word' id='word_1_421' title='bbox 2475 3324 2553 3373; x_wconf 85' lang='lat' dir='ltr'><strong>Eu</strong></span> <span class='ocrx_word' id='word_1_422' title='bbox 2584 3326 2595 3337; x_wconf 84' lang='lat'><strong>&#39;</strong></span> <span class='ocrx_word' id='word_1_423' title='bbox 2698 3327 2805 3376; x_wconf 83' lang='lat' dir='ltr'><strong>Ion.</strong></span> 
     </span>
     <span class='ocr_line' id='line_1_68' title="bbox 1683 3340 2803 3453; baseline 0.007 -22"><span class='ocrx_word' id='word_1_424' title='bbox 1683 3385 1793 3441; x_wconf 77' lang='lat'><strong>354,</strong></span> <span class='ocrx_word' id='word_1_425' title='bbox 1818 3384 1900 3434; x_wconf 74' lang='grc' dir='ltr'><strong>Σοὶ</strong></span> <span class='ocrx_word' id='word_1_426' title='bbox 1916 3384 2093 3433; x_wconf 72' lang='grc' dir='ltr'><strong><em>ταυτὸν</em></strong></span> <span class='ocrx_word' id='word_1_427' title='bbox 2109 3384 2247 3444; x_wconf 66' lang='grc' dir='ltr'><strong><em>ἥβης,</em></strong></span> <span class='ocrx_word' id='word_1_428' title='bbox 2274 3386 2403 3450; x_wconf 63' lang='grc' dir='ltr'><strong>ἄτερ</strong></span> <span class='ocrx_word' id='word_1_429' title='bbox 2424 3385 2497 3446; x_wconf 72' lang='grc' dir='ltr'><strong>ἣν,</strong></span> <span class='ocrx_word' id='word_1_430' title='bbox 2523 3340 2701 3451; x_wconf 46' lang='lat' dir='ltr'><strong>AY&amp;</strong></span> <span class='ocrx_word' id='word_1_431' title='bbox 2718 3390 2803 3453; x_wconf 72' lang='grc' dir='ltr'><strong>μέ-</strong></span> 
     </span>
     <span class='ocr_line' id='line_1_69' title="bbox 1681 3466 2805 3591; baseline 0.008 -31"><span class='ocrx_word' id='word_1_432' title='bbox 1681 3466 2025 3589; x_wconf 48' lang='lat' dir='ltr'><strong>‘&#39;ida-49⁶.</strong></span> <span class='ocrx_word' id='word_1_433' title='bbox 2065 3514 2259 3589; x_wconf 76' lang='lat' dir='ltr'><strong>nurum</strong></span> <span class='ocrx_word' id='word_1_434' title='bbox 2291 3514 2469 3565; x_wconf 75' lang='lat' dir='ltr'><strong>habeat</strong></span> <span class='ocrx_word' id='word_1_435' title='bbox 2506 3528 2679 3591; x_wconf 69' lang='lat' dir='ltr'><strong>pectus</strong></span> <span class='ocrx_word' id='word_1_436' title='bbox 2717 3534 2805 3568; x_wconf 77' lang='lat' dir='ltr'><strong>ne-</strong></span> 
     </span>
     <span class='ocr_line' id='line_1_70' title="bbox 1683 3578 2803 3635; baseline 0.008 -11"><span class='ocrx_word' id='word_1_437' title='bbox 1683 3592 1819 3625; x_wconf 84' lang='lat' dir='ltr'><strong>cesse</strong></span> <span class='ocrx_word' id='word_1_438' title='bbox 1842 3586 1930 3635; x_wconf 86' lang='lat' dir='ltr'><strong>est,</strong></span> <span class='ocrx_word' id='word_1_439' title='bbox 1949 3594 2029 3626; x_wconf 77' lang='lat' dir='ltr'><strong>cui</strong></span> <span class='ocrx_word' id='word_1_440' title='bbox 2050 3578 2104 3627; x_wconf 78' lang='lat' dir='ltr'><strong>hi</strong></span> <span class='ocrx_word' id='word_1_441' title='bbox 2118 3594 2286 3627; x_wconf 81' lang='lat' dir='ltr'><strong>versus</strong></span> <span class='ocrx_word' id='word_1_442' title='bbox 2309 3579 2673 3631; x_wconf 75' lang='lat' dir='ltr'><strong>miserationem</strong></span> <span class='ocrx_word' id='word_1_443' title='bbox 2693 3584 2803 3633; x_wconf 90' lang='lat' dir='ltr'><strong>nul-</strong></span> 
     </span>
     <span class='ocr_line' id='line_1_71' title="bbox 1683 3641 2803 3711; baseline 0.008 -23"><span class='ocrx_word' id='word_1_444' title='bbox 1683 3641 1779 3688; x_wconf 80' lang='lat' dir='ltr'><strong>lam</strong></span> <span class='ocrx_word' id='word_1_445' title='bbox 1804 3641 1995 3691; x_wconf 74' lang='lat' dir='ltr'><strong>faciant.</strong></span> <span class='ocrx_word' id='word_1_446' title='bbox 2044 3645 2251 3691; x_wconf 73' lang='lat' dir='ltr'><strong>For-tama</strong></span> <span class='ocrx_word' id='word_1_447' title='bbox 2262 3652 2471 3706; x_wconf 78' lang='lat' dir='ltr'><strong>peracta,</strong></span> <span class='ocrx_word' id='word_1_448' title='bbox 2488 3647 2687 3711; x_wconf 88' lang='lat' dir='ltr'><strong>proprie</strong></span> <span class='ocrx_word' id='word_1_449' title='bbox 2706 3648 2803 3697; x_wconf 74' lang='lat' dir='ltr'><strong>for-</strong></span> 
     </span>
     <span class='ocr_line' id='line_1_72' title="bbox 1682 3711 2807 3763; baseline 0.009 -11"><span class='ocrx_word' id='word_1_450' title='bbox 1682 3715 1815 3753; x_wconf 83' lang='lat' dir='ltr'><strong>tunae</strong></span> <span class='ocrx_word' id='word_1_451' title='bbox 1838 3721 2023 3755; x_wconf 72' lang='lat' dir='ltr'><strong>ctu-sus.</strong></span> <span class='ocrx_word' id='word_1_452' title='bbox 2294 3711 2503 3757; x_wconf 73' lang='lat' dir='ltr'><strong>cedentia</strong></span> <span class='ocrx_word' id='word_1_453' title='bbox 2532 3720 2685 3760; x_wconf 76' lang='lat' dir='ltr'><strong>retro.-</strong></span> <span class='ocrx_word' id='word_1_454' title='bbox 2720 3712 2807 3763; x_wconf 81' lang='lat' dir='ltr'><strong>inf.</strong></span> 
     </span>
    </p>
   </div>
   <div class='ocr_carea' id='block_1_8' title="bbox 1684 3769 2805 3838">
    <p class='ocr_par' dir='ltr' id='par_1_14' title="bbox 1684 3769 2805 3838">
     <span class='ocr_line' id='line_1_73' title="bbox 1684 3769 2805 3838; baseline 0.01 -22"><span class='ocrx_word' id='word_1_455' title='bbox 1684 3769 1747 3827; x_wconf 77' lang='lat' dir='ltr'><strong>vi,</strong></span> <span class='ocrx_word' id='word_1_456' title='bbox 1772 3771 1851 3828; x_wconf 90' lang='lat'><strong>61,</strong></span> <span class='ocrx_word' id='word_1_457' title='bbox 1876 3773 1985 3819; x_wconf 72' lang='lat' dir='ltr'><strong>Iam</strong></span> <span class='ocrx_word' id='word_1_458' title='bbox 2009 3774 2191 3821; x_wconf 72' lang='lat' dir='ltr'><strong>tandem</strong></span> <span class='ocrx_word' id='word_1_459' title='bbox 2206 3770 2596 3837; x_wconf 69' lang='lat' dir='ltr'><strong>Italiaefiugientt&#39;s</strong></span> <span class='ocrx_word' id='word_1_460' title='bbox 2611 3781 2805 3838; x_wconf 66' lang='lat' dir='ltr'><strong>prendi-</strong></span> 
     </span>
    </p>
   </div>
   <div class='ocr_carea' id='block_1_9' title="bbox 1681 3850 2807 4351">
    <p class='ocr_par' dir='ltr' id='par_1_15' title="bbox 1681 3850 1918 3883">
     <span class='ocr_line' id='line_1_74' title="bbox 1681 3850 1918 3883; baseline 0 -2"><span class='ocrx_word' id='word_1_461' title='bbox 1681 3850 1779 3882; x_wconf 72' lang='lat' dir='ltr'><strong>mus</strong></span> <span class='ocrx_word' id='word_1_462' title='bbox 1800 3852 1918 3883; x_wconf 74' lang='lat' dir='ltr'><strong>orac.</strong></span> 
     </span>
    </p>

    <p class='ocr_par' dir='ltr' id='par_1_16' title="bbox 1684 3899 2807 4351">
     <span class='ocr_line' id='line_1_75' title="bbox 1746 3899 2807 3965; baseline 0.008 -19"><span class='ocrx_word' id='word_1_463' title='bbox 1746 3899 2019 3950; x_wconf 80' lang='lat'><strong>497-499.</strong></span> <span class='ocrx_word' id='word_1_464' title='bbox 2056 3900 2130 3947; x_wconf 83' lang='lat' dir='ltr'><strong>Cf.</strong></span> <span class='ocrx_word' id='word_1_465' title='bbox 2156 3916 2181 3949; x_wconf 85' lang='lat' dir='ltr'><strong>s</strong></span> <span class='ocrx_word' id='word_1_466' title='bbox 2249 3936 2261 3949; x_wconf 92' lang='lat'><strong>.</strong></span> <span class='ocrx_word' id='word_1_467' title='bbox 2288 3903 2385 3950; x_wconf 80' lang='lat'><strong>349</strong></span> <span class='ocrx_word' id='word_1_468' title='bbox 2404 3918 2475 3964; x_wconf 83' lang='lat' dir='ltr'><strong>sq.</strong></span> <span class='ocrx_word' id='word_1_469' title='bbox 2529 3903 2807 3965; x_wconf 70' lang='lat' dir='ltr'><strong>Quaesun&#39;t</strong></span> 
     </span>
     <span class='ocr_line' id='line_1_76' title="bbox 1685 3965 2803 4030; baseline 0.007 -19"><span class='ocrx_word' id='word_1_470' title='bbox 1685 3966 1835 4011; x_wconf 70' lang='lat' dir='ltr'><strong>minus</strong></span> <span class='ocrx_word' id='word_1_471' title='bbox 1851 3966 1981 4012; x_wconf 69' lang='lat' dir='ltr'><strong>obvia</strong></span> <span class='ocrx_word' id='word_1_472' title='bbox 2004 3966 2164 4011; x_wconf 66' lang='lat' dir='ltr'><strong>Graiis</strong></span> <span class='ocrx_word' id='word_1_473' title='bbox 2178 3984 2195 4011; x_wconf 95' lang='lat'><strong>.·</strong></span> <span class='ocrx_word' id='word_1_474' title='bbox 2300 3965 2533 4030; x_wconf 80' lang='lat' dir='ltr'><strong>periculis</strong></span> <span class='ocrx_word' id='word_1_475' title='bbox 2552 3982 2585 4015; x_wconf 74' lang='lat' dir='ltr'><strong>a</strong></span> <span class='ocrx_word' id='word_1_476' title='bbox 2606 3970 2803 4019; x_wconf 78' lang='lat' dir='ltr'><strong>Graeco-</strong></span> 
     </span>
     <span class='ocr_line' id='line_1_77' title="bbox 1684 4025 2805 4095; baseline 0.007 -20"><span class='ocrx_word' id='word_1_477' title='bbox 1684 4043 1795 4076; x_wconf 89' lang='lat' dir='ltr'><strong>rum</strong></span> <span class='ocrx_word' id='word_1_478' title='bbox 1835 4025 2001 4076; x_wconf 77' lang='lat' dir='ltr'><strong>hostili</strong></span> <span class='ocrx_word' id='word_1_479' title='bbox 2048 4026 2233 4092; x_wconf 85' lang='lat' dir='ltr'><strong>impetu</strong></span> <span class='ocrx_word' id='word_1_480' title='bbox 2284 4030 2517 4095; x_wconf 78' lang='lat' dir='ltr'><strong>exposita.</strong></span> <span class='ocrx_word' id='word_1_481' title='bbox 2594 4032 2805 4083; x_wconf 86' lang='lat' dir='ltr'><strong>Sensum</strong></span> 
     </span>
     <span class='ocr_line' id='line_1_78' title="bbox 1685 4092 2805 4161; baseline 0.007 -22"><span class='ocrx_word' id='word_1_482' title='bbox 1685 4100 1817 4139; x_wconf 88' lang='lat' dir='ltr'><strong>recte</strong></span> <span class='ocrx_word' id='word_1_483' title='bbox 1840 4092 2045 4156; x_wconf 84' lang='lat' dir='ltr'><strong>exponit</strong></span> <span class='ocrx_word' id='word_1_484' title='bbox 2066 4092 2200 4142; x_wconf 83' lang='lat' dir='ltr'><strong>Serv.</strong></span> <span class='ocrx_word' id='word_1_485' title='bbox 2226 4097 2280 4142; x_wconf 74' lang='lat' dir='ltr'><strong>id</strong></span> <span class='ocrx_word' id='word_1_486' title='bbox 2298 4104 2381 4152; x_wconf 66' lang='lat' dir='ltr'><strong>est,</strong></span> <span class='ocrx_word' id='word_1_487' title='bbox 2402 4112 2503 4157; x_wconf 70' lang='lat' dir='ltr'><strong>qua</strong></span> <span class='ocrx_word' id='word_1_488' title='bbox 2522 4100 2699 4146; x_wconf 69' lang='lat' dir='ltr'><strong>nutem</strong></span> <span class='ocrx_word' id='word_1_489' title='bbox 2714 4116 2805 4161; x_wconf 73' lang='lat' dir='ltr'><strong>pa-</strong></span> 
     </span>
     <span class='ocr_line' id='line_1_79' title="bbox 1685 4158 2805 4232; baseline 0.007 -28"><span class='ocrx_word' id='word_1_490' title='bbox 1685 4158 1833 4232; x_wconf 60' lang='lat' dir='ltr'><strong>tiatur</strong></span> <span class='ocrx_word' id='word_1_491' title='bbox 1866 4160 2121 4206; x_wconf 68' lang='lat' dir='ltr'><strong>excidium.-</strong></span> <span class='ocrx_word' id='word_1_492' title='bbox 2162 4161 2293 4207; x_wconf 69' lang='grc' dir='ltr'><strong>οὐσία</strong></span> <span class='ocrx_word' id='word_1_493' title='bbox 2332 4160 2504 4218; x_wconf 73' lang='lat' dir='ltr'><strong>Graiis,</strong></span> <span class='ocrx_word' id='word_1_494' title='bbox 2544 4160 2592 4208; x_wconf 86' lang='lat' dir='ltr'><strong>h.</strong></span> <span class='ocrx_word' id='word_1_495' title='bbox 2632 4178 2674 4210; x_wconf 92' lang='lat' dir='ltr'><strong>e.</strong></span> <span class='ocrx_word' id='word_1_496' title='bbox 2716 4164 2805 4213; x_wconf 88' lang='lat' dir='ltr'><strong>ob-</strong></span> 
     </span>
     <span class='ocr_line' id='line_1_80' title="bbox 1684 4224 2807 4351; baseline 0.006 -18"><span class='ocrx_word' id='word_1_497' title='bbox 1684 4224 2501 4351; x_wconf 52' lang='lat' dir='ltr'><strong>mat-‘&#39;zffifflffiffl..</strong></span> <span class='ocrx_word' id='word_1_498' title='bbox 2536 4289 2713 4339; x_wconf 57' lang='lat' dir='ltr'><strong>..nuda</strong></span> <span class='ocrx_word' id='word_1_499' title='bbox 2743 4292 2807 4341; x_wconf 74' lang='lat' dir='ltr'><strong>ad</strong></span> 
     </span>
    </p>
   </div>
   <div class='ocr_carea' id='block_1_10' title="bbox 1684 4350 2804 4420">
    <p class='ocr_par' dir='ltr' id='par_1_17' title="bbox 1684 4350 2804 4420">
     <span class='ocr_line' id='line_1_81' title="bbox 1684 4350 2804 4420; baseline 0.005 -22"><span class='ocrx_word' id='word_1_500' title='bbox 1684 4364 1743 4398; x_wconf 77' lang='lat' dir='ltr'><strong>en</strong></span> <span class='ocrx_word' id='word_1_501' title='bbox 1764 4366 1873 4412; x_wconf 77' lang='lat' dir='ltr'><strong>quoe</strong></span> <span class='ocrx_word' id='word_1_502' title='bbox 1892 4350 2057 4415; x_wconf 85' lang='lat' dir='ltr'><strong>paullo</strong></span> <span class='ocrx_word' id='word_1_503' title='bbox 2076 4360 2191 4399; x_wconf 80' lang='lat' dir='ltr'><strong>ante</strong></span> <span class='ocrx_word' id='word_1_504' title='bbox 2212 4361 2492 4402; x_wconf 82' lang='lat' dir='ltr'><strong>evenerant.</strong></span> <span class='ocrx_word' id='word_1_505' title='bbox 2542 4354 2663 4403; x_wconf 83' lang='lat' dir='ltr'><strong>Post</strong></span> <span class='ocrx_word' id='word_1_506' title='bbox 2678 4370 2804 4420; x_wconf 76' lang='lat' dir='ltr'><strong>pug-</strong></span> 
     </span>
    </p>
   </div>
  </div>
 </body>
</html>
