3050 4934
1205 207 1543 273 LIBER
1593 209 1771 273 XII.

493 352 586 416 Et
617 376 789 420 nunc
817 356 1177 439 porticibus
1206 359 1449 432 vacuiS,
1482 377 1654 421 nunc
1682 356 1950 420 humida
1981 358 2221 420 circum

491 452 739 537 Stagna
772 466 993 520 sonat:
1042 454 1258 519 similis
1290 456 1538 520 medios
1567 455 1855 520 Juturna
1884 477 2004 540 per
2035 455 2262 519 hostes

488 550 726 618 Fertur
754 557 962 638 equis,
994 556 1353 639 rapidoque
1384 555 1606 619 volans
1637 557 1776 620 obit
1807 557 2018 620 omnia
2046 577 2239 620 curru
2264 581 2280 632 ς

488 649 767 736 Jamque
796 655 904 718 hic
932 677 1333 738 germanum,
1356 657 1622 738 jamque
1652 655 1758 718 hic
1789 668 2076 720 ostentat
2105 667 2438 734 ovantem,

312 747 444 811 480
488 750 635 816 Nec
666 754 959 818 conferre
990 777 1248 818 manum
1276 756 1522 838 patitur
1547 781 1562 830 3
1609 754 1782 818 volat
1813 757 1954 818 avia
1983 755 2198 838 longe.

489 849 692 914 Haud
723 854 931 916 minus
964 853 1215 916 AEneas
1248 863 1453 916 tortos
1484 851 1644 936 legit
1673 855 1902 918 obvius
1933 856 2152 929 orbes,

487 949 923 1035 Vestigatque
953 955 1179 1027 virum,
1211 963 1279 1015 et
1309 953 1585 1035 disjecta
1614 974 1734 1035 per
1764 954 2020 1036 agmina
2047 975 2280 1036 magna

487 1048 671 1115 Voce
704 1062 910 1116 vocat.
992 1052 1271 1124 Quoties
1304 1051 1525 1116 oculos
1558 1053 1838 1134 conjecit
1867 1054 1933 1115 in
1963 1052 2241 1128 hostem,

486 1148 969 1234 Alipedumque
1000 1151 1219 1235 fugam
1250 1173 1449 1216 cursu
1478 1153 1754 1216 tentavit
1779 1173 2131 1235 equorum,

310 1247 441 1312 485
485 1250 776 1315 Aversos
808 1253 1001 1316 toties
1030 1273 1259 1316 currus
1289 1251 1578 1316 «Iuturna
1605 1255 1890 1316 retorsit.

486 1349 665 1426 Heu,
696 1352 857 1434 quid
888 1363 1062 1434 agat,
1095 1353 1272 1413 vario
1300 1352 1739 1435 nequidquam
1770 1352 2046 1416 fluctuat
2074 1363 2278 1428 aestu3‘

486 1448 914 1532 Diversaeque
945 1460 1177 1513 vocant
1208 1452 1485 1514 animum
1514 1453 1582 1514 in
1612 1454 1936 1516 contraria
1965 1475 2160 1516 curae.

484 1547 661 1613 Huic
693 1550 1068 1633 Messapus,
1100 1551 1194 1613 uti
1224 1549 1385 1614 laeva
1412 1551 1544 1614 duo
1575 1551 1744 1615 forte
1775 1553 2049 1636 gerebat

487 1647 723 1726 Lenta,
752 1648 911 1712 levis
942 1670 1162 1724 cursu,
1194 1650 1465 1733 praefixa
1494 1645 1756 1714 hastilia
1783 1651 1982 1728 ferm,

307 1745 441 1809 490
486 1747 746 1812 Horum
775 1772 973 1814 unum
998 1759 1180 1812 certo
1207 1760 1646 1832 contorquens
1677 1752 1899 1834 dirigit
1927 1754 2082 1815 ictu.

485 1847 793 1912 Substitit
824 1849 1093 1924 AEneas,
1126 1859 1193 1911 et
1224 1871 1295 1912 se
1326 1847 1586 1932 collegit
1614 1851 1680 1913 in
1709 1872 1908 1926 arma,

484 1946 740 2031 Poplite
774 1949 1157 2025 subsidens;
1204 1950 1455 2032 apicem
1484 1961 1699 2013 tamen
1729 1951 1924 2012 incita
1955 1971 2270 2013 summum

483 2047 699 2111 Hasta
730 2047 897 2122 tulit,
931 2069 1340 2130 summasque
1372 2051 1663 2112 excussit
1691 2051 1932 2113 vertice
1961 2050 2213 2130 cristas.

480 2146 658 2211 Tum
688 2169 841 2214 vero
872 2158 1226 2230 assurgunt
1254 2148 1405 2223 irae3
1452 2149 1832 2232 insidiisque
1865 2149 2198 2225 subactus,

304 2246 436 2310 495
482 2247 800 2312 Diversos
833 2248 945 2310 ubi
976 2248 1179 2310 sensit
1207 2268 1411 2329 equos
1442 2269 1834 2331 currumque
1865 2247 2117 2324 referri,

486 2345 703 2411 Multa
734 2347 963 2410 «Iovem
994 2359 1061 2410 et
1090 2345 1226 2409 laesi
1257 2356 1539 2411 testatur
1567 2347 1834 2411 foederis
1865 2369 2050 2411 aras:

482 2447 635 2511 Jam
663 2448 927 2512 tandem
954 2446 1201 2510 invadit
1227 2447 1499 2522 mediOS,
1529 2459 1599 2511 et
1628 2447 1848 2510 Marte
1879 2447 2168 2511 secundo

479 2547 847 2624 Terribilis,
880 2568 1114 2610 saevam
1144 2545 1320 2608 nullo
1349 2547 1717 2611 discrimine
1748 2547 1994 2610 casdem

478 2647 802 2724 Suscitat3
847 2648 1217 2729 irarumque
1249 2667 1471 2708 omnes
1501 2645 1780 2711 effimdit
1809 2645 2121 2714 habenas.

302 2747 433 2810 500
563 2747 731 2819 Quis
762 2747 915 2810 mihi
947 2767 1118 2809 nunc
1150 2755 1249 2808 tot
1278 2747 1515 2809 acerba
1545 2746 1734 2822 deuS,
1765 2747 1912 2829 quis
1941 2747 2222 2812 carmine
2255 2750 2469 2814 caedes

479 2846 815 2922 Diversus,
850 2847 1226 2928 obitumque
1254 2845 1519 2920 ducum,
1551 2867 1716 2928 quos
1749 2866 2010 2929 aequore
2043 2857 2180 2910 toto

478 2945 684 3029 Inque
711 2947 914 3010 vicem
942 2965 1115 3008 nunc
1143 2943 1413 3008 Turnus
1445 2945 1603 3028 agit,
1637 2966 1811 3008 nunc
1841 2943 2084 3009 Troius
2116 2945 2336 3026 heroS,

481 3033 857 3130 Expediat?
904 3045 1149 3108 tanton'
1180 3043 1421 3128 placuit
1452 3065 1841 3111 concurrere
1870 3055 2073 3124 motu,

302 3263 473 3298 ronetn
484 3264 582 3298 non
591 3247 955 3299 occurritaliud.
984 3250 1097 3298 Nisi
1114 3250 1278 3312 itaque
1286 3257 1431 3312 poeta

304 3311 349 3362 is
373 3314 503 3362 unde
526 3314 727 3362 ductum
750 3322 824 3362 est
845 3313 1108 3370 intercidit,
1134 3322 1210 3362 est
1226 3314 1318 3360 hoc
1350 3312 1427 3360 in-

304 3385 381 3424 ter
408 3376 609 3426 inventa
634 3379 868 3426 Maronis.
927 3376 1245 3426 Observanda
1266 3389 1427 3425 autem

303 3455 383 3488 ars
408 3439 463 3487 in
484 3455 539 3488 re
564 3441 698 3488 tenui
729 3451 780 3489 et
807 3441 983 3490 humili
1014 3440 1232 3488 ornanda
1254 3448 1304 3487 et
1324 3455 1427 3486 am-

252 3548 257 3556 ,
301 3502 577 3566 plificanda.
602 3507 755 3566 Nigra
771 3508 979 3552 hirundo.
1016 3505 1191 3552 Dicam
1205 3502 1426 3551 hirundi-

304 3581 418 3614 nem
450 3567 681 3615 rusticam
715 3567 938 3627 describi,
963 3567 1298 3624 δικανθυλλὶδα,
1324 3582 1431 3628 quae

302 3629 448 3678 dorso
470 3629 611 3693 nigro
640 3632 985 3680 caerulesceute
1015 3641 1116 3679 est:
1154 3640 1205 3678 et
1236 3629 1315 3692 agi
1348 3629 1427 3678 hic

301 3707 401 3740 non
420 3693 483 3741 de
504 3694 686 3758 palatio
704 3697 905 3752 urbano,
924 3693 1011 3743 sed
1034 3694 1095 3743 de
1120 3693 1233 3742 villa
1251 3693 1427 3754 aliqua,

301 3756 387 3805 illa
420 3757 613 3815 docent,
652 3775 772 3806 nuuc
806 3761 1060 3819 porticibus
1098 3760 1268 3813 vacuis,
1310 3773 1429 3804 nunc

301 3823 489 3868 humida
512 3825 683 3870 circum
706 3826 884 3885 Stagna
906 3829 1037 3869 sonat
1051 3840 1069 3876 ‚-
1103 3836 1211 3883 quae
1232 3820 1284 3866 in
1307 3820 1427 3867 urbe

303 3899 403 3932 non
436 3884 577 3933 facile
614 3901 815 3962 quaerss.
886 3884 1060 3933 Suavis
1101 3898 1269 3932 versus
1301 3883 1425 3932 475:

296 3963 447 4008 parva
470 3963 581 3996 cum
602 3949 805 4005 dllectu3
830 3959 887 3998 ut
906 3952 1061 3996 vacua's
1078 3947 1293 3996 declarat
1314 3961 1425 4009 spa-

302 4011 371 4058 tia
414 4011 632 4073 porticus
667 4022 718 4061 et
752 4011 1149 4076 amplitudinem:
1196 4013 1321 4058 nidis
1361 4013 1425 4058 10-

306 4078 529 4135 quacilms
548 4091 641 4138 pro
661 4076 823 4140 pullis.

369 4139 643 4186 480—482.
690 4142 791 4187 Nec
824 4138 1027 4201 cmfferre
1064 4155 1276 4191 manuum·
1316 4152 1428 4185 cum

304 4201 480 4253 AEnea.
530 4202 660 4250 Nam
682 4203 803 4250 alios
825 4201 1143 4266 persequitur.
1192 4201 1261 4248 Ut
1283 4203 1431 4262 legere

304 4267 514 4327 vestigia,
550 4281 668 4323 oras,
702 4270 814 4323 vias,
846 4275 921 4313 est
952 4264 1194 4328 persequi,
1218 4263 1287 4312 sic
1318 4267 1432 4326 legit

307 4326 354 4374 b.
380 4327 410 4374 1.
440 4331 615 4377 AEneas
650 4337 791 4378 tortos
822 4332 964 4385 orbes,
1000 4327 1217 4390 obliquas
1252 4337 1301 4375 et
1336 4325 1427 4374 im·

1494 3248 1686 3324 plicitas
1705 3250 1810 3297 vias
1829 3259 2048 3312 pererrat
2069 3266 2125 3297 ac
2155 3265 2460 3314 pervagatur.
2485 3217 2617 3304 ⁴Dis·-

1481 3321 1617 3374 ,γει-ια
1644 3329 1732 3374 per
1753 3316 1938 3376 agmina
1969 3313 2208 3376 impetum
2240 3316 2428 3363 ruentis
2450 3333 2622 3366 currus

1494 3375 1722 3432 declarat,
1748 3392 1843 3438 quo
1865 3376 2086 3439 dissipati
2109 3377 2289 3424 cedunt
2311 3379 2520 3426 ordines.

1561 3442 1672 3496 483,
1691 3442 1801 3488 484.
1837 3440 2042 3494 Quoties
2063 3455 2092 3486 e
2113 3440 2380 3502 longinquo
2395 3441 2620 3491 Turnum

1496 3503 1916 3559 animadverterat,
1942 3517 2148 3564 eumque
2181 3503 2528 3564 insequebatur
2549 3506 2620 3556 sic

1496 3575 1552 3614 ut
1581 3569 1684 3627 jam
1715 3566 1914 3638 aggredi
1951 3565 2098 3614 vellet
2132 3575 2223 3613 etc.
2283 3568 2478 3614 Tentare
2501 3568 2549 3615 h.
2586 3569 2618 3616 Ι.

1493 3645 1584 3692 pro
1617 3644 1822 3690 assequi,
1847 3627 1968 3676 attin
2032 3643 2113 3676 re:
2150 3629 2322 3677 saltem
2353 3630 2408 3677 in
2431 3645 2491 3678 eo
2513 3647 2620 3680 esse

1494 3700 1551 3740 ut
1571 3691 1857 3754 assequaris.
1906 3691 1969 3738 Vi
2007 3699 2114 3739 etur
2137 3701 2300 3740 autem
2323 3693 2509 3743 AEneas
2533 3696 2619 3757 (cf.

1494 3771 1538 3803 v.
1563 3755 1685 3816 465)
1708 3755 1858 3818 pedes
1879 3755 2120 3804 incedere.

1557 3820 1831 3867 491—494.
1873 3821 1931 3866 Se
1963 3822 2146 3882 colleg-ie
2181 3823 2229 3867 in
2261 3837 2404 3878 arma,
2443 3821 2531 3869 int.
2566 3822 2620 3870 in

1494 3881 1720 3945 ciipeum,
1745 3898 1840 3944 quo
1863 3881 1987 3930 texit
2008 3897 2076 3940 se,
2101 3881 2348 3944 ὑφιζάνων,
2366 3888 2619 3932 subsidens.

1493 3948 1688 3994 Insidiis
1707 3950 1938 4004 subactum,
1973 3946 2047 3994 ira
2068 3956 2270 4010 propter
2301 3946 2504 3996 insidias
2525 3948 2620 3997 sibi

1494 4009 1645 4058 factas
1667 4010 1836 4058 victus.

1560 4075 1831 4121 500—502.
1875 4073 2036 4122 Erant
2072 4075 2344 4139 superanda
2381 4089 2514 4124 nunc
2547 4085 2620 4126 tot

1494 4137 1589 4185 alia
1611 4137 1717 4185 loca
1737 4138 1799 4185 de
1821 4137 2160 4199 congressibus
2181 4139 2519 4201 pugnantium,
2539 4139 2616 4204 ip-

1495 4199 1598 4310 siutiis
1621 4215 1812 4310 ngqff
1834 4201 2006 4278 Aiineae
2028 4211 2079 4248 et
2099 4201 2270 4249 Turni.
2319 4203 2454 4250 Hinc
2477 4204 2614 4252 invo-

1496 4279 1554 4310 ca
1593 4279 1624 4310 o
1679 4278 1723 4310 ei
1796 4278 1874 4311 ncu
1891 4279 1964 4312 us.

1563 4329 1672 4382 603,
1699 4328 1806 4374 504.
1845 4281 1942 4374 151το
1969 4329 2184 4390 vulg-ari:
2225 4329 2422 4378 Fiet-ine
2443 4332 2618 4395 potuit,

1418 4393 1513 4436 421
