<?xml version="1.0" encoding="UTF-8"?>
<!DOCTYPE html PUBLIC "-//W3C//DTD XHTML 1.0 Transitional//EN"
    "http://www.w3.org/TR/xhtml1/DTD/xhtml1-transitional.dtd">
<html xmlns="http://www.w3.org/1999/xhtml" xml:lang="en" lang="en">
 <head>
  <title>
</title>
<meta http-equiv="Content-Type" content="text/html;charset=utf-8" />
  <meta name='ocr-system' content='tesseract 3.04.00' />
  <meta name='ocr-capabilities' content='ocr_page ocr_carea ocr_par ocr_line ocrx_word'/>
</head>
<body>
  <div class='ocr_page' id='page_1' title='image "./publiivirgiliim00unkngoog_0322.png"; bbox 0 0 3050 4934; ppageno 0'>
   <div class='ocr_carea' id='block_1_1' title="bbox 1150 286 1700 355">
    <p class='ocr_par' dir='ltr' id='par_1_1' title="bbox 1150 286 1700 355">
     <span class='ocr_line' id='line_1_1' title="bbox 1150 286 1700 355; baseline 0.002 -6"><span class='ocrx_word' id='word_1_1' title='bbox 1150 286 1489 352; x_wconf 89' lang='lat' dir='ltr'>LIBER</span> <span class='ocrx_word' id='word_1_2' title='bbox 1553 286 1700 355; x_wconf 87' lang='grc' dir='ltr'><strong>ΙΙΙ.</strong></span> 
     </span>
    </p>
   </div>
   <div class='ocr_carea' id='block_1_2' title="bbox 441 432 1072 518">
    <p class='ocr_par' dir='ltr' id='par_1_2' title="bbox 441 432 1072 518">
     <span class='ocr_line' id='line_1_2' title="bbox 441 432 1072 518; baseline 0.005 -22"><span class='ocrx_word' id='word_1_3' title='bbox 441 432 874 518; x_wconf 87' lang='lat' dir='ltr'>Solamenque</span> <span class='ocrx_word' id='word_1_4' title='bbox 906 433 1072 500; x_wconf 90' lang='lat' dir='ltr'>mali.</span> 
     </span>
    </p>
   </div>
   <div class='ocr_carea' id='block_1_3' title="bbox 2453 285 2574 348">
    <p class='ocr_par' dir='ltr' id='par_1_3' title="bbox 2453 285 2574 348">
     <span class='ocr_line' id='line_1_3' title="bbox 2453 285 2574 348; baseline 0.008 -1"><span class='ocrx_word' id='word_1_5' title='bbox 2453 285 2574 348; x_wconf 84' lang='lat'>311</span> 
     </span>
    </p>
   </div>
   <div class='ocr_carea' id='block_1_4' title="bbox 260 533 2366 2736">
    <p class='ocr_par' dir='ltr' id='par_1_4' title="bbox 438 533 2366 823">
     <span class='ocr_line' id='line_1_4' title="bbox 442 533 2358 622; baseline 0.003 -25"><span class='ocrx_word' id='word_1_6' title='bbox 442 533 801 618; x_wconf 86' lang='lat' dir='ltr'>Postquam</span> <span class='ocrx_word' id='word_1_7' title='bbox 832 534 995 600; x_wconf 87' lang='lat' dir='ltr'>altos</span> <span class='ocrx_word' id='word_1_8' title='bbox 1029 538 1241 620; x_wconf 84' lang='lat' dir='ltr'>tetigit</span> <span class='ocrx_word' id='word_1_9' title='bbox 1270 538 1534 614; x_wconf 78' lang='lat' dir='ltr'>fluctuS,</span> <span class='ocrx_word' id='word_1_10' title='bbox 1565 547 1634 602; x_wconf 88' lang='lat' dir='ltr'>et</span> <span class='ocrx_word' id='word_1_11' title='bbox 1661 537 1746 602; x_wconf 89' lang='lat' dir='ltr'>ad</span> <span class='ocrx_word' id='word_1_12' title='bbox 1779 560 2042 622; x_wconf 83' lang='lat' dir='ltr'>aequora</span> <span class='ocrx_word' id='word_1_13' title='bbox 2071 540 2269 615; x_wconf 85' lang='lat' dir='ltr'>venit,</span> <span class='ocrx_word' id='word_1_14' title='bbox 2353 610 2358 617; x_wconf 44' lang='lat'>‚</span> 
     </span>
     <span class='ocr_line' id='line_1_5' title="bbox 441 634 2006 715; baseline 0.003 -17"><span class='ocrx_word' id='word_1_15' title='bbox 441 634 735 699; x_wconf 77' lang='lat' dir='ltr'><strong>Luminis</strong></span> <span class='ocrx_word' id='word_1_16' title='bbox 764 635 991 701; x_wconf 83' lang='lat' dir='ltr'>effossi</span> <span class='ocrx_word' id='word_1_17' title='bbox 1019 638 1292 701; x_wconf 89' lang='lat' dir='ltr'>fluidum</span> <span class='ocrx_word' id='word_1_18' title='bbox 1321 637 1475 702; x_wconf 88' lang='lat' dir='ltr'>lavit</span> <span class='ocrx_word' id='word_1_19' title='bbox 1503 639 1654 702; x_wconf 92' lang='lat' dir='ltr'>inde</span> <span class='ocrx_word' id='word_1_20' title='bbox 1687 660 2006 715; x_wconf 86' lang='lat' dir='ltr'>cruorem,</span> 
     </span>
     <span class='ocr_line' id='line_1_6' title="bbox 438 734 2366 823; baseline 0.002 -25"><span class='ocrx_word' id='word_1_21' title='bbox 438 734 769 802; x_wconf 87' lang='lat' dir='ltr'><strong>Dentibus</strong></span> <span class='ocrx_word' id='word_1_22' title='bbox 800 736 1177 802; x_wconf 85' lang='lat' dir='ltr'>infrendens</span> <span class='ocrx_word' id='word_1_23' title='bbox 1207 740 1488 823; x_wconf 86' lang='lat' dir='ltr'>gemitu3</span> <span class='ocrx_word' id='word_1_24' title='bbox 1535 740 1960 823; x_wconf 84' lang='lat' dir='ltr'><strong>graditurque</strong></span> <span class='ocrx_word' id='word_1_25' title='bbox 1991 760 2114 823; x_wconf 89' lang='lat' dir='ltr'>per</span> <span class='ocrx_word' id='word_1_26' title='bbox 2143 760 2366 823; x_wconf 88' lang='lat' dir='ltr'>aequor</span> 
     </span>
    </p>

    <p class='ocr_par' dir='ltr' id='par_1_5' title="bbox 265 835 2242 1327">
     <span class='ocr_line' id='line_1_7' title="bbox 265 835 2242 915; baseline 0.003 -17"><span class='ocrx_word' id='word_1_27' title='bbox 265 835 397 899; x_wconf 86' lang='lat'>665</span> <span class='ocrx_word' id='word_1_28' title='bbox 440 836 588 900; x_wconf 86' lang='lat' dir='ltr'>Jam</span> <span class='ocrx_word' id='word_1_29' title='bbox 618 838 937 915; x_wconf 84' lang='lat' dir='ltr'>medium3</span> <span class='ocrx_word' id='word_1_30' title='bbox 984 839 1263 904; x_wconf 87' lang='lat' dir='ltr'>necdum</span> <span class='ocrx_word' id='word_1_31' title='bbox 1292 840 1532 903; x_wconf 88' lang='lat' dir='ltr'>fluctus</span> <span class='ocrx_word' id='word_1_32' title='bbox 1562 838 1766 904; x_wconf 87' lang='lat' dir='ltr'>latera</span> <span class='ocrx_word' id='word_1_33' title='bbox 1794 840 2002 903; x_wconf 88' lang='lat' dir='ltr'>ardua</span> <span class='ocrx_word' id='word_1_34' title='bbox 2030 841 2242 904; x_wconf 85' lang='lat' dir='ltr'>tinxit.</span> 
     </span>
     <span class='ocr_line' id='line_1_8' title="bbox 441 936 2184 1025; baseline 0.002 -24"><span class='ocrx_word' id='word_1_35' title='bbox 441 936 585 1001; x_wconf 90' lang='lat' dir='ltr'>Nos</span> <span class='ocrx_word' id='word_1_36' title='bbox 617 938 849 1022; x_wconf 92' lang='lat' dir='ltr'>procul</span> <span class='ocrx_word' id='word_1_37' title='bbox 875 940 1027 1004; x_wconf 91' lang='lat' dir='ltr'>inde</span> <span class='ocrx_word' id='word_1_38' title='bbox 1055 938 1277 1025; x_wconf 86' lang='lat' dir='ltr'>fugam</span> <span class='ocrx_word' id='word_1_39' title='bbox 1305 941 1548 1024; x_wconf 83' lang='lat' dir='ltr'>trepidi</span> <span class='ocrx_word' id='word_1_40' title='bbox 1578 939 1884 1018; x_wconf 89' lang='lat' dir='ltr'>celerare,</span> <span class='ocrx_word' id='word_1_41' title='bbox 1917 951 2184 1025; x_wconf 89' lang='lat' dir='ltr'>recepto</span> 
     </span>
     <span class='ocr_line' id='line_1_9' title="bbox 440 1037 2155 1124; baseline 0.002 -25"><span class='ocrx_word' id='word_1_42' title='bbox 440 1037 773 1122; x_wconf 89' lang='lat' dir='ltr'>Supplice,</span> <span class='ocrx_word' id='word_1_43' title='bbox 806 1040 899 1105; x_wconf 89' lang='lat' dir='ltr'>sic</span> <span class='ocrx_word' id='word_1_44' title='bbox 928 1041 1194 1118; x_wconf 81' lang='lat' dir='ltr'>merit03</span> <span class='ocrx_word' id='word_1_45' title='bbox 1242 1041 1552 1124; x_wconf 89' lang='lat' dir='ltr'>tacitique</span> <span class='ocrx_word' id='word_1_46' title='bbox 1581 1042 1870 1105; x_wconf 85' lang='lat' dir='ltr'>incidere</span> <span class='ocrx_word' id='word_1_47' title='bbox 1899 1040 2155 1117; x_wconf 80' lang='lat' dir='ltr'>funem3</span> 
     </span>
     <span class='ocr_line' id='line_1_10' title="bbox 440 1137 2063 1227; baseline 0.002 -26"><span class='ocrx_word' id='word_1_48' title='bbox 440 1137 779 1205; x_wconf 88' lang='lat' dir='ltr'>Verrimus</span> <span class='ocrx_word' id='word_1_49' title='bbox 810 1151 878 1206; x_wconf 88' lang='lat' dir='ltr'>et</span> <span class='ocrx_word' id='word_1_50' title='bbox 906 1142 1096 1227; x_wconf 89' lang='lat' dir='ltr'>proni</span> <span class='ocrx_word' id='word_1_51' title='bbox 1124 1142 1525 1207; x_wconf 80' lang='lat' dir='ltr'>certantibus</span> <span class='ocrx_word' id='word_1_52' title='bbox 1557 1162 1821 1225; x_wconf 85' lang='lat' dir='ltr'>aequora</span> <span class='ocrx_word' id='word_1_53' title='bbox 1850 1142 2063 1207; x_wconf 88' lang='lat' dir='ltr'>remis.</span> 
     </span>
     <span class='ocr_line' id='line_1_11' title="bbox 442 1238 1956 1327; baseline 0.002 -24"><span class='ocrx_word' id='word_1_54' title='bbox 442 1238 683 1318; x_wconf 84' lang='lat' dir='ltr'>Sensit,</span> <span class='ocrx_word' id='word_1_55' title='bbox 715 1252 783 1306; x_wconf 92' lang='lat' dir='ltr'>et</span> <span class='ocrx_word' id='word_1_56' title='bbox 812 1244 896 1307; x_wconf 88' lang='lat' dir='ltr'>ad</span> <span class='ocrx_word' id='word_1_57' title='bbox 929 1243 1210 1307; x_wconf 87' lang='lat' dir='ltr'>sonitum</span> <span class='ocrx_word' id='word_1_58' title='bbox 1238 1243 1415 1307; x_wconf 85' lang='lat' dir='ltr'>vocis</span> <span class='ocrx_word' id='word_1_59' title='bbox 1446 1242 1718 1327; x_wconf 84' lang='lat' dir='ltr'>vestigia</span> <span class='ocrx_word' id='word_1_60' title='bbox 1745 1243 1956 1307; x_wconf 88' lang='lat' dir='ltr'>torsit.</span> 
     </span>
    </p>

    <p class='ocr_par' dir='ltr' id='par_1_6' title="bbox 264 1340 2215 1833">
     <span class='ocr_line' id='line_1_12' title="bbox 264 1340 2215 1428; baseline 0.003 -25"><span class='ocrx_word' id='word_1_61' title='bbox 264 1340 398 1403; x_wconf 87' lang='lat'>670</span> <span class='ocrx_word' id='word_1_62' title='bbox 439 1340 691 1405; x_wconf 89' lang='lat' dir='ltr'>Verum</span> <span class='ocrx_word' id='word_1_63' title='bbox 719 1343 835 1407; x_wconf 91' lang='lat' dir='ltr'>ubi</span> <span class='ocrx_word' id='word_1_64' title='bbox 864 1342 1041 1407; x_wconf 88' lang='lat' dir='ltr'>nulla</span> <span class='ocrx_word' id='word_1_65' title='bbox 1068 1344 1263 1407; x_wconf 88' lang='lat' dir='ltr'>datur</span> <span class='ocrx_word' id='word_1_66' title='bbox 1292 1344 1528 1407; x_wconf 86' lang='lat' dir='ltr'>dextra</span> <span class='ocrx_word' id='word_1_67' title='bbox 1559 1342 1867 1408; x_wconf 83' lang='lat' dir='ltr'>affectare</span> <span class='ocrx_word' id='word_1_68' title='bbox 1897 1353 2215 1428; x_wconf 78' lang='lat' dir='ltr'>potestaS,</span> 
     </span>
     <span class='ocr_line' id='line_1_13' title="bbox 439 1442 1989 1529; baseline 0.001 -22"><span class='ocrx_word' id='word_1_69' title='bbox 439 1442 584 1508; x_wconf 90' lang='lat' dir='ltr'>Nec</span> <span class='ocrx_word' id='word_1_70' title='bbox 614 1445 789 1529; x_wconf 89' lang='lat' dir='ltr'>potis</span> <span class='ocrx_word' id='word_1_71' title='bbox 818 1443 1036 1509; x_wconf 87' lang='lat' dir='ltr'>Ionios</span> <span class='ocrx_word' id='word_1_72' title='bbox 1066 1444 1304 1509; x_wconf 89' lang='lat' dir='ltr'>fluctus</span> <span class='ocrx_word' id='word_1_73' title='bbox 1336 1466 1598 1528; x_wconf 84' lang='lat' dir='ltr'>aequare</span> <span class='ocrx_word' id='word_1_74' title='bbox 1631 1446 1989 1529; x_wconf 85' lang='lat' dir='ltr'>sequendo,</span> 
     </span>
     <span class='ocr_line' id='line_1_14' title="bbox 442 1543 2212 1631; baseline 0.001 -23"><span class='ocrx_word' id='word_1_75' title='bbox 442 1543 804 1610; x_wconf 90' lang='lat' dir='ltr'>Clamorem</span> <span class='ocrx_word' id='word_1_76' title='bbox 830 1547 1211 1610; x_wconf 89' lang='lat' dir='ltr'>immensum</span> <span class='ocrx_word' id='word_1_77' title='bbox 1240 1544 1428 1622; x_wconf 86' lang='lat' dir='ltr'>tollit,</span> <span class='ocrx_word' id='word_1_78' title='bbox 1460 1568 1592 1629; x_wconf 93' lang='lat' dir='ltr'>quo</span> <span class='ocrx_word' id='word_1_79' title='bbox 1621 1556 1862 1631; x_wconf 89' lang='lat' dir='ltr'>pontus</span> <span class='ocrx_word' id='word_1_80' title='bbox 1895 1557 1962 1610; x_wconf 92' lang='lat' dir='ltr'>et</span> <span class='ocrx_word' id='word_1_81' title='bbox 1993 1568 2212 1610; x_wconf 88' lang='lat' dir='ltr'>omnes</span> 
     </span>
     <span class='ocr_line' id='line_1_15' title="bbox 441 1646 2078 1733; baseline 0.001 -23"><span class='ocrx_word' id='word_1_82' title='bbox 441 1646 843 1713; x_wconf 88' lang='lat' dir='ltr'>Intremuere</span> <span class='ocrx_word' id='word_1_83' title='bbox 871 1648 1091 1723; x_wconf 83' lang='lat' dir='ltr'>undae,</span> <span class='ocrx_word' id='word_1_84' title='bbox 1121 1648 1514 1733; x_wconf 87' lang='lat' dir='ltr'>penitusque</span> <span class='ocrx_word' id='word_1_85' title='bbox 1546 1647 1858 1712; x_wconf 85' lang='lat' dir='ltr'>exterrita</span> <span class='ocrx_word' id='word_1_86' title='bbox 1889 1646 2078 1711; x_wconf 84' lang='lat' dir='ltr'>tellus</span> 
     </span>
     <span class='ocr_line' id='line_1_16' title="bbox 441 1746 1967 1833; baseline 0 -22"><span class='ocrx_word' id='word_1_87' title='bbox 441 1746 669 1825; x_wconf 70' lang='lat' dir='ltr'>Italiae,</span> <span class='ocrx_word' id='word_1_88' title='bbox 698 1750 1042 1833; x_wconf 85' lang='lat' dir='ltr'>curvisque</span> <span class='ocrx_word' id='word_1_89' title='bbox 1073 1749 1386 1832; x_wconf 86' lang='lat' dir='ltr'>immugiit</span> <span class='ocrx_word' id='word_1_90' title='bbox 1414 1748 1625 1813; x_wconf 88' lang='lat' dir='ltr'>AEtna</span> <span class='ocrx_word' id='word_1_91' title='bbox 1653 1749 1967 1812; x_wconf 78' lang='lat' dir='ltr'>cavernis·</span> 
     </span>
    </p>

    <p class='ocr_par' dir='ltr' id='par_1_7' title="bbox 264 1847 2237 2338">
     <span class='ocr_line' id='line_1_17' title="bbox 264 1847 2065 1933; baseline 0.001 -22"><span class='ocrx_word' id='word_1_92' title='bbox 264 1849 397 1911; x_wconf 83' lang='lat'>675</span> <span class='ocrx_word' id='word_1_93' title='bbox 439 1847 534 1912; x_wconf 90' lang='lat' dir='ltr'>At</span> <span class='ocrx_word' id='word_1_94' title='bbox 563 1871 771 1933; x_wconf 83' lang='lat' dir='ltr'>genus</span> <span class='ocrx_word' id='word_1_95' title='bbox 801 1872 838 1913; x_wconf 92' lang='lat' dir='ltr'>e</span> <span class='ocrx_word' id='word_1_96' title='bbox 870 1849 1043 1913; x_wconf 87' lang='lat' dir='ltr'>silvis</span> <span class='ocrx_word' id='word_1_97' title='bbox 1076 1848 1435 1933; x_wconf 84' lang='lat' dir='ltr'>Cyclopum</span> <span class='ocrx_word' id='word_1_98' title='bbox 1464 1859 1533 1913; x_wconf 92' lang='lat' dir='ltr'>et</span> <span class='ocrx_word' id='word_1_99' title='bbox 1561 1850 1890 1913; x_wconf 87' lang='lat' dir='ltr'>montibus</span> <span class='ocrx_word' id='word_1_100' title='bbox 1921 1848 2065 1913; x_wconf 87' lang='lat' dir='ltr'>altis</span> 
     </span>
     <span class='ocr_line' id='line_1_18' title="bbox 441 1949 2030 2035; baseline 0 -22"><span class='ocrx_word' id='word_1_101' title='bbox 441 1949 752 2015; x_wconf 86' lang='lat' dir='ltr'>Excitum</span> <span class='ocrx_word' id='word_1_102' title='bbox 780 1952 910 2014; x_wconf 91' lang='lat' dir='ltr'>ruit</span> <span class='ocrx_word' id='word_1_103' title='bbox 940 1951 1025 2014; x_wconf 86' lang='lat' dir='ltr'>ad</span> <span class='ocrx_word' id='word_1_104' title='bbox 1056 1961 1310 2035; x_wconf 83' lang='lat' dir='ltr'>portus,</span> <span class='ocrx_word' id='word_1_105' title='bbox 1343 1960 1410 2014; x_wconf 92' lang='lat' dir='ltr'>et</span> <span class='ocrx_word' id='word_1_106' title='bbox 1437 1949 1658 2014; x_wconf 83' lang='lat' dir='ltr'>littora</span> <span class='ocrx_word' id='word_1_107' title='bbox 1686 1950 2030 2034; x_wconf 87' lang='lat' dir='ltr'>complent.</span> 
     </span>
     <span class='ocr_line' id='line_1_19' title="bbox 443 2051 2103 2136; baseline 0 -21"><span class='ocrx_word' id='word_1_108' title='bbox 443 2051 781 2117; x_wconf 88' lang='lat' dir='ltr'>Cernimus</span> <span class='ocrx_word' id='word_1_109' title='bbox 813 2053 1151 2116; x_wconf 80' lang='lat' dir='ltr'>adstantes</span> <span class='ocrx_word' id='word_1_110' title='bbox 1181 2052 1619 2136; x_wconf 86' lang='lat' dir='ltr'>nequidquam</span> <span class='ocrx_word' id='word_1_111' title='bbox 1648 2051 1884 2115; x_wconf 91' lang='lat' dir='ltr'>lumine</span> <span class='ocrx_word' id='word_1_112' title='bbox 1917 2062 2103 2115; x_wconf 90' lang='lat' dir='ltr'>torvo</span> 
     </span>
     <span class='ocr_line' id='line_1_20' title="bbox 440 2151 1978 2238; baseline 0 -21"><span class='ocrx_word' id='word_1_113' title='bbox 440 2152 743 2218; x_wconf 83' lang='lat' dir='ltr'>AEtnaeos</span> <span class='ocrx_word' id='word_1_114' title='bbox 774 2154 1033 2231; x_wconf 57' lang='grc' dir='ltr'>ἤθει-οε,</span> <span class='ocrx_word' id='word_1_115' title='bbox 1068 2152 1235 2219; x_wconf 85' lang='lat' dir='ltr'>coelo</span> <span class='ocrx_word' id='word_1_116' title='bbox 1264 2154 1479 2238; x_wconf 88' lang='lat' dir='ltr'>capita</span> <span class='ocrx_word' id='word_1_117' title='bbox 1507 2151 1640 2216; x_wconf 90' lang='lat' dir='ltr'>alta</span> <span class='ocrx_word' id='word_1_118' title='bbox 1669 2151 1978 2230; x_wconf 82' lang='lat' dir='ltr'>ferentes,</span> 
     </span>
     <span class='ocr_line' id='line_1_21' title="bbox 440 2253 2237 2338; baseline 0 -19"><span class='ocrx_word' id='word_1_119' title='bbox 440 2254 797 2320; x_wconf 88' lang='lat' dir='ltr'>Concilium</span> <span class='ocrx_word' id='word_1_120' title='bbox 824 2254 1261 2320; x_wconf 87' lang='lat' dir='ltr'>horrendum:</span> <span class='ocrx_word' id='word_1_121' title='bbox 1308 2253 1534 2338; x_wconf 88' lang='lat' dir='ltr'>quales</span> <span class='ocrx_word' id='word_1_122' title='bbox 1565 2277 1764 2338; x_wconf 90' lang='lat' dir='ltr'>quum</span> <span class='ocrx_word' id='word_1_123' title='bbox 1793 2257 2033 2319; x_wconf 87' lang='lat' dir='ltr'>vertice</span> <span class='ocrx_word' id='word_1_124' title='bbox 2063 2254 2237 2319; x_wconf 89' lang='lat' dir='ltr'>celso</span> 
     </span>
    </p>

    <p class='ocr_par' dir='ltr' id='par_1_8' title="bbox 260 2354 2188 2736">
     <span class='ocr_line' id='line_1_22' title="bbox 260 2354 1815 2440; baseline -0.001 -21"><span class='ocrx_word' id='word_1_125' title='bbox 260 2356 399 2419; x_wconf 87' lang='grc'>680</span> <span class='ocrx_word' id='word_1_126' title='bbox 441 2354 660 2420; x_wconf 85' lang='lat' dir='ltr'>Aeriae</span> <span class='ocrx_word' id='word_1_127' title='bbox 688 2378 993 2440; x_wconf 75' lang='lat' dir='ltr'>quercuS,</span> <span class='ocrx_word' id='word_1_128' title='bbox 1025 2367 1138 2420; x_wconf 90' lang='lat' dir='ltr'>aut</span> <span class='ocrx_word' id='word_1_129' title='bbox 1167 2354 1471 2419; x_wconf 83' lang='lat' dir='ltr'>coniferae</span> <span class='ocrx_word' id='word_1_130' title='bbox 1500 2357 1815 2439; x_wconf 87' lang='lat' dir='ltr'>cyparissi</span> 
     </span>
     <span class='ocr_line' id='line_1_23' title="bbox 442 2454 2084 2532; baseline -0.001 -11"><span class='ocrx_word' id='word_1_131' title='bbox 442 2458 912 2532; x_wconf 77' lang='lat' dir='ltr'>Constiterant,</span> <span class='ocrx_word' id='word_1_132' title='bbox 944 2455 1103 2520; x_wconf 88' lang='lat' dir='ltr'>silva</span> <span class='ocrx_word' id='word_1_133' title='bbox 1132 2456 1263 2519; x_wconf 86' lang='lat' dir='ltr'>alta</span> <span class='ocrx_word' id='word_1_134' title='bbox 1293 2455 1500 2531; x_wconf 79' lang='lat' dir='ltr'>Jovis,</span> <span class='ocrx_word' id='word_1_135' title='bbox 1532 2454 1798 2519; x_wconf 87' lang='lat' dir='ltr'>lucusve</span> <span class='ocrx_word' id='word_1_136' title='bbox 1829 2455 2084 2519; x_wconf 84' lang='lat' dir='ltr'>Dianae.</span> 
     </span>
     <span class='ocr_line' id='line_1_24' title="bbox 442 2557 2188 2644; baseline -0.002 -21"><span class='ocrx_word' id='word_1_137' title='bbox 442 2558 822 2644; x_wconf 83' lang='lat' dir='ltr'>Praecipites</span> <span class='ocrx_word' id='word_1_138' title='bbox 853 2570 1063 2622; x_wconf 88' lang='lat' dir='ltr'>metus</span> <span class='ocrx_word' id='word_1_139' title='bbox 1092 2580 1241 2621; x_wconf 86' lang='lat' dir='ltr'>acer</span> <span class='ocrx_word' id='word_1_140' title='bbox 1271 2558 1408 2643; x_wconf 88' lang='lat' dir='ltr'>agit</span> <span class='ocrx_word' id='word_1_141' title='bbox 1435 2578 1844 2640; x_wconf 89' lang='lat' dir='ltr'>quocumque</span> <span class='ocrx_word' id='word_1_142' title='bbox 1876 2557 2188 2621; x_wconf 89' lang='lat' dir='ltr'>rudentes</span> 
     </span>
     <span class='ocr_line' id='line_1_25' title="bbox 448 2655 2040 2736; baseline -0.001 -13"><span class='ocrx_word' id='word_1_143' title='bbox 448 2659 804 2736; x_wconf 86' lang='lat' dir='ltr'>Excutere,</span> <span class='ocrx_word' id='word_1_144' title='bbox 836 2670 904 2723; x_wconf 90' lang='lat' dir='ltr'>et</span> <span class='ocrx_word' id='word_1_145' title='bbox 932 2661 1140 2723; x_wconf 82' lang='lat' dir='ltr'>ventis</span> <span class='ocrx_word' id='word_1_146' title='bbox 1172 2659 1511 2722; x_wconf 86' lang='lat' dir='ltr'>intendere</span> <span class='ocrx_word' id='word_1_147' title='bbox 1544 2655 1685 2721; x_wconf 86' lang='lat' dir='ltr'>vela</span> <span class='ocrx_word' id='word_1_148' title='bbox 1717 2657 2040 2722; x_wconf 88' lang='lat' dir='ltr'>secundis.</span> 
     </span>
    </p>
   </div>
   <div class='ocr_carea' id='block_1_5' title="bbox 258 2910 1393 3373">
    <p class='ocr_par' dir='ltr' id='par_1_9' title="bbox 258 2910 1393 3373">
     <span class='ocr_line' id='line_1_26' title="bbox 259 2910 1391 2976; baseline -0.004 -13"><span class='ocrx_word' id='word_1_149' title='bbox 259 2928 394 2969; x_wconf 87' lang='lat' dir='ltr'>eum,</span> <span class='ocrx_word' id='word_1_150' title='bbox 420 2921 470 2961; x_wconf 89' lang='lat' dir='ltr'>et</span> <span class='ocrx_word' id='word_1_151' title='bbox 499 2916 694 2976; x_wconf 67' lang='lat' dir='ltr'>vestigia</span> <span class='ocrx_word' id='word_1_152' title='bbox 712 2914 888 2973; x_wconf 73' lang='lat' dir='ltr'>fimat,</span> <span class='ocrx_word' id='word_1_153' title='bbox 921 2912 1115 2961; x_wconf 82' lang='lat' dir='ltr'>firmum</span> <span class='ocrx_word' id='word_1_154' title='bbox 1148 2910 1391 2960; x_wconf 81' lang='lat' dir='ltr'>incessum</span> 
     </span>
     <span class='ocr_line' id='line_1_27' title="bbox 258 2975 1393 3091; baseline -0.004 -65"><span class='ocrx_word' id='word_1_155' title='bbox 258 2986 477 3091; x_wconf 46' lang='lat' dir='ltr'>pdraessttzt.</span> <span class='ocrx_word' id='word_1_156' title='bbox 536 2978 661 3025; x_wconf 83' lang='lat' dir='ltr'>Mox</span> <span class='ocrx_word' id='word_1_157' title='bbox 692 2992 808 3026; x_wconf 85' lang='lat' dir='ltr'>vero</span> <span class='ocrx_word' id='word_1_158' title='bbox 838 2980 1118 3072; x_wconf 34' lang='lat' dir='ltr'>adtaequofa·</span> <span class='ocrx_word' id='word_1_159' title='bbox 1142 2980 1279 3034; x_wconf 74' lang='lat' dir='ltr'>venit,</span> <span class='ocrx_word' id='word_1_160' title='bbox 1308 2975 1393 3087; x_wconf 48' lang='lat' dir='ltr'>ulti</span> 
     </span>
     <span class='ocr_line' id='line_1_28' title="bbox 259 3049 1393 3171; baseline -0.002 -16"><span class='ocrx_word' id='word_1_161' title='bbox 259 3058 689 3171; x_wconf 50' lang='lat' dir='ltr'>scilicetudourzqolffs</span> <span class='ocrx_word' id='word_1_162' title='bbox 700 3056 1069 3162; x_wconf 50' lang='grc' dir='ltr'>Πιιιιαέτῖορωῗῧὲ</span> <span class='ocrx_word' id='word_1_163' title='bbox 1074 3049 1393 3168; x_wconf 50' lang='grc' dir='ltr'>ιέκρὲῗιέἓιῗοῖ</span> 
     </span>
     <span class='ocr_line' id='line_1_29' title="bbox 414 3170 1155 3229; baseline -0.001 -11"><span class='ocrx_word' id='word_1_164' title='bbox 414 3170 615 3229; x_wconf 84' lang='lat' dir='ltr'>marina,</span> <span class='ocrx_word' id='word_1_165' title='bbox 639 3170 793 3219; x_wconf 86' lang='lat' dir='ltr'>abluit</span> <span class='ocrx_word' id='word_1_166' title='bbox 813 3170 943 3219; x_wconf 88' lang='lat' dir='ltr'>oculi</span> <span class='ocrx_word' id='word_1_167' title='bbox 965 3170 1155 3219; x_wconf 85' lang='lat' dir='ltr'>vulnus.</span> 
     </span>
     <span class='ocr_line' id='line_1_30' title="bbox 332 3232 1393 3293; baseline -0.002 -10"><span class='ocrx_word' id='word_1_168' title='bbox 332 3234 605 3287; x_wconf 63' lang='grc'>667-669,</span> <span class='ocrx_word' id='word_1_169' title='bbox 657 3238 736 3283; x_wconf 74' lang='lat' dir='ltr'>Sic</span> <span class='ocrx_word' id='word_1_170' title='bbox 772 3239 947 3293; x_wconf 69' lang='lat' dir='ltr'>merito,</span> <span class='ocrx_word' id='word_1_171' title='bbox 990 3232 1194 3283; x_wconf 69' lang='grc' dir='ltr'>εῐκότως.</span> <span class='ocrx_word' id='word_1_172' title='bbox 1262 3234 1393 3281; x_wconf 80' lang='lat' dir='ltr'>Nam</span> 
     </span>
     <span class='ocr_line' id='line_1_31' title="bbox 262 3296 1391 3373; baseline -0.004 -24"><span class='ocrx_word' id='word_1_173' title='bbox 262 3300 553 3365; x_wconf 70' lang='lat' dir='ltr'>supplicem,</span> <span class='ocrx_word' id='word_1_174' title='bbox 592 3297 768 3358; x_wconf 68' lang='grc' dir='ltr'>ἷκρι-ην,</span> <span class='ocrx_word' id='word_1_175' title='bbox 805 3300 913 3361; x_wconf 87' lang='lat' dir='ltr'>quis</span> <span class='ocrx_word' id='word_1_176' title='bbox 949 3297 1199 3373; x_wconf 72' lang='lat' dir='ltr'>aspernari</span> <span class='ocrx_word' id='word_1_177' title='bbox 1236 3296 1391 3347; x_wconf 75' lang='lat' dir='ltr'>ausit!</span> 
     </span>
    </p>
   </div>
   <div class='ocr_carea' id='block_1_6' title="bbox 258 3361 1403 3434">
    <p class='ocr_par' dir='ltr' id='par_1_10' title="bbox 258 3361 1403 3434">
     <span class='ocr_line' id='line_1_32' title="bbox 258 3361 1403 3434; baseline -0.005 -20"><span class='ocrx_word' id='word_1_178' title='bbox 258 3366 369 3415; x_wconf 79' lang='lat' dir='ltr'>aive</span> <span class='ocrx_word' id='word_1_179' title='bbox 389 3374 446 3413; x_wconf 88' lang='lat' dir='ltr'>ut</span> <span class='ocrx_word' id='word_1_180' title='bbox 464 3369 624 3412; x_wconf 75' lang='lat' dir='ltr'>merito</span> <span class='ocrx_word' id='word_1_181' title='bbox 646 3364 711 3412; x_wconf 89' lang='lat' dir='ltr'>sit</span> <span class='ocrx_word' id='word_1_182' title='bbox 731 3364 1031 3421; x_wconf 76' lang='lat' dir='ltr'>adverbium,</span> <span class='ocrx_word' id='word_1_183' title='bbox 1050 3378 1161 3434; x_wconf 43' lang='lat' dir='ltr'>sive·</span> <span class='ocrx_word' id='word_1_184' title='bbox 1176 3361 1290 3424; x_wconf 84' lang='lat' dir='ltr'>quia</span> <span class='ocrx_word' id='word_1_185' title='bbox 1310 3361 1403 3425; x_wconf 40' lang='lat' dir='ltr'>ine,</span> 
     </span>
    </p>
   </div>
   <div class='ocr_carea' id='block_1_7' title="bbox 246 3427 1399 4521">
    <p class='ocr_par' dir='ltr' id='par_1_11' title="bbox 246 3427 1397 4121">
     <span class='ocr_line' id='line_1_33' title="bbox 261 3427 1395 3492; baseline -0.004 -15"><span class='ocrx_word' id='word_1_186' title='bbox 261 3428 471 3478; x_wconf 84' lang='lat' dir='ltr'>meritus</span> <span class='ocrx_word' id='word_1_187' title='bbox 490 3437 595 3477; x_wconf 81' lang='lat' dir='ltr'>erat</span> <span class='ocrx_word' id='word_1_188' title='bbox 615 3428 685 3477; x_wconf 83' lang='lat' dir='ltr'>sic</span> <span class='ocrx_word' id='word_1_189' title='bbox 702 3428 869 3492; x_wconf 89' lang='lat' dir='ltr'>recipi.</span> <span class='ocrx_word' id='word_1_190' title='bbox 906 3430 1109 3476; x_wconf 60' lang='lat' dir='ltr'>Meum</span> <span class='ocrx_word' id='word_1_191' title='bbox 1126 3430 1257 3475; x_wconf 74' lang='lat' dir='ltr'>vocis.</span> <span class='ocrx_word' id='word_1_192' title='bbox 1300 3427 1395 3473; x_wconf 73' lang='lat' dir='ltr'>Vox</span> 
     </span>
     <span class='ocr_line' id='line_1_34' title="bbox 260 3491 1393 3568; baseline -0.004 -26"><span class='ocrx_word' id='word_1_193' title='bbox 260 3508 395 3543; x_wconf 79' lang='lat' dir='ltr'>novo</span> <span class='ocrx_word' id='word_1_194' title='bbox 426 3493 653 3557; x_wconf 85' lang='lat' dir='ltr'>exemplo</span> <span class='ocrx_word' id='word_1_195' title='bbox 680 3508 770 3568; x_wconf 87' lang='lat' dir='ltr'>pro</span> <span class='ocrx_word' id='word_1_196' title='bbox 800 3502 901 3541; x_wconf 82' lang='lat' dir='ltr'>stre</span> <span class='ocrx_word' id='word_1_197' title='bbox 935 3492 1009 3540; x_wconf 88' lang='lat' dir='ltr'>itu</span> <span class='ocrx_word' id='word_1_198' title='bbox 1038 3491 1117 3540; x_wconf 82' lang='lat' dir='ltr'>vel</span> <span class='ocrx_word' id='word_1_199' title='bbox 1149 3504 1393 3540; x_wconf 86' lang='lat' dir='ltr'>remorum</span> 
     </span>
     <span class='ocr_line' id='line_1_35' title="bbox 261 3554 1391 3621; baseline -0.004 -15"><span class='ocrx_word' id='word_1_200' title='bbox 261 3558 345 3606; x_wconf 75' lang='lat' dir='ltr'>vel</span> <span class='ocrx_word' id='word_1_201' title='bbox 389 3558 533 3606; x_wconf 74' lang='lat' dir='ltr'>undae</span> <span class='ocrx_word' id='word_1_202' title='bbox 575 3573 724 3606; x_wconf 79' lang='lat' dir='ltr'>remis</span> <span class='ocrx_word' id='word_1_203' title='bbox 768 3556 871 3621; x_wconf 86' lang='lat' dir='ltr'>imp</span> <span class='ocrx_word' id='word_1_204' title='bbox 990 3590 1004 3614; x_wconf 92' lang='lat'>,</span> <span class='ocrx_word' id='word_1_205' title='bbox 1038 3564 1097 3604; x_wconf 88' lang='lat' dir='ltr'>ut</span> <span class='ocrx_word' id='word_1_206' title='bbox 1138 3570 1243 3618; x_wconf 85' lang='lat' dir='ltr'>sup.</span> <span class='ocrx_word' id='word_1_207' title='bbox 1282 3554 1391 3613; x_wconf 80' lang='lat'>556,</span> 
     </span>
     <span class='ocr_line' id='line_1_36' title="bbox 246 3619 1391 3686; baseline -0.004 -15"><span class='ocrx_word' id='word_1_208' title='bbox 246 3620 429 3684; x_wconf 73' lang='lat' dir='ltr'>fracta</span> <span class='ocrx_word' id='word_1_209' title='bbox 452 3639 575 3671; x_wconf 75' lang='lat' dir='ltr'>voces</span> <span class='ocrx_word' id='word_1_210' title='bbox 596 3621 773 3686; x_wconf 78' lang='lat' dir='ltr'>pelagi.</span> <span class='ocrx_word' id='word_1_211' title='bbox 828 3622 953 3669; x_wconf 87' lang='lat' dir='ltr'>Cum</span> <span class='ocrx_word' id='word_1_212' title='bbox 1072 3628 1122 3667; x_wconf 87' lang='lat' dir='ltr'>ta</span> <span class='ocrx_word' id='word_1_213' title='bbox 1143 3619 1285 3683; x_wconf 86' lang='lat' dir='ltr'>plura</span> <span class='ocrx_word' id='word_1_214' title='bbox 1306 3634 1391 3667; x_wconf 86' lang='lat' dir='ltr'>au-</span> 
     </span>
     <span class='ocr_line' id='line_1_37' title="bbox 262 3682 1395 3743; baseline -0.004 -8"><span class='ocrx_word' id='word_1_215' title='bbox 262 3686 434 3735; x_wconf 79' lang='lat' dir='ltr'>dacius</span> <span class='ocrx_word' id='word_1_216' title='bbox 466 3686 710 3743; x_wconf 78' lang='lat' dir='ltr'>extulerit,</span> <span class='ocrx_word' id='word_1_217' title='bbox 732 3684 874 3734; x_wconf 83' lang='lat' dir='ltr'>facile</span> <span class='ocrx_word' id='word_1_218' title='bbox 906 3694 955 3733; x_wconf 87' lang='lat' dir='ltr'>et</span> <span class='ocrx_word' id='word_1_219' title='bbox 1020 3701 1077 3733; x_wconf 89' lang='lat' dir='ltr'>oc</span> <span class='ocrx_word' id='word_1_220' title='bbox 1107 3684 1247 3731; x_wconf 78' lang='lat' dir='ltr'>feras.</span> <span class='ocrx_word' id='word_1_221' title='bbox 1306 3682 1395 3731; x_wconf 88' lang='lat' dir='ltr'>Sin</span> 
     </span>
     <span class='ocr_line' id='line_1_38' title="bbox 260 3750 1395 3800; baseline -0.005 0"><span class='ocrx_word' id='word_1_222' title='bbox 260 3750 519 3800; x_wconf 76' lang='lat' dir='ltr'>ferendum</span> <span class='ocrx_word' id='word_1_223' title='bbox 558 3766 665 3799; x_wconf 85' lang='lat' dir='ltr'>esse</span> <span class='ocrx_word' id='word_1_224' title='bbox 700 3766 732 3798; x_wconf 89' lang='lat' dir='ltr'>n</span> <span class='ocrx_word' id='word_1_225' title='bbox 900 3765 1011 3797; x_wconf 84' lang='lat' dir='ltr'>cum</span> <span class='ocrx_word' id='word_1_226' title='bbox 1046 3750 1213 3797; x_wconf 85' lang='lat' dir='ltr'>Burm.</span> <span class='ocrx_word' id='word_1_227' title='bbox 1250 3764 1395 3795; x_wconf 74' lang='lat' dir='ltr'>vocem</span> 
     </span>
     <span class='ocr_line' id='line_1_39' title="bbox 260 3810 1392 3876; baseline -0.006 -12"><span class='ocrx_word' id='word_1_228' title='bbox 260 3816 327 3865; x_wconf 83' lang='lat' dir='ltr'>de</span> <span class='ocrx_word' id='word_1_229' title='bbox 345 3815 617 3864; x_wconf 81' lang='lat' dir='ltr'>hortamine</span> <span class='ocrx_word' id='word_1_230' title='bbox 637 3823 688 3863; x_wconf 87' lang='lat' dir='ltr'>et</span> <span class='ocrx_word' id='word_1_231' title='bbox 705 3830 761 3863; x_wconf 83' lang='lat' dir='ltr'>ce</span> <span class='ocrx_word' id='word_1_232' title='bbox 780 3824 999 3863; x_wconf 84' lang='lat' dir='ltr'>eusmate</span> <span class='ocrx_word' id='word_1_233' title='bbox 1014 3811 1239 3876; x_wconf 75' lang='lat' dir='ltr'>accipies.</span> <span class='ocrx_word' id='word_1_234' title='bbox 1277 3810 1392 3859; x_wconf 81' lang='lat' dir='ltr'>Dis-</span> 
     </span>
     <span class='ocr_line' id='line_1_40' title="bbox 260 3878 1397 4004; baseline -0.003 -12"><span class='ocrx_word' id='word_1_235' title='bbox 260 3878 1397 4004; x_wconf 51' lang='grc' dir='ltr'>ἓξᾝέᾮέξᾱῖέἔῖἕῖἲυῖᾞᾜὲἷέἕ</span> 
     </span>
     <span class='ocr_line' id='line_1_41' title="bbox 615 3978 1021 4001; baseline 0 0"><span class='ocrx_word' id='word_1_236' title='bbox 615 3978 628 4001; x_wconf 71' lang='lat'><em>9</em></span> <span class='ocrx_word' id='word_1_237' title='bbox 1008 3978 1021 4001; x_wconf 71' lang='lat'><em>2</em></span> 
     </span>
     <span class='ocr_line' id='line_1_42' title="bbox 260 4004 1391 4071; baseline -0.004 -14"><span class='ocrx_word' id='word_1_238' title='bbox 260 4007 349 4057; x_wconf 88' lang='lat' dir='ltr'>ille</span> <span class='ocrx_word' id='word_1_239' title='bbox 368 4010 607 4057; x_wconf 76' lang='lat' dir='ltr'>observat.</span> <span class='ocrx_word' id='word_1_240' title='bbox 663 4010 869 4071; x_wconf 71' lang='lat' dir='ltr'>Vestigia</span> <span class='ocrx_word' id='word_1_241' title='bbox 886 4022 975 4071; x_wconf 89' lang='lat' dir='ltr'>pro</span> <span class='ocrx_word' id='word_1_242' title='bbox 992 4005 1113 4071; x_wconf 80' lang='lat' dir='ltr'>ipsis</span> <span class='ocrx_word' id='word_1_243' title='bbox 1129 4004 1391 4069; x_wconf 75' lang='lat' dir='ltr'>gressibus,</span> 
     </span>
     <span class='ocr_line' id='line_1_43' title="bbox 264 4082 453 4121; baseline -0.005 -1"><span class='ocrx_word' id='word_1_244' title='bbox 264 4082 453 4121; x_wconf 82' lang='lat' dir='ltr'>notum.</span> 
     </span>
    </p>

    <p class='ocr_par' dir='ltr' id='par_1_12' title="bbox 262 4135 1399 4521">
     <span class='ocr_line' id='line_1_44' title="bbox 332 4135 1391 4199; baseline -0.003 -15"><span class='ocrx_word' id='word_1_245' title='bbox 332 4136 443 4194; x_wconf 88' lang='grc'><strong>670,</strong></span> <span class='ocrx_word' id='word_1_246' title='bbox 466 4135 575 4188; x_wconf 86' lang='grc'><strong>671.</strong></span> <span class='ocrx_word' id='word_1_247' title='bbox 605 4140 789 4185; x_wconf 70' lang='lat' dir='ltr'>Dextra</span> <span class='ocrx_word' id='word_1_248' title='bbox 804 4138 1035 4197; x_wconf 76' lang='lat' dir='ltr'>affectare,</span> <span class='ocrx_word' id='word_1_249' title='bbox 1054 4144 1299 4199; x_wconf 83' lang='lat' dir='ltr'>appetere,</span> <span class='ocrx_word' id='word_1_250' title='bbox 1318 4142 1391 4183; x_wconf 82' lang='lat' dir='ltr'>at-</span> 
     </span>
     <span class='ocr_line' id='line_1_45' title="bbox 264 4200 1398 4264; baseline -0.004 -15"><span class='ocrx_word' id='word_1_251' title='bbox 264 4200 473 4264; x_wconf 79' lang='lat' dir='ltr'>tingere,</span> <span class='ocrx_word' id='word_1_252' title='bbox 498 4217 671 4249; x_wconf 84' lang='lat' dir='ltr'>navem</span> <span class='ocrx_word' id='word_1_253' title='bbox 704 4209 931 4249; x_wconf 78' lang='lat' dir='ltr'>nostram.</span> <span class='ocrx_word' id='word_1_254' title='bbox 1010 4202 1247 4247; x_wconf 65' lang='lat' dir='ltr'>Ubi—nec</span> <span class='ocrx_word' id='word_1_255' title='bbox 1274 4202 1398 4261; x_wconf 71' lang='lat' dir='ltr'>potis</span> 
     </span>
     <span class='ocr_line' id='line_1_46' title="bbox 262 4260 1399 4337; baseline -0.004 -24"><span class='ocrx_word' id='word_1_256' title='bbox 262 4275 350 4322; x_wconf 68' lang='lat' dir='ltr'>est,</span> <span class='ocrx_word' id='word_1_257' title='bbox 376 4282 559 4327; x_wconf 72' lang='lat' dir='ltr'>aquare</span> <span class='ocrx_word' id='word_1_258' title='bbox 583 4269 757 4327; x_wconf 69' lang='lat' dir='ltr'>fluctus</span> <span class='ocrx_word' id='word_1_259' title='bbox 789 4267 942 4313; x_wconf 70' lang='lat' dir='ltr'>Ionios</span> <span class='ocrx_word' id='word_1_260' title='bbox 973 4266 1207 4325; x_wconf 74' lang='lat' dir='ltr'>sequendo,</span> <span class='ocrx_word' id='word_1_261' title='bbox 1242 4260 1399 4337; x_wconf 82' lang='lat' dir='ltr'>accipi</span> 
     </span>
     <span class='ocr_line' id='line_1_47' title="bbox 262 4326 1399 4394; baseline -0.004 -15"><span class='ocrx_word' id='word_1_262' title='bbox 262 4329 411 4379; x_wconf 73' lang='lat' dir='ltr'>aliter</span> <span class='ocrx_word' id='word_1_263' title='bbox 428 4346 527 4378; x_wconf 86' lang='lat' dir='ltr'>non</span> <span class='ocrx_word' id='word_1_264' title='bbox 543 4340 718 4394; x_wconf 87' lang='lat' dir='ltr'>potest,</span> <span class='ocrx_word' id='word_1_265' title='bbox 733 4344 881 4392; x_wconf 85' lang='lat' dir='ltr'>quam</span> <span class='ocrx_word' id='word_1_266' title='bbox 897 4328 958 4378; x_wconf 89' lang='lat' dir='ltr'>de</span> <span class='ocrx_word' id='word_1_267' title='bbox 975 4326 1233 4376; x_wconf 85' lang='lat' dir='ltr'>altitudine</span> <span class='ocrx_word' id='word_1_268' title='bbox 1252 4341 1399 4375; x_wconf 80' lang='lat' dir='ltr'>maris</span> 
     </span>
     <span class='ocr_line' id='line_1_48' title="bbox 264 4390 1395 4459; baseline -0.004 -16"><span class='ocrx_word' id='word_1_269' title='bbox 264 4394 597 4459; x_wconf 79' lang='lat' dir='ltr'>profundiore,</span> <span class='ocrx_word' id='word_1_270' title='bbox 632 4410 777 4457; x_wconf 86' lang='lat' dir='ltr'>quam</span> <span class='ocrx_word' id='word_1_271' title='bbox 814 4408 905 4459; x_wconf 88' lang='lat' dir='ltr'>pro</span> <span class='ocrx_word' id='word_1_272' title='bbox 944 4391 1149 4442; x_wconf 79' lang='lat' dir='ltr'>monstri</span> <span class='ocrx_word' id='word_1_273' title='bbox 1180 4390 1395 4456; x_wconf 86' lang='lat' dir='ltr'>proceri-</span> 
     </span>
     <span class='ocr_line' id='line_1_49' title="bbox 268 4455 1397 4521; baseline -0.004 -13"><span class='ocrx_word' id='word_1_274' title='bbox 268 4467 398 4508; x_wconf 66' lang='lat' dir='ltr'>tates</span> <span class='ocrx_word' id='word_1_275' title='bbox 434 4474 533 4521; x_wconf 82' lang='lat' dir='ltr'>qua</span> <span class='ocrx_word' id='word_1_276' title='bbox 562 4474 743 4521; x_wconf 64' lang='lat' dir='ltr'>sequuti,</span> <span class='ocrx_word' id='word_1_277' title='bbox 778 4474 881 4521; x_wconf 89' lang='lat' dir='ltr'>par,</span> <span class='ocrx_word' id='word_1_278' title='bbox 917 4458 963 4505; x_wconf 88' lang='lat' dir='ltr'>ei</span> <span class='ocrx_word' id='word_1_279' title='bbox 996 4472 1093 4505; x_wconf 89' lang='lat' dir='ltr'>non</span> <span class='ocrx_word' id='word_1_280' title='bbox 1128 4466 1215 4504; x_wconf 82' lang='lat' dir='ltr'>est.</span> <span class='ocrx_word' id='word_1_281' title='bbox 1276 4455 1397 4511; x_wconf 83' lang='lat' dir='ltr'>Nec,</span> 
     </span>
    </p>
   </div>
   <div class='ocr_carea' id='block_1_8' title="bbox 1450 2910 2590 4503">
    <p class='ocr_par' dir='ltr' id='par_1_13' title="bbox 1450 2910 2587 3105">
     <span class='ocr_line' id='line_1_50' title="bbox 1457 2910 2587 2975; baseline 0.005 -16"><span class='ocrx_word' id='word_1_282' title='bbox 1457 2910 1573 2959; x_wconf 87' lang='lat' dir='ltr'>dum</span> <span class='ocrx_word' id='word_1_283' title='bbox 1615 2926 1704 2959; x_wconf 86' lang='lat' dir='ltr'>nos</span> <span class='ocrx_word' id='word_1_284' title='bbox 1741 2911 2028 2975; x_wconf 78' lang='lat' dir='ltr'>insequitur,</span> <span class='ocrx_word' id='word_1_285' title='bbox 2063 2927 2152 2974; x_wconf 84' lang='lat' dir='ltr'>par</span> <span class='ocrx_word' id='word_1_286' title='bbox 2193 2921 2269 2961; x_wconf 84' lang='lat' dir='ltr'>est</span> <span class='ocrx_word' id='word_1_287' title='bbox 2305 2912 2448 2963; x_wconf 82' lang='lat' dir='ltr'>molis</span> <span class='ocrx_word' id='word_1_288' title='bbox 2485 2931 2587 2965; x_wconf 78' lang='lat' dir='ltr'>suae</span> 
     </span>
     <span class='ocr_line' id='line_1_51' title="bbox 1457 2975 2582 3039; baseline 0.004 -16"><span class='ocrx_word' id='word_1_289' title='bbox 1457 2975 1793 3039; x_wconf 79' lang='lat' dir='ltr'>magnitudine</span> <span class='ocrx_word' id='word_1_290' title='bbox 1815 2976 2062 3025; x_wconf 73' lang='lat' dir='ltr'>altitudini</span> <span class='ocrx_word' id='word_1_291' title='bbox 2083 2976 2244 3034; x_wconf 77' lang='lat' dir='ltr'>maris,</span> <span class='ocrx_word' id='word_1_292' title='bbox 2268 2993 2376 3039; x_wconf 80' lang='lat' dir='ltr'>quoe</span> <span class='ocrx_word' id='word_1_293' title='bbox 2399 2995 2458 3027; x_wconf 88' lang='lat' dir='ltr'>eo</span> <span class='ocrx_word' id='word_1_294' title='bbox 2479 2995 2582 3028; x_wconf 79' lang='lat' dir='ltr'>ma·-</span> 
     </span>
     <span class='ocr_line' id='line_1_52' title="bbox 1450 3040 2532 3105; baseline 0.003 -17"><span class='ocrx_word' id='word_1_295' title='bbox 1450 3042 1532 3103; x_wconf 87' lang='lat' dir='ltr'>jor</span> <span class='ocrx_word' id='word_1_296' title='bbox 1554 3049 1644 3097; x_wconf 78' lang='lat' dir='ltr'>est,</span> <span class='ocrx_word' id='word_1_297' title='bbox 1667 3056 1763 3103; x_wconf 86' lang='lat' dir='ltr'>quo</span> <span class='ocrx_word' id='word_1_298' title='bbox 1785 3040 1980 3104; x_wconf 81' lang='lat' dir='ltr'>longuis</span> <span class='ocrx_word' id='word_1_299' title='bbox 2003 3056 2032 3089; x_wconf 87' lang='lat' dir='ltr'>a</span> <span class='ocrx_word' id='word_1_300' title='bbox 2054 3040 2218 3090; x_wconf 88' lang='lat' dir='ltr'>littore</span> <span class='ocrx_word' id='word_1_301' title='bbox 2238 3043 2532 3105; x_wconf 85' lang='lat' dir='ltr'>proceditur.</span> 
     </span>
    </p>

    <p class='ocr_par' dir='ltr' id='par_1_14' title="bbox 1458 3104 2586 3362">
     <span class='ocr_line' id='line_1_53' title="bbox 1523 3104 2586 3169; baseline 0.006 -18"><span class='ocrx_word' id='word_1_302' title='bbox 1523 3104 1633 3155; x_wconf 87' lang='grc'><strong>677.</strong></span> <span class='ocrx_word' id='word_1_303' title='bbox 1663 3108 1916 3154; x_wconf 56' lang='lat' dir='ltr'>Addume-5</span> <span class='ocrx_word' id='word_1_304' title='bbox 1937 3108 2252 3168; x_wconf 74' lang='lat' dir='ltr'>nequidquam,</span> <span class='ocrx_word' id='word_1_305' title='bbox 2276 3106 2390 3169; x_wconf 86' lang='lat' dir='ltr'>quia</span> <span class='ocrx_word' id='word_1_306' title='bbox 2409 3123 2586 3157; x_wconf 87' lang='lat' dir='ltr'>nocere</span> 
     </span>
     <span class='ocr_line' id='line_1_54' title="bbox 1461 3168 2584 3237; baseline 0.004 -21"><span class='ocrx_word' id='word_1_307' title='bbox 1461 3168 1640 3231; x_wconf 86' lang='lat' dir='ltr'>(nunc)</span> <span class='ocrx_word' id='word_1_308' title='bbox 1661 3185 1758 3217; x_wconf 90' lang='lat' dir='ltr'>non</span> <span class='ocrx_word' id='word_1_309' title='bbox 1777 3180 2016 3234; x_wconf 85' lang='lat' dir='ltr'>poterant.</span> <span class='ocrx_word' id='word_1_310' title='bbox 2068 3168 2476 3232; x_wconf 68' lang='lat' dir='ltr'>AEtnaeoesratres,</span> <span class='ocrx_word' id='word_1_311' title='bbox 2495 3188 2584 3237; x_wconf 89' lang='lat' dir='ltr'>po-</span> 
     </span>
     <span class='ocr_line' id='line_1_55' title="bbox 1458 3232 2583 3297; baseline 0.004 -16"><span class='ocrx_word' id='word_1_312' title='bbox 1458 3232 1668 3297; x_wconf 82' lang='lat' dir='ltr'>pulares,</span> <span class='ocrx_word' id='word_1_313' title='bbox 1691 3233 1914 3297; x_wconf 75' lang='lat' dir='ltr'>gentiles.</span> <span class='ocrx_word' id='word_1_314' title='bbox 1971 3237 2106 3291; x_wconf 72' lang='lat' dir='ltr'>Goelo,</span> <span class='ocrx_word' id='word_1_315' title='bbox 2131 3235 2193 3283; x_wconf 87' lang='lat' dir='ltr'>ad</span> <span class='ocrx_word' id='word_1_316' title='bbox 2215 3234 2406 3285; x_wconf 84' lang='lat' dir='ltr'>coelum.</span> <span class='ocrx_word' id='word_1_317' title='bbox 2468 3240 2583 3286; x_wconf 77' lang='lat' dir='ltr'>Con-</span> 
     </span>
     <span class='ocr_line' id='line_1_56' title="bbox 1459 3298 2184 3362; baseline 0.003 -17"><span class='ocrx_word' id='word_1_318' title='bbox 1459 3300 1630 3355; x_wconf 68' lang='lat' dir='ltr'>cilium,</span> <span class='ocrx_word' id='word_1_319' title='bbox 1653 3298 1894 3361; x_wconf 77' lang='lat' dir='ltr'>exquisite</span> <span class='ocrx_word' id='word_1_320' title='bbox 1915 3313 2006 3362; x_wconf 87' lang='lat' dir='ltr'>pro</span> <span class='ocrx_word' id='word_1_321' title='bbox 2030 3300 2184 3347; x_wconf 85' lang='lat' dir='ltr'>turba.</span> 
     </span>
    </p>

    <p class='ocr_par' dir='ltr' id='par_1_15' title="bbox 1458 3361 2586 3553">
     <span class='ocr_line' id='line_1_57' title="bbox 1523 3361 2584 3429; baseline 0.006 -22"><span class='ocrx_word' id='word_1_322' title='bbox 1523 3361 1634 3419; x_wconf 82' lang='lat'>680,</span> <span class='ocrx_word' id='word_1_323' title='bbox 1665 3362 1774 3410; x_wconf 83' lang='lat'>681.</span> <span class='ocrx_word' id='word_1_324' title='bbox 1813 3362 2036 3424; x_wconf 54' lang='lat' dir='ltr'>Coniserae</span> <span class='ocrx_word' id='word_1_325' title='bbox 2065 3368 2306 3426; x_wconf 66' lang='lat' dir='ltr'>cypariut</span> <span class='ocrx_word' id='word_1_326' title='bbox 2372 3366 2584 3429; x_wconf 81' lang='lat' dir='ltr'>Cupres-</span> 
     </span>
     <span class='ocr_line' id='line_1_58' title="bbox 1458 3426 2586 3491; baseline 0.003 -18"><span class='ocrx_word' id='word_1_327' title='bbox 1458 3440 1544 3473; x_wconf 83' lang='lat' dir='ltr'>sus</span> <span class='ocrx_word' id='word_1_328' title='bbox 1573 3442 1677 3474; x_wconf 86' lang='lat' dir='ltr'>mas</span> <span class='ocrx_word' id='word_1_329' title='bbox 1707 3426 1804 3475; x_wconf 81' lang='lat' dir='ltr'>fert</span> <span class='ocrx_word' id='word_1_330' title='bbox 1827 3442 1976 3475; x_wconf 79' lang='lat' dir='ltr'>conos</span> <span class='ocrx_word' id='word_1_331' title='bbox 2005 3427 2114 3475; x_wconf 88' lang='lat' dir='ltr'>nuci</span> <span class='ocrx_word' id='word_1_332' title='bbox 2139 3426 2300 3491; x_wconf 79' lang='lat' dir='ltr'>pineae</span> <span class='ocrx_word' id='word_1_333' title='bbox 2329 3443 2428 3475; x_wconf 89' lang='lat' dir='ltr'>non</span> <span class='ocrx_word' id='word_1_334' title='bbox 2458 3429 2586 3477; x_wconf 82' lang='lat' dir='ltr'>absi-</span> 
     </span>
     <span class='ocr_line' id='line_1_59' title="bbox 1460 3488 2584 3553; baseline 0.002 -16"><span class='ocrx_word' id='word_1_335' title='bbox 1460 3488 1613 3538; x_wconf 83' lang='lat' dir='ltr'>miles.</span> <span class='ocrx_word' id='word_1_336' title='bbox 1671 3492 1798 3539; x_wconf 76' lang='lat' dir='ltr'>Silva</span> <span class='ocrx_word' id='word_1_337' title='bbox 1819 3494 1960 3547; x_wconf 71' lang='lat' dir='ltr'>Iovis,</span> <span class='ocrx_word' id='word_1_338' title='bbox 1981 3490 2230 3538; x_wconf 87' lang='lat' dir='ltr'>declarant</span> <span class='ocrx_word' id='word_1_339' title='bbox 2247 3506 2468 3553; x_wconf 80' lang='lat' dir='ltr'>quercus,</span> <span class='ocrx_word' id='word_1_340' title='bbox 2493 3492 2584 3539; x_wconf 89' lang='lat' dir='ltr'>ita-</span> 
     </span>
    </p>

    <p class='ocr_par' dir='ltr' id='par_1_16' title="bbox 1458 3554 2588 3747">
     <span class='ocr_line' id='line_1_60' title="bbox 1490 3554 2586 3603; baseline 0.002 -2"><span class='ocrx_word' id='word_1_341' title='bbox 1490 3568 1554 3601; x_wconf 89' lang='lat' dir='ltr'>ue</span> <span class='ocrx_word' id='word_1_342' title='bbox 1574 3557 1701 3602; x_wconf 72' lang='lat' dir='ltr'>lucus</span> <span class='ocrx_word' id='word_1_343' title='bbox 1717 3557 1886 3603; x_wconf 73' lang='lat' dir='ltr'>Diana</span> <span class='ocrx_word' id='word_1_344' title='bbox 1904 3554 1966 3602; x_wconf 82' lang='lat' dir='ltr'>ad</span> <span class='ocrx_word' id='word_1_345' title='bbox 1983 3570 2044 3601; x_wconf 84' lang='lat' dir='ltr'>cu</span> <span class='ocrx_word' id='word_1_346' title='bbox 2185 3568 2240 3601; x_wconf 77' lang='lat' dir='ltr'>os</span> <span class='ocrx_word' id='word_1_347' title='bbox 2257 3554 2352 3602; x_wconf 88' lang='lat' dir='ltr'>erit</span> <span class='ocrx_word' id='word_1_348' title='bbox 2370 3555 2586 3603; x_wconf 79' lang='lat' dir='ltr'>referen-</span> 
     </span>
     <span class='ocr_line' id='line_1_61' title="bbox 1458 3570 2588 3680; baseline 0.002 -15"><span class='ocrx_word' id='word_1_349' title='bbox 1458 3570 1579 3673; x_wconf 63' lang='lat' dir='ltr'>dusz</span> <span class='ocrx_word' id='word_1_350' title='bbox 1615 3618 1831 3680; x_wconf 86' lang='lat' dir='ltr'>adeoque</span> <span class='ocrx_word' id='word_1_351' title='bbox 1853 3618 1914 3665; x_wconf 87' lang='lat' dir='ltr'>de</span> <span class='ocrx_word' id='word_1_352' title='bbox 1939 3618 2100 3664; x_wconf 84' lang='lat' dir='ltr'>Diana</span> <span class='ocrx_word' id='word_1_353' title='bbox 2120 3616 2276 3664; x_wconf 78' lang='lat' dir='ltr'>infera</span> <span class='ocrx_word' id='word_1_354' title='bbox 2292 3617 2370 3665; x_wconf 81' lang='lat' dir='ltr'>vel</span> <span class='ocrx_word' id='word_1_355' title='bbox 2396 3618 2588 3667; x_wconf 81' lang='lat' dir='ltr'>Hecate</span> 
     </span>
     <span class='ocr_line' id='line_1_62' title="bbox 1460 3680 2584 3747; baseline 0.002 -17"><span class='ocrx_word' id='word_1_356' title='bbox 1460 3692 1547 3730; x_wconf 81' lang='lat' dir='ltr'>aut</span> <span class='ocrx_word' id='word_1_357' title='bbox 1568 3682 1864 3747; x_wconf 81' lang='lat' dir='ltr'>Proserpina</span> <span class='ocrx_word' id='word_1_358' title='bbox 1885 3680 1964 3744; x_wconf 70' lang='lat' dir='ltr'>agl</span> <span class='ocrx_word' id='word_1_359' title='bbox 1987 3694 2186 3728; x_wconf 82' lang='lat' dir='ltr'>necesse</span> <span class='ocrx_word' id='word_1_360' title='bbox 2209 3689 2296 3729; x_wconf 86' lang='lat' dir='ltr'>est.</span> <span class='ocrx_word' id='word_1_361' title='bbox 2351 3681 2480 3731; x_wconf 86' lang='lat' dir='ltr'>Nam</span> <span class='ocrx_word' id='word_1_362' title='bbox 2500 3699 2584 3732; x_wconf 86' lang='lat' dir='ltr'>cu-</span> 
     </span>
    </p>

    <p class='ocr_par' dir='ltr' id='par_1_17' title="bbox 1494 3744 2586 3801">
     <span class='ocr_line' id='line_1_63' title="bbox 1494 3744 2586 3801; baseline 0 -6"><span class='ocrx_word' id='word_1_363' title='bbox 1494 3762 1658 3795; x_wconf 85' lang='lat' dir='ltr'>ressus</span> <span class='ocrx_word' id='word_1_364' title='bbox 1701 3745 1864 3794; x_wconf 79' lang='lat' dir='ltr'>feralis</span> <span class='ocrx_word' id='word_1_365' title='bbox 1913 3744 2069 3801; x_wconf 87' lang='lat' dir='ltr'>arbor,</span> <span class='ocrx_word' id='word_1_366' title='bbox 2115 3744 2235 3792; x_wconf 84' lang='lat' dir='ltr'>alias</span> <span class='ocrx_word' id='word_1_367' title='bbox 2281 3744 2388 3792; x_wconf 88' lang='lat' dir='ltr'>Diti</span> <span class='ocrx_word' id='word_1_368' title='bbox 2436 3762 2586 3795; x_wconf 81' lang='lat' dir='ltr'>sacra.</span> 
     </span>
    </p>

    <p class='ocr_par' dir='ltr' id='par_1_18' title="bbox 1457 3808 2590 4069">
     <span class='ocr_line' id='line_1_64' title="bbox 1504 3808 2584 3874; baseline -0.002 -15"><span class='ocrx_word' id='word_1_369' title='bbox 1504 3811 1686 3859; x_wconf 84' lang='lat' dir='ltr'>otuisse</span> <span class='ocrx_word' id='word_1_370' title='bbox 1709 3810 1844 3859; x_wconf 81' lang='lat' dir='ltr'>dicas</span> <span class='ocrx_word' id='word_1_371' title='bbox 1874 3825 1904 3857; x_wconf 83' lang='lat' dir='ltr'>a</span> <span class='ocrx_word' id='word_1_372' title='bbox 1932 3818 2077 3874; x_wconf 84' lang='lat' dir='ltr'>poeta</span> <span class='ocrx_word' id='word_1_373' title='bbox 2105 3809 2176 3857; x_wconf 88' lang='lat' dir='ltr'>sic</span> <span class='ocrx_word' id='word_1_374' title='bbox 2198 3808 2486 3874; x_wconf 85' lang='lat' dir='ltr'>simpliciter</span> <span class='ocrx_word' id='word_1_375' title='bbox 2507 3826 2584 3858; x_wconf 82' lang='lat' dir='ltr'>or·</span> 
     </span>
     <span class='ocr_line' id='line_1_65' title="bbox 1461 3873 2590 3933; baseline 0 -12"><span class='ocrx_word' id='word_1_376' title='bbox 1461 3875 1570 3923; x_wconf 84' lang='lat' dir='ltr'>nari</span> <span class='ocrx_word' id='word_1_377' title='bbox 1590 3891 1693 3924; x_wconf 82' lang='lat' dir='ltr'>voc.</span> <span class='ocrx_word' id='word_1_378' title='bbox 1720 3878 1826 3933; x_wconf 72' lang='lat' dir='ltr'>luci,</span> <span class='ocrx_word' id='word_1_379' title='bbox 1851 3884 1908 3923; x_wconf 88' lang='lat' dir='ltr'>ut</span> <span class='ocrx_word' id='word_1_380' title='bbox 1928 3878 2096 3923; x_wconf 69' lang='lat' dir='ltr'>Diana</span> <span class='ocrx_word' id='word_1_381' title='bbox 2121 3884 2262 3933; x_wconf 83' lang='lat' dir='ltr'>esset,</span> <span class='ocrx_word' id='word_1_382' title='bbox 2285 3873 2366 3923; x_wconf 89' lang='lat' dir='ltr'>cui</span> <span class='ocrx_word' id='word_1_383' title='bbox 2389 3874 2590 3922; x_wconf 88' lang='lat' dir='ltr'>omnino</span> 
     </span>
     <span class='ocr_line' id='line_1_66' title="bbox 1457 3938 2583 3988; baseline -0.002 0"><span class='ocrx_word' id='word_1_384' title='bbox 1457 3938 1610 3987; x_wconf 74' lang='lat' dir='ltr'>salma</span> <span class='ocrx_word' id='word_1_385' title='bbox 1627 3956 1757 3988; x_wconf 79' lang='lat' dir='ltr'>curae</span> <span class='ocrx_word' id='word_1_386' title='bbox 1777 3948 1918 3988; x_wconf 87' lang='lat' dir='ltr'>sunt:</span> <span class='ocrx_word' id='word_1_387' title='bbox 1945 3947 2076 3987; x_wconf 82' lang='lat' dir='ltr'>esset</span> <span class='ocrx_word' id='word_1_388' title='bbox 2092 3947 2255 3987; x_wconf 84' lang='lat' dir='ltr'>tamen</span> <span class='ocrx_word' id='word_1_389' title='bbox 2273 3938 2344 3987; x_wconf 82' lang='lat' dir='ltr'>sic</span> <span class='ocrx_word' id='word_1_390' title='bbox 2369 3954 2485 3986; x_wconf 80' lang='lat' dir='ltr'>usus</span> <span class='ocrx_word' id='word_1_391' title='bbox 2508 3938 2583 3986; x_wconf 91' lang='lat' dir='ltr'>in-</span> 
     </span>
     <span class='ocr_line' id='line_1_67' title="bbox 1457 4003 2000 4069; baseline -0.002 -17"><span class='ocrx_word' id='word_1_392' title='bbox 1457 4003 1622 4053; x_wconf 78' lang='lat' dir='ltr'>solens</span> <span class='ocrx_word' id='word_1_393' title='bbox 1645 4018 2000 4069; x_wconf 76' lang='lat' dir='ltr'>cupressorum.</span> 
     </span>
    </p>

    <p class='ocr_par' dir='ltr' id='par_1_19' title="bbox 1458 4064 2588 4503">
     <span class='ocr_line' id='line_1_68' title="bbox 1524 4064 2586 4129; baseline 0 -14"><span class='ocrx_word' id='word_1_394' title='bbox 1524 4069 1634 4126; x_wconf 78' lang='lat'>682,</span> <span class='ocrx_word' id='word_1_395' title='bbox 1661 4070 1769 4117; x_wconf 87' lang='grc'><strong>683.</strong></span> <span class='ocrx_word' id='word_1_396' title='bbox 1807 4070 1914 4117; x_wconf 84' lang='lat' dir='ltr'>Nos</span> <span class='ocrx_word' id='word_1_397' title='bbox 1937 4076 2070 4115; x_wconf 86' lang='lat' dir='ltr'>metu</span> <span class='ocrx_word' id='word_1_398' title='bbox 2092 4064 2276 4129; x_wconf 79' lang='lat' dir='ltr'>agitati,</span> <span class='ocrx_word' id='word_1_399' title='bbox 2299 4081 2586 4129; x_wconf 85' lang='lat' dir='ltr'>quocunque</span> 
     </span>
     <span class='ocr_line' id='line_1_69' title="bbox 1458 4130 2586 4194; baseline -0.002 -13"><span class='ocrx_word' id='word_1_400' title='bbox 1458 4133 1701 4182; x_wconf 88' lang='lat' dir='ltr'>malumus</span> <span class='ocrx_word' id='word_1_401' title='bbox 1723 4149 1918 4181; x_wconf 84' lang='lat' dir='ltr'>cursum</span> <span class='ocrx_word' id='word_1_402' title='bbox 1942 4131 2168 4194; x_wconf 79' lang='lat' dir='ltr'>dirigere,</span> <span class='ocrx_word' id='word_1_403' title='bbox 2193 4146 2338 4193; x_wconf 86' lang='lat' dir='ltr'>quam</span> <span class='ocrx_word' id='word_1_404' title='bbox 2366 4130 2420 4177; x_wconf 88' lang='lat' dir='ltr'>in</span> <span class='ocrx_word' id='word_1_405' title='bbox 2441 4142 2586 4194; x_wconf 89' lang='lat' dir='ltr'>portu</span> 
     </span>
     <span class='ocr_line' id='line_1_70' title="bbox 1461 4194 2584 4253; baseline -0.003 -7"><span class='ocrx_word' id='word_1_406' title='bbox 1461 4212 1674 4246; x_wconf 79' lang='lat' dir='ltr'>manere.</span> <span class='ocrx_word' id='word_1_407' title='bbox 1731 4200 1964 4245; x_wconf 62' lang='grc' dir='ltr'>Κυάρητος</span> <span class='ocrx_word' id='word_1_408' title='bbox 1986 4204 2210 4251; x_wconf 68' lang='grc' dir='ltr'>εει-κίονα,</span> <span class='ocrx_word' id='word_1_409' title='bbox 2235 4194 2472 4253; x_wconf 81' lang='lat' dir='ltr'>evolvere,</span> <span class='ocrx_word' id='word_1_410' title='bbox 2499 4211 2584 4243; x_wconf 87' lang='lat' dir='ltr'>ex-</span> 
     </span>
     <span class='ocr_line' id='line_1_71' title="bbox 1460 4259 2584 4325; baseline 0 -16"><span class='ocrx_word' id='word_1_411' title='bbox 1460 4262 1644 4325; x_wconf 82' lang='lat' dir='ltr'>plicare</span> <span class='ocrx_word' id='word_1_412' title='bbox 1665 4271 1715 4310; x_wconf 91' lang='lat' dir='ltr'>et</span> <span class='ocrx_word' id='word_1_413' title='bbox 1735 4262 2017 4309; x_wconf 87' lang='lat' dir='ltr'>intendere:</span> <span class='ocrx_word' id='word_1_414' title='bbox 2047 4259 2144 4307; x_wconf 79' lang='lat' dir='ltr'>vid.</span> <span class='ocrx_word' id='word_1_415' title='bbox 2169 4275 2274 4324; x_wconf 87' lang='lat' dir='ltr'>sup.</span> <span class='ocrx_word' id='word_1_416' title='bbox 2302 4260 2410 4311; x_wconf 84' lang='lat'>267.</span> <span class='ocrx_word' id='word_1_417' title='bbox 2467 4262 2584 4309; x_wconf 74' lang='lat' dir='ltr'>Ven-</span> 
     </span>
     <span class='ocr_line' id='line_1_72' title="bbox 1464 4324 2588 4387; baseline 0 -14"><span class='ocrx_word' id='word_1_418' title='bbox 1464 4330 1527 4374; x_wconf 69' lang='lat' dir='ltr'>tis</span> <span class='ocrx_word' id='word_1_419' title='bbox 1561 4330 1784 4383; x_wconf 71' lang='lat' dir='ltr'>secundis,</span> <span class='ocrx_word' id='word_1_420' title='bbox 1817 4324 1904 4374; x_wconf 88' lang='lat' dir='ltr'>int.</span> <span class='ocrx_word' id='word_1_421' title='bbox 1943 4339 2038 4387; x_wconf 89' lang='lat' dir='ltr'>quo</span> <span class='ocrx_word' id='word_1_422' title='bbox 2071 4332 2244 4373; x_wconf 78' lang='lat' dir='ltr'>ventus</span> <span class='ocrx_word' id='word_1_423' title='bbox 2277 4324 2453 4382; x_wconf 54' lang='lat' dir='ltr'>ferrem</span> <span class='ocrx_word' id='word_1_424' title='bbox 2489 4341 2588 4373; x_wconf 88' lang='lat' dir='ltr'>non</span> 
     </span>
     <span class='ocr_line' id='line_1_73' title="bbox 1462 4400 2584 4503; baseline 0 -64"><span class='ocrx_word' id='word_1_425' title='bbox 1462 4400 1748 4503; x_wconf 52' lang='lat' dir='ltr'>pxgptectare</span> <span class='ocrx_word' id='word_1_426' title='bbox 1788 4400 1988 4437; x_wconf 80' lang='lat' dir='ltr'>venmm</span> <span class='ocrx_word' id='word_1_427' title='bbox 2027 4404 2170 4452; x_wconf 88' lang='lat' dir='ltr'>quem</span> <span class='ocrx_word' id='word_1_428' title='bbox 2209 4406 2380 4438; x_wconf 67' lang='lat' dir='ltr'>cairam</span> <span class='ocrx_word' id='word_1_429' title='bbox 2417 4400 2584 4453; x_wconf 76' lang='lat' dir='ltr'>postu-</span> 
     </span>
     <span class='ocr_line' id='line_1_74' title="bbox 1482 4470 1574 4503; baseline -0.011 0"><span class='ocrx_word' id='word_1_430' title='bbox 1482 4470 1511 4503; x_wconf 90' lang='lat' dir='ltr'>a</span> <span class='ocrx_word' id='word_1_431' title='bbox 1545 4470 1574 4502; x_wconf 83' lang='lat' dir='ltr'>a</span> 
     </span>
    </p>
   </div>
  </div>
 </body>
</html>
