3050 4934
1208 280 1556 347 LIBER
1602 284 1689 348 V.

468 421 781 489 Exsultat
809 426 1046 503 fidenS,
1080 429 1135 491 si
1162 450 1336 494 nunc
1365 430 1538 497 foret
1561 432 1670 498 illa
1688 436 2033 519 juventas:

467 520 671 587 Haud
699 526 1003 609 equidem
1032 530 1245 611 pretio
1272 531 1578 597 inductus
1607 533 2014 621 pulchroque
2036 538 2320 622 juvenco

272 622 421 685 400
464 622 846 691 Venissem:
893 650 1014 693 nec
1044 630 1217 695 dona
1245 654 1481 698 moror.
1562 636 1670 703 Sic
1701 640 1939 705 deinde
1969 641 2249 721 lo‘cutus,

462 725 541 790 In
568 728 852 793 medium
880 732 1171 813 geminos
1202 734 1459 799 immani
1489 740 1782 820 pondere
1814 752 2034 805 cestus

464 825 787 911 Projecit3
833 832 1071 913 quibus
1102 854 1253 897 acer
1284 834 1473 919 Eryx
1502 839 1570 901 in
1601 840 1832 922 proelia
1864 854 2091 907 suetus

462 925 662 991 Ferre
692 952 973 1005 manum,
1006 932 1305 1015 duroque
1334 937 1676 1003 intendere
1707 941 1972 1005 brachia
2001 952 2211 1027 tergo-

462 1025 889 1111 Obstupuere
922 1018 1149 1109 a1'1imi3
1197 1043 1525 1099 tantorum
1555 1038 1842 1122 ingentia
1873 1053 2128 1125 septem

278 1126 419 1190 405
459 1126 685 1211 Terga
714 1130 911 1193 boum
940 1129 1207 1213 plumbo
1234 1134 1453 1199 insuto
1483 1135 1791 1223 ferroque
1823 1142 2144 1225 rigebant.

457 1226 637 1293 Ante
668 1250 889 1294 omnes
922 1240 1146 1315 stupet
1173 1233 1317 1316 ipse
1349 1233 1592 1314 Dares,
1623 1237 1948 1324 longeque
1977 1255 2273 1321 recusat:

459 1327 1049 1415 Magnanimusque
1080 1331 1519 1400 Anchisiades
1549 1349 1620 1402 et
1647 1340 1906 1423 pondus
1937 1352 2006 1405 et
2033 1343 2178 1425 ipsa
2313 1322 2326 1335 ⁶

459 1428 612 1493 Huc
640 1429 791 1495 illuc
820 1430 1175 1497 vinclorum
1202 1434 1513 1501 immensa
1541 1436 1864 1503 volumina
1894 1453 2133 1506 versat.

455 1529 631 1595 Tum
662 1532 879 1597 senior
907 1532 1069 1598 tales
1098 1533 1429 1601 referebat
1456 1550 1726 1622 pectore
1757 1562 1986 1606 voces:

271 1630 414 1693 410
458 1631 661 1709 Quid,
696 1634 751 1697 si
778 1634 923 1718 quis
952 1646 1173 1699 cestus
1204 1637 1409 1720 ipsius
1438 1649 1509 1702 et
1538 1638 1848 1705 Herculis
1876 1663 2056 1706 arma

455 1731 773 1811 Vidisset,
804 1737 1187 1821 tristemque
1216 1737 1343 1802 hoc
1374 1739 1520 1822 ipso
1548 1739 1615 1803 in
1643 1740 1860 1805 littore
1891 1748 2222 1826 pugnam?

456 1832 622 1898 Haec
648 1856 997 1919 germanus
1028 1836 1215 1921 Eryx
1247 1839 1575 1921 quondam
1605 1850 1758 1904 tuus
1789 1863 1968 1905 arma
1994 1845 2305 1925 gerebat:

453 1934 784 2020 Sanguine
814 1938 1025 2001 cernis
1056 1938 1273 2001 adhuc
1304 1937 1644 2024 fractoque
1671 1940 1913 2005 insecta
1942 1942 2237 2007 cerebro·

452 2034 577 2100 His
608 2058 913 2121 magnum
941 2037 1222 2103 Alciden
1252 2049 1481 2104 contra
1512 2040 1727 2105 stetit:
1775 2040 1879 2105 his
1911 2064 2036 2125 ego
2069 2054 2334 2122 suetus:

266 2134 409 2198 415
453 2134 632 2201 Dum
661 2138 886 2203 melior
912 2140 1081 2205 vires
1112 2140 1377 2224 sanguis
1408 2141 1634 2218 dabat,
1663 2141 1898 2207 aemula
1924 2145 2205 2209 necdum

451 2234 889 2322 Temporibus
920 2240 1191 2323 geminis
1221 2242 1497 2307 canebat
1524 2264 1756 2325 sparsa
1784 2254 2109 2309 senectus.

452 2336 611 2415 Sed,
641 2339 695 2402 si
723 2348 947 2404 nostra
976 2339 1193 2406 Dares
1223 2341 1366 2406 haec
1395 2340 1640 2406 Troius
1673 2365 1852 2408 arma
1879 2355 2164 2421 recusat,

450 2438 659 2523 quue
690 2441 801 2524 pio
832 2441 1019 2506 sedet
1049 2441 1309 2518 AEneae,
1341 2444 1580 2526 probat
1607 2454 1836 2507 auctor
1865 2442 2184 2522 Acestes:

452 2538 820 2624 AEquemus
850 2564 1127 2627 pugnas.
1206 2542 1441 2627 Erycis
1472 2544 1591 2607 tibi
1623 2555 1807 2627 terga
1837 2545 2133 2621 remitto;

262 2640 409 2704 420
452 2639 642 2705 Solve
670 2653 919 2720 metus3
968 2653 1037 2707 et
1066 2652 1139 2706 tu
1168 2642 1497 2727 Trojanos
1528 2666 1700 2708 exue
1733 2653 1974 2708 cestus.

446 2741 615 2807 Haec
644 2741 841 2821 fatus,
872 2742 1199 2828 duplicem
1227 2766 1312 2807 ex
1338 2743 1625 2808 humeris
1655 2744 1882 2828 rejecit
1911 2745 2235 2823 amictum,

450 2842 543 2906 Et
568 2864 837 2929 magnos
868 2845 1303 2909 membrorum
1330 2856 1536 2921 artus,
1567 2866 1802 2928 magna
1831 2866 1984 2909 ossa
2010 2844 2443 2931 lacertosque,

450 2944 678 3023 Exuit,
707 2956 903 3029 atque
930 2946 1160 3029 ingens
1190 2945 1403 3010 media
1432 2946 1726 3011 consistit
1757 2966 1974 3013 arena.

266 3158 451 3199 ornatu
472 3160 523 3199 et
554 3150 787 3199 orationis
809 3150 857 3199 vi
886 3152 1125 3215 Virgilius
1146 3151 1396 3215 superior:

265 3214 335 3263 cf.
372 3214 456 3263 inf.
493 3214 577 3265 lib.
619 3215 721 3273 viii,
760 3217 857 3263 560
890 3232 991 3279 sqq.
1054 3216 1199 3271 Quod
1236 3226 1400 3263 autem

266 3294 383 3327 cum
402 3279 565 3329 verbis
580 3280 791 3341 grandes
812 3280 935 3338 illos,
952 3280 1128 3343 quibus
1147 3280 1263 3327 olim
1282 3296 1401 3328 usus

266 3352 391 3400 erat,
431 3352 593 3391 cestus
632 3344 685 3391 in
724 3344 939 3391 medium
980 3344 1187 3408 projicit,
1225 3359 1402 3405 mag-no

266 3416 415 3471 poeta
437 3406 639 3469 dignum
662 3417 749 3455 est.

336 3472 448 3527 399,
470 3474 580 3518 400.
618 3471 877 3519 venissem
960 3471 1139 3529 uidem,
1160 3471 1291 3519 haud
1320 3472 1395 3519 in-

264 3536 447 3583 ductus
462 3534 677 3599 praemio,
691 3536 739 3583 h.
758 3535 837 3583 vel
854 3550 887 3583 n
958 3552 989 3583 a
1004 3535 1193 3600 praemii
1211 3536 1399 3584 ratione

266 3599 449 3647 habita.
474 3602 577 3647 Nec
584 3603 703 3647 dona
714 3616 875 3657 moror,
887 3599 1141 3663 praemium
1152 3615 1251 3648 non
1264 3616 1395 3649 curo.

334 3665 445 3710 403.
482 3666 625 3712 Ferre
650 3680 831 3711 manum
862 3667 911 3711 in
936 3667 1124 3725 proelia,
1156 3664 1397 3725 exquisite

260 3742 358 3792 pro
374 3742 547 3775 manus
566 3742 851 3783 conserere:
881 3736 933 3775 et
949 3732 1185 3777 intendere
1208 3731 1397 3776 brachia

264 3800 413 3853 tergo,
436 3806 527 3855 pro
552 3791 781 3841 inducere
800 3800 1000 3841 cestum.

334 3857 566 3913 404,4o5.
593 3856 725 3904 Nam
744 3865 906 3905 cestus
926 3856 1041 3905 facti
1059 3866 1199 3904 erant
1214 3871 1242 3903 e
1261 3856 1395 3905 corio

260 3929 456 3983 septem
488 3935 567 3968 ma
636 3936 777 3969 orum
809 3923 968 3978 boum,
1004 3920 1167 3968 insuto
1195 3920 1397 3985 plumbo

260 3984 503 4047 ferroque.
622 4000 675 4033 es
714 4000 831 4033 vero
870 3984 931 4033 ad
966 3984 1255 4033 miraculum
1292 3984 1395 4034 fere

258 4057 407 4097 aucta
428 4048 481 4095 in
499 4047 578 4096 his
602 4048 777 4113 Erycis
797 4048 1024 4097 cestibus.

340 4113 615 4161 406—408.
666 4114 923 4175 Longeque,
965 4114 1120 4171 valde,
1162 4123 1219 4160 ut
1256 4114 1393 4161 Serv.

258 4176 464 4225 Scilicet
496 4175 549 4223 in
577 4186 761 4225 recusat
792 4177 913 4225 latet
934 4177 1070 4226 notio
1091 4178 1180 4224 τοῦ
1204 4176 1393 4239 refugit.

268 4242 531 4289 Vinclorum
553 4244 779 4289 volumina
800 4241 888 4290 int.
913 4241 1017 4290 lora
1036 4240 1212 4303 quibus
1234 4250 1395 4289 cestus

258 4305 393 4353 circa
416 4304 669 4353 brachium
690 4305 993 4368 religaretur.

330 4370 605 4417 410—412.
640 4374 787 4417 Ama
816 4386 916 4417 non
1056 4378 1143 4418 unt
1166 4384 1273 4417 esse
1300 4368 1397 4417 alia

260 4448 411 4495 quam
444 4432 551 4495 ipse
584 4442 772 4483 cestus:
808 4434 879 4483 sic
913 4450 1027 4482 mox
1062 4450 1103 4481 v.
1140 4436 1251 4489 424,
1284 4434 1393 4481 425.

1466 3154 1574 3201 Nec
1603 3154 1845 3203 Herculoe
1876 3155 2019 3204 aliter
2050 3170 2194 3218 quam
2227 3158 2450 3232 pugilatu
2482 3174 2592 3207 cum

1466 3217 1627 3280 Eryce
1643 3219 1894 3282 pugnavit,
1915 3220 1992 3267 vel
2017 3220 2180 3269 nurnis
2199 3224 2416 3271 testibus.
2473 3226 2589 3271 Ger-

1464 3298 1626 3329 manus
1665 3283 1851 3340 AEneae,
1891 3284 2062 3331 eadem
2099 3285 2272 3333 saltem
2311 3296 2466 3335 matre
2504 3303 2588 3349 ge-

1466 3344 1615 3402 nitus,
1649 3346 1831 3409 quippe
1864 3347 2072 3395 Veneris
2103 3362 2168 3395 ex
2199 3350 2329 3397 Buta
2355 3350 2466 3413 (sed
2493 3350 2590 3399 alio

1466 3424 1610 3469 quam
1633 3409 1677 3457 is
1699 3409 1760 3457 de
1784 3426 1880 3473 quo
1901 3426 1947 3459 v.
1973 3412 2094 3472 372)
2119 3412 2262 3461 filius.

1531 3475 1642 3531 415,
1677 3475 1788 3521 416.
1837 3478 2040 3533 AEmula,
2074 3476 2308 3537 intellige,
2347 3477 2590 3538 quomodo

1464 3536 1586 3584 alias
1615 3538 1775 3601 poetis
1807 3542 1978 3596 invida,
2006 3548 2232 3585 senectus
2265 3538 2481 3587 nondum
2507 3557 2587 3588 ca-

1462 3604 1601 3648 nebat
1651 3618 1818 3661 sparsa
1871 3604 2159 3661 temporibus,
2207 3600 2424 3649 nondum
2479 3604 2588 3652 cani

1464 3675 1603 3712 erant
1625 3664 1780 3727 sparsi
1804 3678 1893 3727 per
1917 3674 2148 3727 tempora.
2205 3665 2544 3715 ornatissime.

1526 3730 1638 3785 418,
1659 3730 1770 3777 419.
1795 3730 1946 3785 Sedet,
1971 3736 2027 3776 ut
2047 3743 2152 3791 sup.
2173 3728 2224 3785 ii,
2244 3730 2354 3786 660,
2375 3732 2442 3777 Et
2460 3734 2588 3779 sedet

1459 3796 1541 3840 hoc
1581 3796 1744 3840 animo.
1818 3795 1994 3840 Auctor
2036 3795 2237 3849 Acestes,
2280 3808 2463 3850 suasor,
2503 3794 2584 3855 qui

1458 3856 1648 3920 primus
1693 3870 1772 3904 me
1814 3856 1878 3904 ad
1915 3856 2039 3904 hanc
2081 3870 2294 3920 pugnam
2341 3856 2585 3907 excitavit.

1462 3924 1711 3983 AEqnemus
1738 3936 1934 3984 pugnae,
1957 3928 2220 3979 certamen,
2245 3929 2296 3969 et
2326 3936 2457 3969 nunc
2478 3920 2586 3983 qui-

1460 3986 1574 4033 dem
1600 4000 1750 4043 arma,
1781 3994 1958 4033 cestus.
2015 3987 2228 4041 Remitto,
2263 3984 2386 4033 cedo
2418 4000 2474 4033 ac
2508 4000 2586 4035 re-

1461 4049 1636 4098 nuntio
1667 4049 1880 4097 cestibus
1911 4049 2111 4111 Erycis:
2148 4047 2218 4097 sic
2249 4056 2302 4095 et
2332 4048 2452 4097 alias
2475 4064 2518 4096 v.
2543 4066 2586 4097 c.

1460 4113 1528 4170 xi,
1556 4114 1666 4171 359,
1701 4116 1847 4161 Cedat
1865 4112 1953 4175 jae
1979 4116 2216 4173 proprium
2245 4115 2361 4173 regi,
2388 4116 2584 4174 patria-

1459 4194 1546 4239 que
1563 4181 1786 4225 remittat.

1524 4242 1798 4289 421-423,
1843 4238 2107 4287 Manifesta
2136 4238 2344 4287 imitatio
2373 4239 2466 4288 loci
2496 4256 2582 4289 no-

1460 4304 1686 4354 bilissimi
1720 4303 1892 4366 Odyss.
1926 4318 1973 4360 e,
2005 4302 2212 4352 65—74.
2273 4304 2456 4353 Versus
2489 4308 2588 4353 422

1462 4385 1525 4417 ex
1545 4366 1788 4415 Ennianis
1809 4366 1952 4415 fluxit
1971 4383 2048 4430 ap.
2073 4366 2289 4416 Macrob.
2312 4368 2374 4425 vi,
2402 4370 2442 4417 l.
2481 4372 2583 4417 Du·

1461 4436 1638 4493 plicent,
1667 4432 1869 4481 Homer.
1895 4432 2080 4488 διπλῆν,
2101 4430 2348 4495 duplicato
2367 4448 2544 4497 pannt).

1390 4500 1474 4543 3⁸
