3050 4934
453 263 582 326 580
1336 261 1872 329 AENEIDOS

625 413 1030 498 Indutosque
1051 415 1246 497 jubet
1275 423 1541 478 truncos
1572 411 1916 480 hostilibus
1948 413 2139 478 armis

629 513 818 598 Ipsos
851 513 1023 578 ferre
1052 514 1278 591 duces,
1308 514 1693 598 inimicaque
1722 514 1983 578 nomina
2010 511 2148 596 figi.

497 617 583 678 85
628 615 914 679 Ducitur
941 613 1166 678 infelix
1191 636 1330 678 oevo
1355 613 1693 678 confectus
1726 613 2023 689 Acoetes,

626 714 908 780 Pectora
935 737 1108 780 nunc
1135 714 1393 780 foedans
1417 716 1681 798 pugnis,
1711 736 1883 780 nunc
1913 713 2243 798 unguibus
2272 731 2425 786 ora3

631 816 962 881 Sternitur
989 826 1058 880 et
1087 827 1227 880 toto
1257 815 1589 900 projectus
1620 837 1893 899 corpore
1926 826 2140 880 terrae.

631 917 904 981 Ducunt
933 927 1002 981 et
1031 914 1284 980 Rutulo
1313 915 1617 999 perfusos
1648 917 1961 1000 sanguine
1990 935 2245 980 currus.

632 1015 796 1080 Post
823 1016 1099 1080 bellator
1129 1037 1364 1100 equuS‚
1385 1015 1617 1099 positis
1646 1016 2029 1099 insignibus,
2064 1013 2315 1078 AEthon

501 1119 588 1180 90
630 1116 694 1181 It
721 1117 1086 1194 lacrimans,
1118 1116 1452 1201 guttisque
1483 1115 1818 1182 humectat
1844 1116 2205 1199 grandibus
2236 1135 2373 1180 ora.

557 1239 569 1248 ·
633 1215 914 1282 Hastam
941 1217 1050 1282 alii
1077 1217 1456 1301 galeamque
1487 1215 1735 1296 ferunt3
1780 1237 1931 1284 nam
1960 1227 2199 1280 coetera
2224 1215 2493 1280 Turnus

502 1309 517 1317 ’
630 1318 862 1382 Victor
891 1317 1114 1382 habet.
1175 1313 1352 1382 Tum
1381 1327 1615 1382 moesta
1646 1316 1954 1400 phalanx,
1974 1316 2351 1400 Teucrique
2381 1323 2778 1399 sequuntur,

630 1417 1089 1502 Tyrrhenique
1121 1417 1350 1494 duces,
1379 1428 1448 1480 et
1469 1419 1675 1482 versis
1706 1414 2005 1488 Arcades
2036 1418 2253 1482 amuis.

629 1517 990 1603 Postquam
1020 1519 1224 1582 omnis
1251 1516 1446 1602 longe
1475 1519 1781 1582 comitum
1812 1528 2223 1601 processerat
2250 1518 2438 1593 ordo,

498 1620 585 1683 95
629 1619 939 1684 Substitit
967 1619 1242 1696 AEneas,
1273 1618 1649 1702 gemituque
1680 1617 1823 1684 haec
1854 1619 2111 1684 addidit
2136 1617 2303 1682 alto:

625 1719 772 1784 Nos
804 1718 962 1784 alias
989 1719 1140 1784 hinc
1172 1720 1258 1784 ad
1287 1718 1582 1784 lacrimas
1612 1719 1843 1784 eadem
1872 1719 2140 1782 horrida
2170 1715 2324 1782 belli

629 1819 795 1884 Fata
823 1831 1078 1884 vocant.
1155 1817 1346 1884 Salve
1378 1829 1693 1885 aeternum
1722 1817 1900 1896 mihi,
1930 1841 2228 1884 maxume
2260 1813 2465 1893 Palla,

637 1919 1117 2005 AEternumque
1145 1919 1305 1985 vale.
1380 1919 1531 1984 Nec
1560 1919 1751 2006 plura
1779 1918 2043 1995 effatus,
2072 1919 2157 1982 ad
2188 1917 2357 1982 altos

633 2019 986 2086 Tendebat
1008 2043 1251 2097 muros,
1280 2043 1707 2105 gressumque
1736 2022 1803 2084 in
1832 2030 2049 2084 castra
2076 2019 2353 2084 ferebat.

465 2122 592 2185 100
721 2121 1004 2206 Jamque
1035 2134 1327 2188 oratores
1358 2123 1633 2188 aderant
1660 2143 1746 2186 ex
1773 2121 1936 2186 urbe
1970 2119 2232 2197 Latina,

633 2222 854 2286 Velati
883 2224 1076 2286 ramis
1107 2221 1291 2299 oleae,
1323 2223 1703 2306 veniamque
1726 2232 2069 2304 rogantes:

632 2323 952 2407 Corpora,
983 2345 1106 2408 per
1135 2345 1398 2406 campos
1429 2321 1605 2386 ferro
1636 2345 1785 2406 quae
1814 2321 1963 2386 fusa
1976 2321 2309 2406 jacebant,

625 2423 990 2500 Redderet,
1022 2445 1098 2488 ac
1129 2423 1376 2488 tumulo
1408 2424 1651 2486 sineret
1680 2423 2033 2488 succedere
2064 2431 2295 2498 terrae3

629 2523 902 2590 Nullum
931 2547 1077 2589 cum
1106 2525 1290 2590 victis
1321 2535 1649 2590 certamen
1676 2533 1745 2587 et
1775 2523 2021 2588 aethere
2046 2523 2285 2600 cassis3

469 2628 592 2690 105
634 2624 948 2692 Parceret
976 2624 1345 2709 hospitibus
1377 2624 1705 2708 quondam
1736 2624 2107 2707 socerisque
2137 2623 2403 2688 vocatis.

639 2726 826 2800 Quos
856 2728 1068 2791 bonus
1099 2719 1376 2802 AEneas',
1407 2724 1587 2789 haud
1616 2724 2027 2808 aspernanda
2056 2733 2425 2807 precantes,

635 2825 1068 2913 Prosequitur
1097 2827 1306 2904 venia,
1335 2837 1402 2892 et
1429 2826 1644 2890 verbis
1674 2825 1819 2890 haec
1844 2826 2113 2908 insuper
2143 2823 2361 2890 addit:

635 2927 954 3001 Quaenam
984 2949 1098 2992 vos
1129 2937 1312 2990 tanto
1340 2925 1605 2990 fortuna
1631 2925 1922 3010 indigna,
1954 2925 2195 3001 Latini,

634 3026 959 3112 Implicuit
988 3021 1182 3102 bello',
1215 3027 1326 3109 qui
1355 3048 1476 3090 nos
1505 3024 1767 3109 fugiatis
1798 3027 2080 3091 amicos?

470 3131 594 3192 110
639 3127 875 3192 Pacem
905 3149 1010 3190 me
1039 3127 1350 3190 exanimis
1381 3137 1450 3190 et
1477 3126 1715 3190 Martis
1748 3138 1924 3191 sorte
1952 3126 2258 3210 peremtis

631 3217 900 3294 Oratis?
945 3229 1248 3311 equidem
1277 3239 1346 3292 et
1373 3228 1533 3292 vivis
1562 3229 1922 3294 concedere
1952 3226 2202 3294 vellem.

455 3448 798 3506 destinaverat,
834 3447 930 3496 vid.
972 3463 1078 3511 sup.
1117 3447 1179 3494 ad
1213 3461 1261 3504 x,
1305 3448 1576 3495 518-520,
1710 3449 1786 3495 91.
1824 3449 1947 3494 Nam
1987 3455 2157 3495 catera
2202 3449 2384 3496 namus
2425 3451 2569 3495 vietor
2612 3449 2773 3496 habet.

459 3515 586 3562 Caso
605 3515 828 3576 sanguim
849 3511 1081 3560 audacter
1099 3525 1205 3575 pro,
1224 3525 1490 3566 caesorumg
1523 3519 1581 3558 ut
1646 3510 1806 3574 Supra
1822 3525 1871 3568 x,
1894 3509 1991 3557 49⁶
2008 3526 2079 3572 sq.
2100 3511 2317 3560 balteum
2337 3520 2529 3560 tantum
2550 3525 2771 3560 comme-

455 3576 654 3634 ibidem,
675 3580 856 3638 captivo
875 3579 1110 3639 mgni-e.
1646 3583 1932 3632 metaverat,
1968 3589 1997 3621 e
2029 3589 2125 3636 quo
2164 3575 2297 3624 ensis
2326 3575 2545 3640 pendere
2580 3575 2773 3626 debuit.

520 3641 600 3698 83,
625 3644 702 3689 84.
739 3640 944 3688 Fercula
965 3639 1198 3714 describit
1231 3638 1284 3687 in
1317 3638 1581 3702 triumphis
1646 3637 1857 3700 Reliqua
1876 3647 1983 3686 tum
2004 3637 2251 3688 subticuit.
2724 3703 2737 3715 ⁸

455 3713 642 3816 {tesza
679 3705 840 3816 ἓξὲξ»,
861 3705 1208 3832 attinxit-{ida
1249 3782 1362 3816 eum
1407 3766 1577 3826 titulis,
1643 3703 2097 3816 hezoadNez'ec‘hli?
2108 3777 2161 3815 et
2194 3768 2257 3815 ad
2288 3711 2777 3824 muff'verimtem‘}

455 3847 544 3881 seu
575 3831 854 3881 nominibus
883 3847 1051 3880 eorum
1071 3846 1276 3894 quorum
1305 3845 1440 3879 arma
1468 3831 1575 3878 fue-
1642 3831 1869 3893 idemque
1906 3847 2019 3879 eum
2058 3831 2313 3896 sapientie
2344 3831 2603 3895 praeceptis
2644 3845 2773 3880 eon-

457 3905 586 3944 rant.
1636 3894 2026 3957 junctissimam:
2064 3895 2495 3959 obtemperandum
2526 3903 2603 3943 est
2620 3903 2775 3944 natu-

518 3961 596 4012 87.
632 3963 866 4009 Sternit-w
882 3967 932 4007 ee
942 3979 961 4013 ,·
995 3975 1099 4034 pro,
1118 3973 1434 4007 nunc—mnae
1448 3967 1572 4007 stra-
1640 3973 1708 4007 rae
1746 3959 1799 4006 in
1830 3959 1969 4022 gravi
2002 3974 2145 4016 casus
2182 3969 2257 4008 est
2296 3959 2525 4017 flendum,
2560 3959 2771 4022 elugen-

453 4033 533 4073 tus
552 4034 604 4073 et
619 4026 866 4088 projectus
885 4024 1050 4079 hum13
1085 4031 1143 4070 ut
1175 4023 1395 4072 solebant
1414 4023 1575 4070 facere
1639 4022 1755 4070 dum
1774 4041 1787 4078 ς
1822 4033 1927 4071 tum
1959 4022 2123 4072 animo
2144 4023 2414 4088 composito
2436 4023 2497 4072 ad
2514 4022 2627 4072 vite
2648 4023 2761 4072 offi-

451 4087 632 4137 doloris
647 4087 953 4152 impatientia
974 4085 1219 4148 animique
1238 4085 1539 4160 impotentia.
1639 4085 1721 4134 cia
1738 4087 2059 4136 redeundum.

519 4154 597 4200 88.
626 4155 802 4200 Currus
818 4151 1090 4216 acciperem
1105 4150 1342 4198 Pallanta
1358 4165 1571 4207 currum,
1709 4152 1815 4198 101.
1856 4153 2010 4200 Veluti
2028 4151 2321 4214 ἐστεμμένοι,
2339 4161 2591 4216 gestantes
2600 4167 2773 4202 ramos

452 4229 550 4278 quo
575 4215 628 4264 in
649 4231 816 4280 pugna
835 4231 954 4264 mm
989 4223 1108 4272 erat,
1133 4213 1230 4264 nisi
1263 4213 1466 4263 navibus
1487 4230 1573 4262 ve-
1641 4215 1839 4264 vittatos
1872 4215 2124 4265 manibus:
2160 4217 2258 4265 vid.
2278 4217 2341 4266 ad
2372 4217 2455 4266 lib.
2481 4216 2532 4274 ii,
2556 4215 2679 4272 2493
2717 4233 2768 4275 v,

453 4277 620 4336 nitet,
643 4289 694 4327 et
711 4280 876 4328 statim
899 4295 1026 4328 unus
1047 4293 1202 4342 equus
1223 4278 1571 4342 subjiceretur:
1640 4279 1719 4339 72,
1744 4281 1869 4337 366;
1904 4280 1987 4339 vii,
2017 4283 2123 4338 154,
2149 4280 2259 4331 287.
2322 4283 2512 4330 Veniam
2529 4295 2595 4328 sc.
2619 4280 2775 4339 hanc,

453 4356 583 4389 nunc
603 4343 731 4392 hosti
754 4343 910 4407 erepti
941 4359 1114 4392 curnis
1142 4343 1478 4406 intelligendi:
1513 4343 1574 4392 cf.
1643 4355 1697 4392 ut
1734 4345 1991 4400 redderet;
2032 4361 2147 4394 mox
2178 4361 2351 4406 pacem,
2391 4344 2769 4408 indulgentiam.

453 4405 536 4454 lib.
561 4421 609 4463 x,
635 4407 744 4462 899,
771 4415 862 4454 etc.
1642 4408 2019 4458 consutionem.
