3050 4934
455 229 585 292 ,⁶216

1347 223 1877 289 AENEIDOS

455 379 585 442 380
631 377 882 442 Italiam
910 399 1134 461 quaero
1165 378 1462 461 patriam,
1495 395 1705 459 genus
1737 376 1821 437 ab
1850 373 2019 436 Jove
2050 393 2321 436 summo.

631 479 747 543 Bis
779 479 964 542 denis
991 475 1733 561 Phrygiumconseendi
1762 475 2037 537 navibus
2069 495 2316 556 oequor,

628 580 849 644 Matre
881 581 1008 644 dea
1037 589 1439 649 monstrante
1471 577 1660 653 viam,
1692 575 1849 639 data
1877 573 2013 638 fata
2044 583 2343 637 secutus:

630 681 766 746 Vix
799 691 1052 765 septem
1081 678 1410 744 convulsae
1437 678 1633 743 undis
1667 677 1985 759 Euroque
2016 684 2390 758 supersunt.

634 783 788 866 Ipse
819 783 1105 866 ignotuS,
1137 801 1363 864 egens,
1396 778 1630 862 Libyae
1660 777 1923 841 deserta
1948 795 2251 860 peragro,

461 885 591 948 385
636 883 912 967 Europa
941 892 1138 965 atque
1169 881 1334 946 Asia
1363 879 1617 964 pulsus.

1690 877 1839 940 Nec
1868 875 2061 960 plura
2088 885 2470 960 querentem

637 985 846 1048 Passa
877 983 1106 1048 Venus
1136 982 1350 1047 medio
1379 981 1470 1044 sic
1499 977 1807 1042 interfata
1836 975 2065 1041 dolore
2094 987 2233 1040 esta

717 1085 1036 1168 Quisquis
1067 1106 1164 1160 ee,
1195 1083 1400 1158 haud,
1431 1081 1655 1158 credo,
1687 1080 1933 1144 invisus
1962 1077 2341 1143 coelestibus
2372 1095 2565 1140 auras

636 1183 888 1251 Vitales
920 1186 1159 1268 carpis,
1191 1183 1460 1267 Tyriam
1489 1183 1603 1266 qui
1630 1179 1972 1245 adveneris
2000 1181 2249 1244 urbem.

635 1288 850 1371 Perge
880 1286 1096 1362 mode,
1130 1295 1327 1370 atque
1357 1283 1510 1348 hinc
1542 1294 1608 1348 te
1638 1282 1881 1367 reginae
1908 1282 1995 1345 ad
2024 1280 2241 1344 limina
2268 1279 2509 1365 perfer.

462 1391 592 1452 390
635 1389 938 1472 Namque
970 1389 1088 1451 tibi
1117 1387 1394 1451 reduces
1428 1387 1637 1450 socios
1668 1383 2071 1466 classemque
2101 1378 2371 1446 relatam

634 1489 915 1566 Nunti0,
947 1500 1016 1552 et
1045 1490 1112 1552 in
1141 1499 1356 1552 tutum
1386 1488 1591 1550 versis
1624 1483 2034 1569 aquilonibus
2062 1493 2307 1560 actam3

635 1590 730 1654 Ni
759 1590 1004 1654 frustra
1033 1589 1376 1674 augurium
1402 1579 1555 1650 'vani
1584 1587 1867 1650 docuere
1898 1595 2225 1670 parentes.

636 1690 935 1775 Adspice
965 1691 1068 1754 bis
1101 1711 1293 1754 senos
1315 1689 1613 1753 laetantes
1642 1688 1897 1771 agmine
1926 1707 2189 1771 cycnos,

637 1792 946 1856 AEtheria
973 1815 1139 1876 quos
1170 1791 1356 1874 lapsa
1378 1790 1575 1875 plaga
1600 1789 1648 1852 J
1650 1789 1785 1853 ovis
1817 1786 1953 1852 ales
1984 1797 2215 1872 aperto

465 1894 594 1958 395
638 1893 988 1958 Turbabat
1017 1891 1221 1970 coelo;
1265 1913 1441 1958 nunc
1469 1903 1679 1956 terras
1708 1889 1936 1954 ordine
1964 1887 2160 1973 longo

639 1993 781 2058 Aut
810 2015 1072 2078 capere,
1103 2005 1218 2058 aut
1249 2004 1478 2078 captas
1499 1993 1639 2077 jam
1668 1990 2055 2074 despectare
2086 1991 2425 2054 videntur:

466 2207 662 2272 egregie
704 2224 758 2256 se
799 2207 964 2271 ipsum
1018 2206 1340 2256 commendat.
1413 2207 1583 2264 Recte,

467 2273 646 2320 nosti-is
678 2271 894 2320 moribus
927 2270 972 2320 si
1005 2286 1110 2319 rem
1145 2271 1384 2326 estimem
1427 2287 1584 2329 secus,

467 2336 510 2384 si
532 2335 756 2395 heroicis,
781 2345 838 2384 ut
870 2350 932 2383 ex
961 2345 1063 2384 toto
1088 2335 1310 2384 Homero
1332 2334 1451 2384 satis
1467 2351 1583 2383 con-

465 2409 577 2450 stat.
613 2403 761 2448 Fama
776 2415 914 2464 super
933 2403 1108 2460 athena
1129 2407 1276 2458 notus,
1301 2415 1364 2448 ex
1383 2399 1589 2464 poetiooe

1650 2215 1918 2254 monstrata
1928 2215 2170 2264 monemr,
2194 2205 2281 2254 sed
2308 2214 2497 2256 tantum
2518 2205 2581 2255 de
2602 2207 2717 2270 fuga
2730 2223 2774 2256 v.

1651 2272 1762 2328 619,
1788 2271 1897 2318 620.
1953 2271 2139 2319 Verum
2158 2270 2295 2319 fuere
2314 2271 2423 2319 aliae
2453 2272 2507 2319 in
2542 2287 2648 2319 eam
2670 2287 2777 2321 rem

1650 2334 1851 2384 fabulae:
1889 2343 2093 2399 potuere
2123 2335 2337 2383 insidere
2359 2343 2517 2399 poetae
2539 2336 2702 2383 animo
2722 2337 2776 2384 in

1652 2399 1779 2448 libro
1817 2398 1869 2457 ii,
1912 2400 2023 2457 693,
2062 2401 2118 2447 de
2156 2401 2267 2446 eoelo
2304 2402 2450 2462 lapsa,
2491 2409 2582 2448 etc.
2646 2401 2777 2448 Data

467 2463 702 2513 orationis
722 2465 883 2528 genio,
909 2463 1032 2512 nihil
1065 2463 1198 2512 aliud
1231 2479 1376 2527 quam
1396 2463 1585 2528 simpli·-
1640 2463 1769 2526 sata,
1806 2471 2076 2511 monstrata
2114 2477 2225 2511 cum
2274 2477 2364 2527 per
2398 2463 2629 2527 auspicia,
2672 2473 2777 2512 tum

469 2527 594 2578 citer
614 2529 806 2577 celeber
827 2538 879 2576 et
897 2528 1123 2592 inclytus.
1168 2527 1412 2592 Inclytum
1426 2539 1589 2576 autem

467 2608 524 2641 ac
547 2603 718 2641 notum
735 2609 788 2641 se
810 2593 1166 2641 calamitatibus
1183 2592 1284 2640 suis
1301 2591 1478 2650 dicere,
1494 2591 1587 2639 mi—

467 2671 561 2705 nus
583 2657 730 2705 habet
755 2655 1038 2706 offensionis
1063 2656 1210 2704 etiam
1238 2655 1418 2704 nostris
1439 2655 1589 2704 mori-

468 2723 581 2777 bus3
626 2729 678 2768 et
711 2721 912 2784 pietatis
955 2721 1141 2769 mentio
1179 2719 1307 2768 facta
1335 2719 1590 2768 hominum

467 2785 656 2834 animos
697 2785 960 2834 benevolos
999 2783 1096 2849 ipsi
1135 2783 1340 2834 reddere
1417 2793 1588 2832 oterat.

469 2850 654 2897 Verum
689 2859 740 2897 et
771 2852 893 2912 pius,
939 2857 993 2896 ut
1035 2849 1236 2897 omnino
1271 2847 1322 2896 in
1431 2847 1589 2906 neide,

501 2923 758 2978 erpetuum
794 2923 870 2962 est
905 2913 1080 2961 AEneoe
1109 2912 1410 2970 attributum,
1445 2913 1589 2976 quod,

525 2979 735 3026 omer-ico
757 2993 906 3036 more,
963 2976 1128 3041 roprio
1149 2977 1335 3024 nomini
1359 2985 1589 3039 tanquam

464 3041 598 3090 aliud
619 3059 710 3106 pro
743 3041 872 3090 rium
957 3044 971 3056 '
1078 3040 1190 3088 'tun

532 3107 642 3154 380.
721 3105 913 3153 abulam
929 3114 1075 3168 poeta
1091 3103 1323 3166 sequitur,
1343 3119 1440 3166 qua
1458 3105 1587 3152 Dar-

465 3169 622 3218 danus
655 3183 684 3216 a
715 3169 932 3232 Corytho
953 3169 1210 3232 Tyrrheno
1231 3183 1388 3231 genus
1409 3168 1589 3217 ducere

463 3232 722 3290 ferebatur,
742 3247 853 3280 cum
868 3233 1111 3295 Corythus
1127 3232 1516 3280 Samothracicus
1538 3233 1593 3280 in

467 3311 579 3346 eum
593 3305 722 3345 esset
744 3293 1005 3344 tramlatus
1021 3295 1344 3344 similitudine
1362 3296 1588 3344 nominis.

475 3360 611 3408 Hinc
632 3361 716 3408 lib.
741 3359 826 3417 vii,
853 3361 960 3418 122,
995 3361 1093 3408 Hic
1125 3362 1281 3408 domus
1315 3363 1412 3408 ᾗσι·
1427 3363 1591 3422 patria

465 3432 537 3473 est
550 3445 567 3478 ,-
601 3424 653 3480 ii,
677 3425 788 3481 620,
811 3431 958 3472 tutum

473 3489 730 3538 Hactenus
750 3487 896 3536 Italia
912 3497 987 3537 est
1003 3489 1178 3537 AEneoe
1193 3489 1378 3553 petrin
1409 3499 1458 3536 et
1469 3489 1585 3537 hae·-

469 3561 614 3601 tenus
629 3569 776 3628 gem
805 3569 836 3601 a
860 3555 972 3601 Jove
997 3553 1213 3611 ductum,
1238 3553 1286 3601 h.
1313 3568 1358 3601 e.
1383 3553 1589 3616 stirpem

465 3626 518 3665 et
537 3616 776 3680 originem
791 3617 986 3680 generis
999 3631 1030 3665 a
1045 3619 1172 3667 Jove
1186 3617 1334 3674 ducti,
1349 3626 1589 3680 quatenus

468 3681 743 3740 Dardanus,
766 3681 905 3730 Jovis
939 3681 1068 3729 filius
1101 3697 1166 3729 ex
1197 3682 1406 3738 Electra,
1428 3690 1480 3729 et

463 3745 596 3794 neris
618 3753 800 3809 auctor,
825 3759 888 3794 ex
913 3745 1058 3793 Italia
1073 3746 1310 3794 oriundus
1328 3754 1416 3794 est.
1469 3695 1586 3793 1·on

464 3813 646 3872 querit,
668 3809 809 3874 petit,
832 3809 880 3857 h.
906 3824 947 3857 e.
970 3818 1163 3868 terram,
1191 3809 1245 3857 in
1277 3825 1374 3872 qua
1405 3823 1581 3874 proge-

463 3874 595 3922 nitor
617 3873 699 3921 ille
722 3883 882 3921 ortum
903 3874 1152 3921 habuerat.

532 3939 642 3986 381.
678 3939 935 4001 Phrygium
972 3953 1140 4000 aeqnor,
1175 3935 1329 3985 littori
1373 3936 1585 3986 Troadis

464 4016 554 4052 seu
595 4001 819 4065 Phrygiae
853 4001 1057 4049 minoris
1095 4009 1403 4065 proetentum.
1463 4005 1581 4051 Con-

462 4069 620 4114 eoendi
652 4083 806 4128 equor
837 4069 1028 4114 navibus
1059 4065 1248 4114 doctius
1269 4065 1470 4124 dictum,
1493 4081 1587 4130 pro

465 4130 670 4192 vulgari,
690 4129 1016 4179 conscendere
1025 4142 1202 4180 naves.
1255 4129 1352 4186 Qui
1377 4131 1509 4179 enim
1532 4131 1586 4178 in

463 4193 617 4241 altum
640 4193 876 4254 evehitur,
905 4194 948 4243 is
981 4201 1034 4243 et
1063 4207 1227 4257 oequor
1259 4195 1587 4244 conscendere

463 4255 561 4304 dici
584 4265 758 4321 potest.

530 4323 639 4369 382.
684 4324 843 4369 Matre
895 4325 982 4371 dea
1025 4331 1303 4371 monstrans
1345 4327 1480 4380 υἱωη,
1523 4339 1589 4372 ex

463 4385 579 4435 AEn.
605 4385 656 4443 ii,
687 4387 783 4433 689
813 4401 914 4448 sqq.
975 4387 1112 4434 Nihil
1144 4387 1206 4435 de
1229 4387 1308 4438 via
1339 4403 1368 4436 a
1391 4389 1587 4436 Venere

978 3428 1138 3486 patrio
1165 3433 1209 3472 te
1239 3427 1394 3472 limine
1411 3429 1587 3472 σι’παπ.

1652 2541 1743 2592 per
1764 2528 1959 2576 oracula
1980 2527 2050 2584 iii,
2076 2529 2137 2576 95
2160 2543 2231 2590 sq.
2261 2529 2353 2576 163
2376 2543 2477 2590 sqq.
2505 2529 2599 2578 3⁷5
2619 2543 2720 2592 sqq.

1720 2593 1831 2639 384.
1868 2593 1901 2639 I
2004 2609 2071 2649 us,
2095 2590 2149 2638 in
2172 2600 2303 2640 terra
2330 2591 2511 2655 ignota,
2534 2592 2664 2641 iuter
2685 2593 2773 2640 ho-

1656 2653 1813 2703 mines
1834 2671 1865 2717 q
1919 2657 2009 2704 bus
2032 2655 2139 2719 ipse
2156 2655 2353 2719 ignotus
2376 2667 2464 2704 est.

1722 2721 1829 2767 885.
1868 2719 1993 2768 Eam
2026 2720 2370 2785 interpellavit,
2395 2722 2472 2770 vel
2506 2735 2605 2770 non
2632 2737 2777 2783 passa

1656 2791 1927 2846 querentem,
1969 2797 2074 2848 pro,
2122 2799 2222 2832 non
2274 2800 2419 2848 passa
2470 2801 2583 2833 eum
2635 2786 2775 2848 queri

1654 2848 1809 2912 plura,
1848 2849 2022 2897 Graeca
2052 2849 2270 2905 ratione3
2307 2849 2384 2898 vel
2406 2847 2630 2910 interfata
2664 2865 2773 2912 que-

1656 2919 1825 2960 rentem
1840 2930 1859 2966 ,·
1898 2930 1988 2960 non
2019 2929 2161 2974 passa
2194 2929 2259 2961 sc.
2297 2917 2428 2974 queri
2460 2917 2633 2976 plura.-
2676 2915 2775 2962 οὐδ’

1656 2977 1731 3024 da
1749 2977 1935 3024 κλαίειν
1954 2975 2095 3024 Iliad„
2118 2995 2164 3034 η,
2188 2977 2299 3028 42⁷.

1719 3040 1829 3097 38⁷,
1854 3042 1965 3088 388.
2000 3043 2202 3089 ornate.
2247 3042 2291 3089 0
2310 3057 2477 3090 carum
2502 3051 2551 3090 te
2566 3041 2771 3106 superis,

1653 3119 1765 3152 eum
1808 3105 2157 3168 Carthaginem
2197 3104 2389 3154 delatus
2428 3107 2528 3155 sis!
2604 3109 2777 3154 Vitales

1652 3183 1795 3216 suras
1816 3185 1881 3236 ως
1900 3169 2100 3231 antiquo
2125 3185 2350 3219 sermone
2371 3171 2533 3229 habet,
2556 3187 2602 3219 v·
2627 3189 2667 3220 c.
2694 3186 2773 3235 ap.

1658 3233 1853 3282 Lucret.
1878 3231 1947 3290 iii,
1973 3233 2083 3291 406,
2107 3243 2158 3282 et
2178 3233 2308 3283 alibi.

1723 3298 1833 3355 390,
1870 3299 1979 3346 391.
2019 3301 2218 3346 Classem
2261 3303 2469 3356 relatam,
2504 3299 2773 3357 reductam,

1652 3360 1897 3436 reducem.
1961 3363 2116 3410 Vereis
2143 3365 2444 3424 aquilonibus,
2468 3364 2515 3410 h.
2540 3379 2583 3411 e.
2610 3363 2771 3412 ventis

1654 3423 1989 3536 Ἳεὲοιῗωύ
2010 3488 2073 3536 sd
2092 3497 2318 3536 ornatum
2340 3489 2550 3552 egregie.
2602 3491 2773 3550 Vanus,

1654 3567 1753 3599 non
1784 3551 1929 3600 modo
1970 3552 2053 3615 qui
2091 3551 2350 3616 pollicetur
2388 3569 2497 3616 quoe
2572 3564 2775 3604 raestare

1654 3615 1837 3678 nequit,
1872 3616 1959 3664 sed
1990 3623 2042 3664 et
2074 3617 2159 3678 qui
2196 3617 2453 3681 profitetur
2482 3633 2545 3666 ve
2601 3619 2773 3668 falsam

1659 3681 1735 3728 vel
1753 3679 1951 3728 inanem
1972 3680 2259 3730 doctrinam.

1714 3745 1825 3802 393,
1841 3746 1950 3794 894.
1976 3745 2249 3794 Duodecim
2266 3761 2417 3796 naves
2432 3763 2543 3796 cum
2563 3747 2777 3808 Antheo,

1650 3809 1893 3884 Sergesto,
1926 3811 2265 3874 Cloanthoque
2297 3821 2513 3861 servatas
2544 3827 2660 3862 mox
2692 3814 2766 3861 vi-

1650 3873 1887 3922 debimus.
1946 3874 2055 3923 Has
2102 3875 2303 3924 totidem
2348 3876 2505 3926 olores
2543 3877 2770 3936 innuunt.

1652 3953 1788 4000 quos,
1812 3939 1873 3986 ab
1906 3939 2069 4001 aquila
2098 3940 2245 3988 modo
2258 3940 2484 4004 ·ag·itstos
2512 3951 2562 3990 et
2582 3942 2771 4006 disper—

1650 4017 1745 4060 sos,
1768 4003 1909 4050 hoste
1938 4004 2109 4051 abacto
2135 4003 2431 4055 ludibundos
2492 4005 2769 4054 laudentes-

1650 4083 1745 4130 que
1768 4075 1947 4115 terram
1971 4068 2197 4117 advolare
2221 4069 2436 4118 ostendit
2504 4083 2639 4118 enus.

1718 4133 1826 4189 895,
1852 4124 1962 4180 3⁹6.
2002 4135 2243 4182 Tur-babet
2272 4134 2521 4198 eleganter
2545 4149 2636 4199 pro
2666 4135 2770 4198 agi-

1652 4196 1799 4254 tabat,
1840 4195 2212 4260 insequebatur:
2256 4207 2415 4261 aperto
2446 4201 2569 4258 coelo,
2602 4199 2771 4259 libero,

1650 4259 1821 4323 pervio
1838 4261 2129 4311 volantibus.
2184 4265 2309 4320 Quae
2340 4273 2611 4326 sequuntur
2638 4263 2771 4313 varie

1650 4325 1971 4390 accipiuntur.
2032 4327 2306 4376 Difficultas
2342 4339 2417 4376 est
2450 4329 2503 4376 in
2536 4343 2655 4377 voce
2690 4345 2769 4378 ca-

1648 4403 1757 4450 pere
1784 4399 1835 4436 et
1867 4397 2041 4450 captas,
2062 4393 2201 4452 cujus
2228 4407 2286 4440 ea
2314 4393 2448 4441 notio
2474 4393 2775 4454 exquirenda
