3050 4934
1198 265 1542 330 LIBER
1589 266 1722 331 v1.

298 413 431 476 725
477 413 969 498 Lucentemque
1000 416 1267 500 globum
1292 417 1487 495 lunae,
1521 418 1916 503 Titaniaque
1944 429 2144 497 astra,

294 539 307 605 ἱ
473 515 757 599 Spiritus
788 517 964 581 intus
996 517 1131 595 alit,
1158 528 1489 604 totamque
1518 519 1735 585 infusa
1763 543 1885 604 per
1913 533 2097 586 artus

298 622 305 637 ⁴
477 617 675 681 Mens
706 619 911 702 agitat
937 619 1191 697 molem,
1223 632 1292 685 et
1318 644 1554 706 magno
1583 645 1654 686 se
1685 644 1958 707 corpore
1987 624 2237 688 miscet.

473 717 639 782 Inde
668 719 999 784 hominum
1028 723 1484 807 pecudumque
1515 745 1748 807 genua,
1781 725 2059 808 vitaeque
2089 724 2444 803 volantum,

478 819 571 882 Et
602 841 750 904 quae
778 842 1140 886 marmoreo
1170 822 1297 888 fert
1327 835 1616 889 monstra
1649 827 1774 890 sub
1805 847 2068 909 aequore
2099 837 2366 910 pontus.

302 921 432 984 730
479 920 719 1004 Igneus
750 933 852 986 est
882 922 1023 986 ollis
1050 925 1233 1008 vigor
1260 936 1329 989 et
1358 925 1642 990 coelestis
1675 928 1859 1010 origo

476 1021 867 1100 SeminibuS,
899 1037 1212 1108 quantum
1242 1049 1371 1090 non
1400 1029 1598 1092 noxia
1627 1017 1904 1112 corpore
1934 1029 2222 1107 tardant,

472 1123 883 1208 Terrenique
914 1126 1229 1192 hebetant
1256 1138 1463 1205 artuS,
1497 1130 2020 1213 moribundaque
2051 1131 2366 1195 membra.
2449 1209 2456 1214 ‚

476 1224 653 1290 Hinc
674 1237 996 1304 metuunt,
1012 1230 1413 1313 cupiuntque
1431 1257 1447 1308 ;
1467 1229 1714 1307 dolent,
1731 1231 2151 1316 gaudentque
2166 1258 2182 1310 3
2201 1252 2415 1316 neque
2433 1253 2624 1296 auras

474 1325 852 1411 Dispieiunt
878 1326 1118 1394 elausae
1148 1332 1435 1395 tenebris
1466 1342 1536 1395 et
1565 1353 1827 1397 carcere
1857 1355 2052 1398 caeeO.

306 1427 434 1490 735
480 1427 659 1501 Quin
688 1438 757 1492 et
787 1451 1093 1514 supremo
1120 1452 1321 1514 quum
1351 1432 1588 1497 lumine
1617 1435 1750 1497 vita
1779 1433 2062 1517 reliquit,

473 1528 631 1592 Non
662 1539 877 1594 tamen
907 1553 1095 1596 omne
1121 1531 1357 1597 malum
1386 1534 1662 1611 miseris,
1693 1555 1814 1598 nee
1844 1534 2140 1599 funditus
2173 1556 2396 1600 omnes

476 1629 829 1714 Corporeoe
857 1631 1187 1697 excedunt
1214 1644 1473 1717 pestes3

1518 1635 1912 1719 penitusque
1943 1658 2214 1700 necesse
2243 1647 2348 1701 est

472 1731 687 1796 Multa
718 1733 832 1796 diu
860 1745 1165 1799 concreta
1192 1735 1401 1798 modis
1432 1724 1789 1800 inoleseere
1817 1737 2016 1800 miris·

475 1833 661 1918 Ergo
682 1847 1074 1900 exercentur
1100 1837 1337 1920 poeniS,
1368 1847 1792 1920 veterumque
1822 1835 2136 1901 malorum

300 1935 431 1999 740
474 1935 807 2020 Supplicia
836 1938 1239 2021 expendunt.
1317 1937 1486 2002 Aliae
1514 1940 1896 2022 panduntur
1924 1941 2149 2004 inanes

474 2037 829 2121 Suspensae
859 2038 943 2101 ad
975 2049 1233 2102 ventos:
1282 2038 1419 2103 aliis
1452 2040 1576 2103 sub
1605 2041 1864 2124 gurgite
1895 2051 2082 2104 vasto

477 2137 796 2203 Infectum
824 2138 1063 2204 eluitur
1094 2139 1329 2218 sceluS,
1363 2151 1476 2205 aut
1505 2143 1803 2205 exuritur
1831 2143 2002 2226 igni:

475 2238 772 2325 Quisque
805 2262 981 2316 sune,
1013 2241 1317 2325 patimur,
1352 2242 1630 2307 Manes:
1678 2243 1915 2308 exinde
1947 2267 2068 2329 per
2095 2245 2378 2332 amplum

394 2439 493 2488 tico
527 2453 662 2488 more
686 2453 795 2514 pro,
837 2447 1013 2488 astrum
1042 2441 1290 2498 Titanium,
1315 2440 1361 2487 h.
1388 2455 1428 2488 e.

348 2504 466 2562 itan,
511 2503 781 2568 Hyperion,
828 2519 917 2553 seu
962 2504 1059 2561 Sol,
1106 2513 1163 2553 ut
1206 2504 1269 2562 iv,
1322 2506 1428 2553 119.

296 2571 473 2631 Magno
512 2585 557 2616 ss
594 2585 777 2630 corpore
820 2571 979 2616 miscet
1020 2568 1205 2617 dictum
1242 2569 1433 2617 doctius

296 2649 445 2696 quam
462 2633 655 2698 corpori
677 2632 923 2690 miscetur,
946 2633 1144 2682 inditur.
1176 2639 1183 2652 '

365 2698 475 2755 728,
504 2697 612 2749 729.
650 2697 789 2755 Inde,
814 2713 877 2746 ex
898 2698 989 2745 hac
1025 2698 1197 2746 Mente
1233 2697 1426 2755 Mundi,

296 2761 462 2810 omnia
485 2771 605 2820 suut,
623 2763 670 2810 h.
688 2777 729 2810 e.
750 2761 963 2810 animam
982 2770 1034 2811 et
1046 2762 1195 2810 vitam
1218 2763 1425 2812 habent:

296 2827 357 2874 cf.
382 2829 505 2876 Geo.
528 2827 593 2884 iv,
619 2827 890 2874 219—226.
948 2828 1123 2876 Novus
1158 2842 1275 2875 usus
1296 2827 1431 2876 vocis

296 2901 377 2940 est
413 2908 567 2954 aeqnor
610 2908 916 2950 marmoreum,
960 2891 1361 2956 resplendescens
1400 2906 1431 2939 a

296 2956 417 3014 sole,
440 2971 503 3004 ex
526 2955 795 3004 Homerico
816 2954 915 3004 ἅλα
934 2953 1206 3019 μαρμαρέην
1239 2956 1365 3004 Iliad
1388 2960 1427 3017 ξ,

296 3021 425 3132 ξΊδς
462 3021 591 3069 unde
614 3030 666 3069 et
696 3037 892 3069 mor
907 3036 998 3085 pro
1020 3021 1158 3080 mari,
1182 3031 1238 3069 ut
1258 3023 1380 3070 Geo.
1396 3020 1429 3079 i,

364 3147 636 3200 730—734.
666 3152 783 3198 ouis
804 3153 1063 3207 seminibus,
1087 3150 1133 3198 h.
1156 3165 1197 3198 e.
1222 3150 1301 3198 his
1322 3149 1428 3198 sni·

298 3215 471 3262 mabus
494 3227 557 3261 ex
590 3213 755 3262 anima
787 3214 971 3271 mundi,
994 3223 1225 3276 tanquam
1242 3229 1305 3262 ex
1326 3214 1427 3277 igni

294 3278 537 3335 scintillae,
634 3277 751 3336 titis,
786 3288 838 3326 et
868 3278 921 3326 in
952 3279 1222 3326 humanum
1254 3293 1433 3342 corpus

298 3342 548 3399 traductis,
581 3351 711 3391 inest
742 3343 887 3406 ignea
908 3343 983 3392 vis
1018 3343 1199 3406 (qualis
1236 3341 1433 3391 aetlieris

296 3408 399 3469 est)
422 3417 474 3456 et
494 3407 706 3456 oetheres
728 3417 915 3456 natura.
963 3409 1180 3457 Ornatus
1192 3408 1335 3456 valde
1357 3407 1428 3455 lo-

295 3487 399 3521 cus.
452 3473 609 3520 Noa-ia
630 3489 833 3534 corpora,
857 3471 1102 3536 praeclsre,
1126 3471 1429 3535 qusndoqui-

296 3537 411 3585 dem
433 3536 533 3584 vim
555 3535 735 3584 divinae
766 3536 973 3588 flamme.
1004 3537 1232 3585 obtundit
1252 3547 1429 3586 terres-

296 3601 389 3650 tris
406 3609 583 3649 neutra
602 3601 833 3666 corporis.
890 3604 1184 3660 Moribunda,
1208 3617 1300 3665 pro
1322 3601 1429 3650 vul-

293 3665 418 3729 gari,
444 3664 678 3714 mortalis.
739 3669 868 3715 Hinc
900 3674 1107 3714 metuunt
1139 3670 1429 3729 cupiuntque,

296 3745 327 3778 a
350 3729 567 3794 corporis
602 3729 829 3794 contagio
864 3731 1135 3779 animorum
1174 3731 1427 3794 perturba-

296 3795 457 3844 tiones
500 3805 550 3843 et
591 3795 884 3858 cupiditates
934 3795 1322 3860 proficiscuntur,
1369 3811 1433 3844 ex

297 3859 441 3908 bonis
473 3859 709 3922 musque
744 3859 971 3924 opinatis.
1030 3859 1183 3908 Porro
1215 3859 1432 3924 corporis

298 3933 529 3986 tanquam
552 3939 747 4000 carpere
783 3927 971 3974 inclusa
1009 3927 1151 3974 lucem
1172 3943 1260 3974 non
1282 3928 1427 3987 dispi-

292 3997 820 4102 ἓέῗὲἱιέἷιῗῗὲωἷὲἓὲἱ
849 3999 1429 4118 οὲἒὶΐηξΐᾰιεῗὲῗιὶἳ

294 4117 607 4182 tenebrisque
629 4117 954 4176 assimulatur,
978 4119 1155 4182 quibus
1175 4119 1259 4167 ille
1280 4119 1426 4168 offus-

292 4192 449 4239 catur,
486 4193 535 4230 et
566 4199 597 4231 a
628 4182 781 4231 libera
813 4197 979 4232 rerum
1018 4182 1429 4247 contemplatione

294 4246 573 4296 retrahitur.
632 4248 853 4297 Observa
874 4249 1003 4312 quod
1038 4247 1101 4296 sd
1133 4251 1301 4296 clausa
1318 4247 1427 4306 734,

294 4314 567 4375 subjeetum
590 4312 756 4376 paullo
789 4313 983 4376 longius
1015 4312 1335 4377 repetendum
1356 4320 1431 4360 est

294 4393 360 4425 ex
394 4377 421 4427 7
428 4379 503 4434 20,
544 4380 709 4426 anim
724 4395 743 4431 ,-
764 4393 877 4426 cum
918 4377 1300 4428 intervenissent
1326 4379 1429 4439 jam

294 4445 481 4500 semina,
509 4441 619 4497 ⁷30,
642 4441 753 4492 7³1.

1564 2440 1835 2492 735-739,
1857 2442 1996 2490 Adeo
2009 2443 2240 2501 materiae‚
2258 2443 2502 2494 terrestris
2515 2461 2620 2494 eor-

1495 2505 1644 2569 poriS,
1673 2505 1841 2554 sordes
1872 2505 2148 2555 inolescunt
2179 2508 2446 2566 animabus,
2475 2518 2532 2558 ut
2561 2510 2623 2559 iis

1496 2585 1560 2617 ne
1589 2569 1838 2618 dissolutis
1868 2569 2062 2633 quidem
2097 2587 2124 2618 a
2159 2587 2362 2635 corpore
2395 2573 2494 2620 elui
2525 2573 2624 2622 iuae

1495 2633 1638 2682 facile
1671 2634 1874 2698 possint.
1942 2635 2116 2698 Itaque
2150 2636 2464 2700 purgationes
2499 2637 2626 2686 fiunt

1493 2714 1710 2763 operosae
1732 2715 1869 2762 aqua,
1893 2715 2020 2757 aere,
2053 2699 2170 2764 igni,
2201 2700 2254 2748 in
2287 2701 2406 2750 locis
2436 2701 2621 2752 inferis

1495 2764 1682 2812 Ornate
1723 2773 1886 2812 autem
1925 2765 2102 2812 omnia.
2179 2765 2472 2828 contagium
2513 2783 2620 2816 eor-

1494 2828 1628 2892 poris
1644 2827 1844 2885 dictum,
1859 2831 2039 2886 malum,
2055 2847 2276 2892 corporea
2289 2839 2454 2892 pestes,
2469 2839 2624 2882 vetera

1494 2895 1632 2950 mala,
1658 2897 1803 2940 scelus
1817 2910 1834 2948 ,-
1869 2893 2198 2956 intelligendae
2229 2904 2392 2942 autem
2425 2905 2620 2959 pertur-

1495 2957 1716 3006 bationes
1735 2967 1786 3006 et
1803 2956 2094 3022 cupiditates
2120 2959 2188 3018 (v.
2217 2958 2352 3021 ⁷38),
2377 2959 2478 3018 irae,
2517 2977 2619 3009 me-

1498 3031 1590 3078 tus,
1637 3021 1860 3080 tristitioe,
1897 3033 1949 3071 et
1991 3023 2060 3071 sic
2105 3039 2263 3088 porro.
2343 3025 2624 3074 Secundum

1496 3087 1650 3135 semel
1681 3087 1952 3135 institutam
1985 3087 2058 3136 rei
2091 3087 2524 3148 adumbrationem,
2559 3089 2620 3138 ii-

1496 3151 1608 3199 dem
1647 3155 1896 3200 animorum
1933 3151 2162 3202 dicuntur
2196 3169 2304 3202 esse
2337 3158 2496 3212 morbi,
2534 3169 2622 3203 seu

1492 3218 1634 3274 lobes,
1649 3219 1816 3274 sordes,
1843 3221 2046 3276 macula,
2071 3216 2277 3278 κηλίδος,
2295 3222 2464 3278 ulcero,
2493 3223 2617 3267 eica-

1496 3283 1647 3336 trs'ces,
1670 3280 1913 3339 μέλοντες,
1939 3281 2090 3340 οὐλαὶ,
2113 3282 2372 3344 στίγματα.
2440 3284 2624 3332 Noster

1494 3355 1658 3392 sutem
1681 3355 1826 3407 poeta
1851 3361 1964 3394 cum
1986 3346 2138 3394 semel
2160 3363 2249 3410 per
2269 3352 2424 3396 sordes
2449 3357 2500 3395 et
2519 3365 2620 3396 saa-

1496 3411 1624 3456 culas
1655 3409 1928 3458 animorum
1959 3411 2078 3458 vitia
2110 3421 2160 3460 et
2187 3410 2480 3486 cupiditates
2513 3411 2619 3460 sni-

1495 3473 1646 3521 males
1679 3473 1993 3536 designasset,
2031 3477 2419 3523 emendationem
2455 3490 2621 3524 earum

1496 3552 1586 3601 per
1609 3541 1902 3600 purgationis
1933 3554 2089 3602 genus
2119 3539 2243 3586 bene
2275 3538 2510 3596 exhibuit,
2541 3539 2622 3587 eui

1489 3605 1592 3664 jam
1614 3601 1668 3649 in
1691 3601 1842 3649 sacris
1863 3612 1916 3649 et
1933 3602 2090 3650 initiis
2119 3601 2298 3650 assueti
2323 3613 2463 3650 erant
2487 3613 2620 3652 vete-

1496 3681 1607 3715 rum
1645 3665 1898 3713 hominum
1936 3665 2102 3714 animi.
2169 3665 2355 3714 Eadem
2396 3666 2624 3730 purgatio

1496 3745 1612 3778 mox
1641 3729 1922 3792 designatur
1944 3745 2034 3794 per
2053 3747 2229 3792 poenaae,
2253 3734 2494 3794 supplicia.
2551 3733 2624 3780 At

1496 3811 1540 3842 v.
1561 3794 1670 3852 738,
1689 3793 1886 3843 inversa
1905 3805 1982 3843 est
2003 3796 2170 3844 oratio.
2221 3797 2446 3845 Debebst
2467 3797 2620 3858 sequi,

1494 3877 1578 3908 nee
1606 3861 1991 3917 eremana—sed
2014 3865 2196 3922 penitus
2217 3864 2490 3916 inoluemnt,
2515 3878 2620 3910 con-

1494 3931 1733 3972 creverunt
1747 3944 1766 3980 ,-
1801 3925 1930 3973 unde
1961 3925 2070 3982 746,
2099 3933 2308 3973 concreta
2339 3929 2480 3980 labes,
2515 3941 2624 3988 (με

1492 3992 1666 4038 eluitur
1689 3998 1740 4037 et
1767 3993 1979 4038 erm-itur
2003 3992 2110 4040 742.
2173 3991 2284 4038 Hoc
2315 3990 2384 4038 ita
2413 3989 2619 4038 extulit:

1494 4069 1586 4102 nec
1625 4053 1802 4102 mirum
1847 4063 1936 4112 est,
1977 4069 2078 4112 seu,
2120 4071 2297 4102 necesse
2339 4061 2423 4110 est,
2463 4057 2622 4113 mua,

1492 4119 1594 4167 mul
1600 4129 1700 4166 tum
1713 4118 1833 4174 vitii,
1847 4121 1944 4175 diu,
1954 4133 2044 4183 per
2053 4127 2152 4166 tem
2167 4119 2366 4181 longum
2375 4117 2488 4166 vitm
2498 4128 2622 4168 tem-

1492 4190 1836 4299 ¹'¹¹?’40-⁶⁰’'⁶523“
1855 4186 2624 4312 Ὑῗὲῗῖζὲῃᾞωρᾏῖἲῃῗὲ

1495 4321 1546 4360 et
1568 4311 1910 4360 lustrationum
1933 4312 2120 4360 ritibus.
2179 4312 2352 4362 Fiebst
2373 4313 2504 4362 enim
2519 4314 2620 4364 lus·-

1494 4375 1642 4424 tratio
1661 4391 1788 4433 aere,
1811 4391 1952 4438 aqua,
1974 4376 2092 4440 igni.

1577 4441 1686 4492 743.
1759 4443 1958 4503 Quisque
1999 4459 2118 4500 suos,
2175 4447 2394 4504 palis-ar,
2443 4445 2622 4492 Manes.
