3050 4934
1162 249 1502 316 LIBER
1548 251 1727 316 V11.

2461 255 2581 316 451

538 392 664 458 His
697 395 810 460 ubi
839 398 1279 482 nequidquam
1310 400 1498 464 dictis
1531 411 1827 483 experta,
1862 399 2166 464 Latinum

449 495 696 562 Contra
724 509 896 564 stare
926 501 1128 578 videt,
1156 504 1552 586 penitusque
1580 503 1647 566 in
1678 505 1925 567 viscera
1952 503 2207 588 lapsum

269 595 406 659 375
449 595 788 682 Serpentis
818 599 1047 665 fiiriale
1075 600 1334 679 malum,
1367 613 1697 688 totamque
1733 616 2065 688 pererrat3

446 696 622 761 Tum
649 721 806 764 vero
835 700 1080 779 infelix,
1110 705 1484 787 ingentibus
1515 706 1730 768 excita
1756 705 2083 782 monstris,

449 797 834 864 Immensum
861 801 999 866 sine
1030 824 1208 866 more
1239 803 1395 868 furit
1422 803 1757 889 lymphata
1784 827 1904 888 per
1932 806 2182 870 urbem.

449 897 590 962 Ceu
617 901 944 984 quondam
975 913 1148 966 torto
1176 903 1448 968 volitans
1482 906 1606 969 sub
1632 906 1903 970 verbere
1935 908 2153 982 turbo,

447 998 668 1071 Quem
692 1003 878 1085 pueri
906 1025 1143 1087 magno
1171 1005 1239 1067 in
1268 1026 1431 1088 gyro
1461 1028 1666 1069 vacua
1695 1007 1859 1069 atria
1887 1007 2127 1071 circum

269 1099 404 1164 380
445 1098 690 1165 Intenti
719 1100 875 1166 ludo
901 1115 1245 1182 exercent;
1294 1104 1398 1169 ille
1427 1117 1611 1170 actus
1641 1106 1900 1171 habena

446 1200 747 1265 Curvatis
779 1200 989 1267 fertur
1019 1205 1281 1287 spatiis;
1329 1216 1553 1290 stupet
1581 1208 1783 1271 inscia
1814 1229 2012 1293 supra

447 1300 890 1387 Impubesque
918 1327 1170 1381 manus,
1201 1306 1429 1370 mirata
1454 1305 1733 1371 volubile
1762 1309 2045 1387 buxum3

455 1402 640 1466 Dant
668 1404 914 1468 animos
944 1405 1194 1489 plagae:
1239 1428 1370 1471 non
1399 1429 1598 1470 cursu
1629 1409 1887 1492 segnior
1916 1408 2027 1474 illo

455 1501 590 1567 Per
616 1504 864 1568 medias
894 1506 1092 1570 urbes
1123 1507 1339 1590 agitur
1368 1505 1779 1592 populosque
1811 1508 2083 1574 feroceS.

273 1603 410 1667 385
453 1603 634 1676 Quin
661 1604 854 1668 etiam
884 1605 950 1668 in
981 1605 1196 1683 silvae,
1230 1606 1526 1671 simulato
1555 1609 1813 1673 numine
1846 1609 2114 1684 Bacchi,

450 1702 676 1787 Majus
705 1705 937 1770 adorta
961 1705 1168 1782 nefaS,
1199 1708 1637 1792 majoremque
1668 1731 1818 1774 orsa
1845 1709 2157 1786 furorem,

453 1804 712 1882 Evolat,
743 1817 811 1870 et
840 1817 1056 1869 natam
1083 1807 1410 1871 frondosis
1441 1810 1767 1872 montibus
1798 1809 2018 1887 abdit;

449 1905 604 1978 Quo
634 1905 987 1971 thalamum
1013 1908 1245 1992 eripiat
1273 1907 1577 1985 Teucris,
1608 1909 1949 1993 taedasque
1976 1922 2303 1975 moretur:

451 2004 627 2070 Euoe
657 2005 944 2084 Bacche,
976 2005 1280 2085 hemena,
1315 2007 1522 2072 solum
1550 2019 1615 2073 te
1646 2009 1891 2092 virgine
1924 2011 2213 2094 dignum,

273 2107 412 2172 390
454 2106 874 2184 Vociferans;
920 2109 1157 2172 etenim
1185 2108 1408 2172 molles
1439 2110 1559 2173 tibi
1590 2131 1843 2174 sumere
1873 2109 2158 2194 thyrsos,

449 2206 553 2273 Te
583 2207 862 2272 lustrare
887 2209 1117 2290 choi-0,
1149 2232 1404 2274 sacrum
1432 2210 1552 2274 tibi
1578 2231 1849 2294 pascere
1880 2211 2142 2275 crinem.

457 2308 514 2372 F
515 2330 660 2372 ama
686 2307 896 2387 volat3
942 2309 1254 2393 furiisque
1285 2331 1590 2374 accensas
1622 2321 1886 2393 pectore
1920 2321 2159 2376 matres

461 2409 646 2474 Idem
674 2432 898 2476 omnes
928 2410 1116 2478 simul
1142 2411 1340 2476 ardor
1369 2411 1527 2495 agit,
1557 2431 1726 2474 nova
1754 2432 2047 2496 quaerere
2078 2421 2271 2476 tecta.

285 2673 452 2712 ternos
487 2663 736 2711 habendos
769 2677 940 2711 omnes
972 2664 1056 2727 qui
1097 2679 1195 2713 non
1237 2665 1402 2713 Latini

277 2742 436 2790 regno
456 2727 672 2775 subsint:
709 2727 930 2776 Turnum
951 2727 1190 2791 originem
1212 2744 1403 2791 quoque

279 2793 462 2840 habere
495 2807 524 2839 a
555 2799 702 2854 gente
797 2791 1004 2854 regrina,
1041 2801 1092 2840 et
1126 2801 1265 2840 extra
1300 2793 1400 2840 Ita-

279 2855 398 2903 liam
421 2863 611 2918 agente,
635 2857 696 2904 ab
765 2854 929 2917 rgivis.
986 2855 1143 2904 Turni
1165 2856 1402 2918 originem

377 2929 428 2967 ta
457 2934 486 2967 a
522 2919 708 2976 Danae,
734 2919 914 2968 Acrisii
949 2919 1078 2982 regis
1108 2920 1402 2983 Argivorum

339 2983 400 3040 ia,
426 2983 594 3032 Persei
624 2991 792 3041 matre,
825 2982 1034 3058 repetiit.
1095 2983 1219 3032 Hoec
1255 2983 1401 3042 enim,

283 3045 406 3094 vitio
427 3061 458 3095 a
479 3048 602 3096 Jove
625 3057 838 3112 accepto,
873 3056 1002 3095 mtra
1031 3062 1192 3096 arcam
1213 3065 1242 3096 a
1260 3057 1404 3124 patre

279 3111 472 3159 inclusa
509 3111 657 3173 inque
696 3127 830 3159 mare
865 3111 1168 3176 praecipitata
1204 3112 1310 3170 fuit,
1354 3120 1406 3160 et

277 3175 399 3223 inde
430 3174 492 3223 nd
515 3175 792 3239 Seriphum,
821 3191 966 3224 unam
1001 3191 1065 3223 ex
1097 3177 1136 3223 C
1171 3175 1402 3234 cladibus,

281 3247 515 3288 exn-ncta.
572 3239 796 3287 Accessit
829 3239 943 3287 hinc
969 3239 1066 3288 alia
1097 3239 1146 3288 fa
1177 3239 1272 3296 ula,
1300 3239 1401 3287 Da-

277 3319 410 3352 naen
448 3303 598 3352 fuine
643 3303 704 3352 ad
747 3303 940 3352 Italiam
979 3303 1204 3360 delatam,
1240 3302 1404 3366 ibique

282 3383 396 3416 eam
429 3367 644 3416 Ardeam
677 3367 966 3415 condidisse.
1031 3367 1113 3415 Ex
1149 3367 1308 3416 Servii
1343 3367 1406 3415 ad

277 3431 364 3480 lib.
388 3431 474 3489 vii,
496 3432 592 3481 872
613 3431 906 3488 narratione,
931 3432 1104 3480 Danae
1125 3432 1187 3479 ad
1213 3431 1405 3479 Italiam

277 3495 457 3552 delata,
481 3500 582 3558 rego·
609 3495 820 3558 (addunt
845 3495 928 3542 alii
964 3495 1178 3544 Pilumni
1211 3510 1403 3553 nomen,

281 3559 580 3608 Rutulorum
621 3575 788 3622 regem
839 3559 958 3607 Pom
1026 3575 1074 3607 n.
1121 3560 1231 3608 Sab.
1278 3559 1404 3620 edit)

279 3626 440 3672 obbia
457 3621 575 3685 snit,
600 3627 680 3685 qm·
711 3640 810 3672 eam
831 3627 924 3672 siba·
941 3575 1026 3684 jPo

279 3705 376 3750 qna
396 3692 534 3736 etiam
553 3691 760 3736 Ardeam
779 3691 1012 3742 candidu,-
1045 3705 1076 3735 a
1097 3691 1260 3750 quibua
1282 3691 1402 3737 Tur-

277 3769 392 3800 um
411 3755 508 3800 vult
539 3751 732 3816 (poeta)
757 3755 976 3816 originem
1001 3755 1178 3800 ducere.
1235 3755 1407 3801 Media

279 3819 520 3879 Mycena.-
569 3831 634 3864 ex
671 3815 832 3864 media
875 3816 1070 3864 Graecia
1112 3819 1218 3878 ejm
1257 3816 1408 3879 stirps

283 3880 436 3929 dlicta
455 3890 542 3929 est.

349 3945 622 3996 373-3'17.
674 3945 885 3994 Tentato
921 3945 992 3993 ita
1031 3945 1195 3994 Latini
1229 3944 1407 4002 animo,

280 4023 400 4058 cum
421 4023 533 4057 eum
556 4009 692 4058 videt
719 4017 880 4058 contra
906 4018 1032 4058 stare
1065 4011 1182 4074 (pro
1202 4009 1406 4072 vulgari,

279 4074 562 4134 resistere->3
596 4087 803 4136 cumque
838 4089 1080 4122 venenum
1103 4074 1284 4137 (docte,
1309 4091 1404 4122 eer-

269 4141 432 4201 pentt's
455 4136 638 4199 furiale
675 4137 866 4198 πιοὶιιηι)
911 4137 1098 4187 interea
1139 4137 1192 4186 in
1237 4138 1410 4186 intima

279 4203 478 4250 Amata
491 4201 759 4266 praecordia
769 4201 1048 4266 penetravit
1057 4210 1150 4250 etc.
1177 4203 1403 4258 Monstra,

277 4275 399 4314 eunt
415 4275 628 4314 terrores
643 4277 694 4314 et
712 4266 1053 4330 phantasmata
1073 4265 1280 4314 furentis
1298 4265 1404 4314 ani-

277 4345 364 4442 ἕο
379 4331 580 4442 objeztzta.
627 4331 1018 4444 {imur-eene
1041 4329 1185 4380 modo
1205 4345 1261 4377 ac
1283 4328 1407 4392 lege,

331 4409 488 4444 scum
531 4409 622 4458 per
663 4411 696 4442 ο
813 4409 874 4443 ur
935 4411 996 4444 m.

975 3627 1282 3682 coitu-torem,
1306 3640 1406 3672 eum

1533 2665 1593 2715 87
1600 2665 1803 2713 8-383,
1845 2665 2009 2721 Turbo,
2024 2663 2209 2727 lig-num
2226 2665 2347 2713 illud
2363 2667 2591 2716 conoides

1467 2728 2215 2842 33201223021¹2523÷22⁶¹3333÷2
2242 2731 2483 2842 211‘53103?
2501 2731 2593 2843 ἓξὲξ

1473 2859 1609 2904 Tor-to
1639 2861 1724 2905 aab
1768 2859 1963 2913 verbere,
2000 2855 2205 2918 flagello,
2242 2873 2357 2905 mox
2400 2861 2589 2906 habena.

1475 2923 1631 2968 Vacua
1660 2925 1827 2968 circum
1858 2924 1999 2977 atria,
2024 2931 2207 2979 ornate,
2236 2931 2349 2969 ante
2378 2921 2590 2971 domum.

1467 2987 1711 3044 Exercent,
1745 2994 1910 3048 agunt,
1944 2994 2156 3033 versant.
2224 2985 2433 3034 Turbini
2478 2989 2593 3034 dant

1468 3053 1639 3098 mimos
1658 3049 2044 3112 (concitatiorem
2062 3047 2273 3112 motum)
2292 3052 2459 3113 plaga,
2480 3066 2589 3098 ver-

1467 3114 1584 3160 bera
1606 3111 1917 3175 ingeminata.
1975 3112 2057 3161 Ad
2076 3129 2255 3177 pueros
2278 3114 2440 3163 minus
2467 3116 2592 3163 bene

1468 3177 1561 3225 hoc
1581 3176 1777 3224 referas.

1537 3242 1631 3288 385
1652 3256 1753 3302 sqq.
1802 3241 1939 3289 Inter
1972 3257 2056 3290 eos
2087 3242 2309 3291 homines
2342 3241 2425 3304 qui
2459 3242 2596 3306 orgia

1472 3304 1651 3352 Bacchi
1660 3304 2044 3366 frequentabant,
2055 3305 2195 3354 facile
2204 3305 2295 3354 boc
2311 3306 2361 3353 in
2376 3306 2594 3355 animum

1471 3368 1639 3416 venire
1660 3368 1830 3416 debuit
1854 3368 2061 3426 feminae,
2086 3377 2143 3417 ut
2164 3371 2250 3418 irae
2277 3369 2441 3418 furore
2471 3377 2592 3427 acta,

1469 3447 1581 3480 curn
1616 3431 1775 3480 inviso
1808 3447 1993 3495 genero
2030 3433 2297 3481 subducere
2320 3433 2469 3481 vellet
2495 3433 2592 3480 fili-

1469 3511 1563 3552 am,
1598 3496 1837 3544 Bacchico
1865 3512 1919 3544 se
1950 3495 2106 3544 teneri
2136 3496 2299 3542 furore
2328 3495 2593 3554 simularet,

1469 3575 1567 3622 quo
1587 3559 1738 3607 filiam
1760 3559 1934 3607 iisdem
1956 3558 2107 3607 sacris
2131 3557 2363 3616 initiaret,
2379 3558 2595 3622 adeoque

1469 3624 1523 3672 in
1546 3622 1693 3671 silvas
1714 3623 1987 3671 abduceret.

1536 3688 1646 3744 390,
1668 3688 1777 3734 391.
1812 3689 1996 3734 Etenim
2016 3687 2170 3734 molles
2185 3703 2201 3733 .·
2235 3695 2369 3734 certe
2398 3687 2596 3750 quidem

1471 3751 1577 3809 tibi,
1602 3751 1653 3799 in
1676 3759 1815 3798 tuum
1835 3750 2083 3808 honorem,
2110 3750 2313 3808 Bacche,
2338 3751 2405 3799 ait
2428 3751 2511 3799 illa
2535 3753 2593 3801 fl-

1470 3815 1585 3864 liam
1624 3813 1875 3862 Bacchicis
1907 3813 2057 3877 orgiis
2100 3829 2153 3862 se
2195 3815 2405 3864 initiare.
2483 3817 2596 3864 Hoc

1473 3879 1651 3928 extulit
1678 3894 1769 3943 per
1790 3878 2024 3927 attributa
2052 3879 2380 3927 Baccharum:
2419 3884 2597 3943 thynos

1471 3961 1663 4001 sumere,
1697 3947 1895 3992 lustrare
1928 3947 2074 4001 choro,
2096 3944 2143 3992 h.
2182 3959 2223 3990 e.
2260 3943 2433 3992 choros
2468 3945 2599 3994 circa

1475 4009 1723 4057 Bacchum
1745 4008 1923 4056 ducere
1948 4015 2175 4070 tanquam
2197 4006 2251 4055 in
2272 4007 2434 4055 medio
2459 4019 2593 4057 stan·

1475 4085 1605 4127 tem;
1641 4073 1759 4120 dum
1782 4070 2023 4121 Bacchico
2043 4071 2205 4119 furore
2228 4072 2439 4135 correpti
2470 4089 2593 4136 prae-

1474 4145 1663 4185 sentem
1698 4152 1809 4185 eum
1842 4135 1993 4184 sacris
2032 4134 2119 4182 ads
2152 4134 2322 4182 iciunt.
2402 4139 2596 4186 Poscere

1470 4205 1653 4248 crium
1714 4201 1775 4248 In
1802 4199 1953 4249 sacris
1984 4199 2111 4248 Bacc
2146 4198 2235 4248 icis
2264 4213 2451 4248 comam
2480 4217 2593 4278 pro·

1473 4265 1671 4312 missam
1685 4275 1735 4312 ct
1750 4264 1956 4312 solutam
1971 4263 2139 4311 haberi
2154 4272 2205 4311 et
2213 4263 2386 4324 jactari
2404 4265 2595 4315 sohtam

1474 4339 1645 4377 notum
1668 4338 1755 4375 est.

1542 4392 1813 4441 392-396,
1852 4392 1991 4441 Idem
2007 4392 2144 4441 furor
2154 4393 2421 4444 Bacchicus
2450 4403 2593 4444 επιε-
