3050 4934
1190 255 1533 322 LIBER
1576 256 1677 323 ΙΙ.

2472 260 2595 326 241

319 401 408 464 35
452 402 548 468 At
576 405 820 491 CapyS,
851 420 919 472 et
947 429 1225 492 quorum
1251 407 1476 473 melior
1507 409 1827 474 sententia
1855 411 2077 488 menti,

449 501 593 570 Aut
621 507 854 594 pelago
885 509 1190 574 Danai‘im
1219 510 1485 574 insidias
1519 521 1957 595 suspectaque
1987 512 2159 576 dona

454 605 874 692 Praecipitare
895 610 1155 695 jubent,
1189 611 1580 696 subjectisve
1611 634 1804 676 urere
1832 611 2141 692 flammis3

449 705 592 774 Aut
620 713 953 776 terebrare
984 734 1174 776 cavas
1206 713 1376 777 uteri
1406 725 1474 777 et
1502 724 1755 778 tentare
1785 701 2093 779 latebras·

453 809 785 878 Scinditur
813 813 1130 877 incertum
1161 814 1378 878 studia
1404 815 1469 877 in
1501 816 1823 879 contraria
1856 813 2108 900 vulgus·

317 909 408 972 40
539 910 796 977 Primus
825 915 916 977 ibi
945 926 1095 979 ante
1128 938 1372 991 omneS,
1404 937 1641 1000 magna
1670 917 2014 981 comitante
2044 929 2326 996 caterva,
2380 943 2383 946 ·

454 1011 760 1079 Laocoon
791 1016 1030 1079 ardens
1065 1038 1311 1080 summa
1341 1016 1630 1081 decurrit
1657 1018 1743 1081 ab
1771 1040 1959 1096 arce3

451 1113 546 1178 Et
573 1115 823 1200 procul,
856 1117 921 1180 Ο
951 1118 1190 1194 miseri,
1224 1140 1372 1202 quae
1401 1128 1584 1182 tanta
1610 1119 1882 1196 insania,
1914 1121 2131 1184 cives?

450 1215 732 1280 Creditis
762 1229 1024 1282 avectos
1051 1218 1322 1283 hostes?
1368 1230 1483 1283 aut
1511 1217 1643 1284 ulla
1668 1222 1915 1305 putatis

450 1316 648 1381 Dona
675 1341 898 1384 carere
931 1319 1097 1384 dolis
1131 1319 1478 1385 Danaum?
1526 1321 1618 1385 sic
1649 1333 1843 1387 notus
1878 1322 2154 1388 Ulixes?

311 1417 404 1481 45
447 1414 588 1482 Aut
617 1419 744 1484 hoc
773 1418 1004 1484 inclusi
1033 1419 1207 1506 ligno
1236 1421 1643 1486 occultantur
1673 1422 1933 1502 Achivi,
2012 1489 2023 1498 ,

446 1518 590 1584 Aut
615 1520 757 1587 haec
785 1523 851 1586 in
879 1533 1138 1586 nostros
1169 1521 1484 1588 fabricata
1514 1536 1617 1588 est
1644 1525 1940 1590 machina
1968 1549 2211 1606 muros,

445 1623 833 1708 Inspectum
862 1625 1113 1701 domoS,
1144 1636 1547 1709 venturaque
1578 1627 1865 1712 desuper
1893 1629 2079 1708 urbi3

444 1723 590 1789 Aut
617 1724 846 1809 aliquis
875 1725 1036 1790 latet
1065 1749 1283 1790 error:
1330 1749 1501 1812 equo
1531 1749 1614 1792 ne
1644 1728 1913 1806 credite,
1944 1728 2212 1794 Teucri.

448 1827 790 1912 Quidquid
817 1828 882 1891 id
914 1839 1038 1904 est,
1072 1829 1266 1892 timeo
1296 1828 1567 1892 Danaos
1598 1839 1667 1892 et
1697 1829 1869 1892 dona
1901 1828 2208 1894 ferentes.

315 1929 404 1993 50
447 1928 558 1993 Sic
585 1927 784 2006 satus,
815 1927 1066 2006 validis,
1099 1930 1427 2012 ingentem
1457 1930 1701 1994 viribus
1731 1929 1987 1994 hastam

447 2030 526 2095 In
553 2030 722 2094 latus
754 2031 950 2116 inque
979 2030 1102 2095 feri
1131 2053 1396 2096 curvam
1424 2033 1847 2116 compagibus
1879 2030 2092 2096 alvum

447 2132 816 2197 Contorsit:
865 2132 1045 2196 stetit
1073 2130 1182 2195 illa
1211 2142 1516 2209 tremenS,
1549 2142 1870 2216 uteroque
1900 2155 2170 2201 recusso

445 2233 802 2298 Insonuere
831 2255 1006 2298 cavoe
1034 2233 1473 2317 gemitumque
1504 2234 1749 2298 dedere
1780 2256 2095 2301 cavernae.

447 2335 564 2412 Et,
597 2335 651 2400 si
679 2334 814 2400 fata
843 2333 1060 2412 defim,
1093 2336 1150 2398 si
1177 2356 1357 2398 mens
1387 2356 1519 2398 non
1548 2333 1710 2398 laeva
1740 2334 1995 2413 fuisset,

311 2439 400 2504 55
443 2435 802 2522 Impulerat
829 2435 1005 2502 ferro
1033 2434 1378 2520 Argolicas
1408 2433 1661 2500 foedare
1694 2435 2017 2515 latebras;

269 2636 376 2674 tum
413 2635 582 2681 ornan
631 2624 693 2673 ad
727 2640 832 2674 rem
871 2624 995 2674 nihil
1035 2623 1164 2674 facit.
1218 2628 1399 2675 Donum

267 2693 508 2748 M’mervae,
554 2690 602 2738 h.
647 2691 678 2738 l.
725 2690 854 2753 quod
893 2689 1108 2738 oblatum
1143 2690 1397 2739 Minervoe.

269 2754 556 2818 Sapientius
583 2763 749 2803 autem
773 2755 836 2802 vi
899 2754 1010 2803 ’lius
1044 2755 1106 2802 de
1127 2771 1252 2818 equo
1281 2771 1396 2803 con—

265 2819 378 2868 silia
415 2819 544 2868 inire
583 2819 822 2881 Trojanos
945 2818 998 2876 it,
1045 2829 1305 2882 antequam
1347 2818 1400 2867 in

265 2899 430 2934 arcem
465 2883 704 2932 deductus
736 2894 855 2940 erat,
879 2899 1023 2945 quam
1053 2884 1182 2948 apud
1208 2882 1394 2932 Home-

266 2965 378 2996 rum
400 2948 610 2997 deducto
621 2951 725 3010 Jam
747 2947 800 2995 in
820 2963 980 2996 arcem
998 2963 1135 3010 equo,
1161 2949 1334 3011 Odyss.
1356 2952 1395 3004 θ,

265 3015 364 3060 504
385 3029 506 3076 sqq„
525 3029 556 3060 e
573 3017 670 3076 quo
686 3012 794 3060 loco
810 3011 1040 3076 pleraque
1055 3011 1136 3059 hic
1154 3027 1214 3059 ex
1249 3027 1395 3060 ressa.

271 3079 536 3140 nymoeeen
561 3077 782 3126 nominat
803 3092 864 3124 ex
889 3075 1175 3124 auctoritate
1241 3077 1396 3140 upho-

265 3143 434 3199 rionis,
459 3151 695 3205 quantum
729 3139 937 3203 quidem.
953 3155 1016 3187 ex
1049 3141 1183 3188 Serv.
1209 3141 1270 3188 ad
1293 3141 1339 3188 h.
1365 3141 1397 3188 1.

263 3217 485 3256 constat:
521 3205 615 3254 fuit
653 3205 696 3254 is
729 3205 860 3253 inter
891 3219 1033 3253 senes
1067 3203 1207 3252 Iliad.
1229 3221 1278 3266 γ,
1308 3206 1398 3253 146

263 3271 548 3322 recensitos.
602 3274 725 3318 Arce
763 3272 919 3327 locari,
957 3278 1078 3333 puta
1113 3269 1164 3317 in
1201 3269 1397 3334 templo,

263 3349 498 3400 tanquam
521 3333 788 3384 manubias.

329 3402 541 3449 35—39.
573 3399 758 3447 Ornate
777 3397 981 3460 singula.
1033 3398 1194 3462 Capys
1215 3405 1266 3445 et
1287 3397 1395 3460 qui-

261 3467 358 3516 bm
391 3464 568 3540 melius
602 3462 860 3511 consilium
895 3461 1130 3538 placebat.
1201 3463 1397 3536 Tentare

263 3545 458 3658 ‘1³:32'ss
461 3539 780 3642 2523?
780 3527 948 3640 5222
973 3535 1394 3648 ffffissaissffieffs

263 3675 432 3709 versas
451 3667 646 3724 par-ten
680 3655 875 3705 additur
897 3654 959 3704 ad
980 3663 1220 3712 ornatum,
1245 3659 1392 3704 incer-

262 3735 378 3774 tum.
436 3725 590 3785 Capys
611 3721 804 3770 videtur
827 3735 932 3769 esse
955 3718 998 3768 is
1020 3719 1103 3782 qui
1127 3735 1241 3767 mox
1269 3719 1398 3767 inter

265 3789 442 3838 AEneoe
470 3787 676 3836 comites
701 3785 821 3834 fuit:
857 3799 963 3847 sup.
992 3784 1026 3840 i,
1055 3785 1173 3840 1833
1210 3800 1258 3840 x,
1287 3785 1394 3832 145.

329 3855 409 3912 40,
427 3854 508 3901 41.
539 3852 620 3900 De
643 3851 920 3899 Laocoonte
941 3847 1038 3897 vid.
1063 3847 1148 3895 inf.
1177 3850 1267 3896 201
1293 3864 1394 3911 sqq.

265 3921 456 3966 Prinas
487 3925 596 3965 aare
627 3932 788 3973 omnes,
821 3913 935 3977 quia
964 3912 1197 3975 sequitur,
1229 3929 1396 3976 magna

261 3987 508 4032 uniente
529 3989 729 4037 caterva,
750 3993 894 4041 quam
911 3979 1103 4026 turbam
1118 3976 1201 4024 ille
1220 3977 1392 4026 decur-

263 4057 454 4096 tantem
471 4047 643 4094 ardens
661 4044 736 4092 ira
751 4043 1098 4091 antevertebat.
1134 4045 1252 4097 Arx,
1273 4039 1392 4104 Πέρ-

263 4129 418 4172 γαμος
434 4110 574 4172 ἄκρα·
593 4108 728 4157 unde
749 4117 1034 4172 prospectus
1053 4121 1220 4154 versus
1242 4105 1393 4154 littus.

327 4177 406 4234 46,
427 4175 507 4226 47.
547 4175 618 4222 Ut
649 4173 716 4221 sit
781 4187 836 4220 ro
865 4169 986 4220 turri
1017 4170 1139 4219 rotis
1168 4169 1398 4232 subjectis

265 4256 404 4290 muro
421 4237 676 4289 admoveri
695 4253 751 4285 so
769 4236 863 4291 ita3
893 4245 949 4284 ut
965 4235 1048 4298 qui
1068 4235 1243 4283 inclusi
1267 4242 1395 4291 sunt,

265 4319 326 4354 ex
347 4321 418 4362 ea,
443 4315 680 4366 tanquam
703 4315 767 4349 ex
791 4301 926 4358 turri,
945 4299 1186 4364 speculari
1207 4300 1393 4356 urbem,

264 4379 314 4418 et
332 4369 546 4435 daupei·
569 4383 634 4416 ex
657 4365 829 4415 altiore
856 4365 964 4414 loco
990 4365 1044 4414 in
1075 4379 1239 4413 muros
1265 4362 1394 4412 desi-

265 4433 584 4500 lirepo-int.

1529 2627 1607 2677 49.
1629 2627 1697 2676 Η.
1724 2643 1764 2675 e.
1783 2627 1939 2676 habeo
1954 2627 2153 2678 Danaos
2170 2638 2435 2696 suspectos,
2446 2631 2595 2681 etiam

1464 2708 1577 2741 cum
1600 2691 1728 2740 ultro
1750 2691 1960 2740 offerunt
1981 2692 2121 2741 dona.

1532 2757 1609 2814 50,
1627 2758 1702 2803 51.
1736 2758 1915 2804 Validis
1932 2760 2105 2806 viribus
2122 2773 2213 2821 pro
2228 2759 2432 2822 magnis.
2469 2759 2595 2810 Mox

1465 2819 1772 2869 ornatissime
1814 2819 1991 2868 iterum
2030 2827 2209 2883 equum
2248 2822 2465 2886 lig-neum
2505 2825 2591 2873 de-

1461 2885 1627 2932 clarat.
1700 2885 1763 2932 In
1798 2887 1919 2932 latus
1956 2894 2007 2932 et
2036 2889 2179 2942 alvus,
2215 2902 2323 2948 quae
2354 2887 2407 2935 in
2438 2903 2595 2938 unum

1457 2951 1641 3010 Juncta,
1676 2963 1775 2996 non
1807 2958 1881 2997 est
1912 2949 2247 3012 argutandum.
2305 2952 2592 3026 Junguntur

1464 3029 1493 3060 a
1513 3013 1674 3076 poetis
1704 3028 1971 3076 synonyma
1995 3014 2103 3062 sine
2134 3013 2269 3064 omni
2299 3017 2591 3074 subtilitate-3

1464 3086 1655 3124 tantum
1690 3088 1744 3125 ut
1776 3077 1992 3140 ejusdem
2025 3077 2098 3126 rei
2132 3077 2266 3126 notio
2298 3079 2452 3128 oculis
2484 3081 2591 3130 ani-

1464 3157 1640 3203 moque
1663 3144 1947 3190 obversetur
1967 3141 2192 3191 vividius.
2250 3143 2386 3193 Infra
2406 3161 2452 3193 v.
2480 3147 2591 3204 231,

1465 3214 1642 3268 tergum
1664 3205 1877 3270 ponitur.
1938 3207 1997 3254 In
2014 3206 2228 3271 partium
2250 3224 2305 3256 ac
2328 3205 2594 3258 foi-marum

1463 3285 1795 3333 generumque
1818 3270 2153 3334 designatione
2182 3288 2422 3322 summam
2442 3273 2590 3323 liber-

1466 3345 1617 3382 tatem
1651 3334 1884 3383 orationis
1916 3335 2119 3400 poeticoe
2158 3335 2345 3386 indoles
2377 3353 2435 3386 ac
2466 3338 2593 3390 ratio

1462 3398 1569 3446 fert.
1648 3401 1815 3446 Ferum
1860 3399 2101 3462 exquisite
2146 3399 2272 3448 dixit
2314 3418 2405 3466 pro
2450 3417 2589 3464 equo.

1461 3465 1609 3510 Alvus
1638 3479 1775 3511 curva
1806 3467 2107 3527 compagibus,
2139 3464 2185 3512 h.
2204 3479 2245 3512 e.
2268 3480 2333 3512 ex
2358 3481 2591 3530 compage

1461 3526 1705 3590 lignorum
1726 3541 1998 3576 curvorum.

1529 3593 1607 3648 52,
1632 3593 1709 3638 53.
1746 3594 1885 3640 Stetit
1918 3600 2126 3648 tremens,
2160 3606 2249 3654 pro
2282 3592 2590 3640 contremuit.

1472 3657 1612 3704 Utere
1624 3671 1815 3712 recusso,
1832 3670 2131 3718 repercusso.
2174 3657 2389 3704 Caverna
2401 3655 2592 3706 doctius

1461 3735 1607 3782 quam
1642 3734 1863 3775 caverna,
1900 3720 1947 3765 h.
1974 3735 2015 3766 e.
2048 3734 2201 3781 equus
2235 3735 2398 3778 cavus,
2428 3721 2595 3770 κοῖλον

1462 3783 1587 3895 δεῖν,
1622 3783 1795 3847 Odyss-
1814 3787 1853 3841 θ,
1867 3782 1975 3833 507.
2016 3785 2319 3848 Gemitu-ipro
2333 3783 2499 3832 sonitu
2509 3799 2593 3833 re-

1464 3863 1488 3895 s
1542 3856 1690 3896 tante.

1526 3914 1604 3970 54,
1630 3913 1707 3960 55.
1750 3913 2150 3974 Et—Impulerat‚
2182 3911 2253 3960 Et
2280 3927 2397 3960 sane
2427 3911 2589 3976 impu-

1458 3975 1600 4024 lisset
1632 3976 1884 4037 Trojanos,
1922 3976 2160 4025 effecisset
2198 3985 2253 4025 ut
2291 3976 2403 4039 equi
2437 3976 2593 4026 latera

1461 4039 1801 4103 refringerent,
1829 4049 1950 4115 puta
1980 4040 2140 4089 securi
2172 4040 2385 4104 impacta
2416 4049 2507 4089 etc.
2543 4049 2597 4105 et

1461 4103 1696 4153 interiora
1722 4114 1982 4168 aperirent.
2040 4108 2093 4153 Sa·
2102 4102 2217 4167 sata
2242 4107 2373 4153 deam
2398 4122 2485 4153 non
2501 4103 2589 4167 su-

1461 4171 1617 4226 issent,
1634 4169 1682 4216 h.
1700 4184 1741 4216 e.
1759 4168 1914 4217 sinon
1928 4168 2071 4218 fatale
2084 4168 2269 4217 fuisset.
2314 4171 2449 4218 Mem
2461 4171 2591 4228 laeva,

1463 4233 1671 4283 stultitia
1685 4231 2029 4294 Troianorum:
2048 4232 2145 4280 vid.
2164 4233 2267 4281 Ecl.
2282 4231 2315 4291 i,
2331 4233 2404 4281 16.
2445 4233 2592 4282 Forte

1463 4305 1625 4346 tamen
1644 4297 1818 4346 melius
1833 4297 2071 4361 junxeris,
2090 4314 2212 4345 meus
2230 4315 2317 4345 non
2335 4301 2461 4356 laevn,
2485 4298 2533 4344 h.
2548 4313 2589 4346 e.

1463 4379 1608 4418 sana3
1645 4361 1684 4410 si
1709 4361 1859 4409 fatum
1884 4372 1934 4410 et
1956 4377 2093 4410 mens
2115 4377 2234 4411 sana
2254 4361 2439 4410 fuisset.
2492 4365 2588 4409 Ar—

1460 4431 1637 4490 golicas
1667 4429 1883 4484 latebras,
1916 4441 2093 4490 equum
2126 4442 2221 4490 quo
2250 4427 2467 4476 latebant
2490 4425 2589 4474 Ar·

1396 4494 1471 4539 21
