3050 4934
1196 215 1537 281 LIBER
1585 215 1766 281 XII.

2500 212 2628 276 619

488 360 785 426 Dimensi
814 361 1177 449 Rutulique
1208 367 1327 430 viri
1356 366 1730 448 Teucrique
1761 366 2113 450 parabant3

484 459 563 524 In
590 462 934 547 medioque
966 463 1147 529 focos
1176 478 1245 530 et
1273 465 1376 530 dis
1408 467 1854 530 communibus
1885 487 2032 530 aras

486 560 897 628 Gramineas.
970 563 1106 628 Alii
1134 564 1507 650 fontemque
1538 568 1882 650 ignemque
1913 565 2236 641 ferebant,

318 660 443 724 120
486 659 703 727 Velati
730 661 903 742 limo,
932 675 1003 729 et
1032 666 1316 729 verbena
1344 676 1642 750 tempora
1669 667 1885 730 vincti.

484 761 791 828 Procedit
818 765 988 850 legio
1018 764 1455 841 Ausonidum,
1488 766 1816 851 pilataque
1847 763 2054 849 plenis

482 861 765 948 Agmina
792 888 862 930 se
891 865 1175 932 fundunt
1203 868 1432 951 portis.

1510 866 1686 930 Hinc
1717 865 1959 934 Troius
1987 869 2214 943 omnis,

481 964 999 1050 Tyrrhenusque
1030 969 1161 1031 ruit
1190 969 1381 1032 variis
1410 968 1738 1032 exercitus
1769 968 2000 1044 armis;

482 1067 685 1132 Haud
720 1088 907 1132 secus
938 1069 1239 1134 instructi
1268 1068 1465 1146 ferro,
1500 1091 1694 1152 quam
1725 1070 1780 1132 si
1810 1091 2046 1152 aspera
2076 1067 2314 1134 Martis

318 1168 439 1230 125
482 1165 715 1252 Pugna
744 1181 951 1234 vocet.
1032 1169 1178 1236 Nec
1208 1193 1339 1235 non
1368 1169 1598 1235 mediis
1627 1171 1694 1234 in
1723 1168 2004 1234 millibus
2034 1171 2158 1254 ipsi

484 1269 815 1334 Ductores
846 1293 1007 1336 auro
1036 1271 1307 1336 volitant
1335 1282 1648 1355 ostroque
1681 1270 1924 1347 decori,

484 1369 577 1432 Et
606 1393 815 1454 genus
844 1370 1157 1438 Assaraci
1184 1371 1604 1460 Mnestheus,
1635 1383 1704 1436 et
1731 1371 1918 1438 fortis
1951 1370 2214 1455 Asylas,

485 1470 578 1534 Et
605 1470 959 1556 Messapus
989 1472 1229 1556 equum
1259 1473 1562 1548 domitor,
1595 1472 1934 1557 Neptunia
1961 1471 2198 1557 proles.

482 1570 706 1656 thue
734 1573 895 1636 dato
924 1575 1111 1656 signo
1142 1575 1353 1658 spatia
1380 1574 1445 1636 in
1479 1595 1598 1638 sua
1625 1573 1902 1657 quisque
1933 1573 2226 1648 recessit,

318 1671 441 1736 130
483 1671 805 1756 Defigunt
834 1672 1065 1738 tellure
1093 1673 1343 1750 hastas,
1372 1685 1441 1738 et
1470 1684 1658 1738 scuta
1685 1673 2020 1740 reclinant.

482 1772 657 1837 Tum
688 1774 905 1838 studio
936 1774 1164 1840 effiisae
1192 1787 1455 1852 mati-ee,
1488 1785 1556 1839 et
1584 1774 1816 1858 vulgus
1844 1776 2179 1851 inermum,

484 1872 887 1958 Invalidique
918 1897 1133 1953 senes,
1168 1886 1381 1941 turres
1410 1887 1478 1940 et
1506 1886 1680 1940 tecta
1710 1876 2049 1942 domorum

481 1975 866 2053 Obsedere;
914 1976 1021 2042 alii
1049 1979 1257 2062 portis
1291 1975 1672 2042 sublimibus
1702 1978 1986 2042 adstant.

565 2073 663 2139 At
690 2075 869 2140 Juno
900 2099 939 2140 e
970 2100 1241 2154 summo,
1272 2080 1385 2162 qui
1414 2099 1586 2142 nunc
1623 2076 1916 2142 Albanus
1947 2077 2251 2153 babetur,

316 2177 437 2240 135
480 2175 657 2240 Tum
684 2199 896 2261 neque
926 2200 1157 2244 nomen
1186 2189 1349 2254 erat,
1380 2199 1501 2243 nec
1529 2179 1762 2256 honos,
1793 2189 1908 2244 aut
1933 2177 2140 2263 gloria
2167 2181 2390 2255 monti,

485 2276 899 2362 Prospiciens
928 2278 1177 2343 tumulo
1204 2301 1501 2362 campum
1524 2279 1976 2362 adspectabat,
2007 2291 2076 2344 et
2105 2281 2350 2356 ambas,

482 2378 885 2444 Laurentum
916 2379 1321 2464 Troumque,
1352 2379 1524 2444 acies
1553 2380 1912 2462 urbemque
1944 2379 2182 2444 Latini.

486 2479 839 2564 Eitemplo
870 2480 1084 2546 Turni
1114 2483 1205 2546 sic
1234 2479 1570 2570 est-affata
1599 2501 1910 2556 sororem,

481 2579 656 2644 Diva
687 2580 897 2658 deam,
932 2583 1177 2667 stagnis
1206 2603 1357 2666 quae
1384 2580 1885 2664 fluminibusque
1919 2581 2170 2646 sonoris

316 2683 438 2746 140
483 2679 841 2759 Proesidet3
888 2681 1063 2747 hunc
1090 2682 1181 2746 illi
1208 2705 1327 2746 rex
1356 2681 1620 2746 aetheris
1651 2679 1824 2746 altus
1854 2681 2169 2748 honorem

478 2782 744 2865 Jupiter
773 2793 1003 2865 erepta
1030 2805 1151 2866 pro
1180 2783 1548 2866 virginitate
1579 2783 1892 2848 sacravit:
1957 2868 1966 2874 ·

482 2882 815 2967 Nympha,
846 2883 1049 2948 decus
1085 2883 1449 2960 fluviorum,
1482 2884 1694 2948 animo
1723 2883 2089 2968 gratissima
2115 2894 2364 2959 nostro,

306 3093 465 3141 foedus
503 3092 563 3140 de
594 3109 761 3157 pugna
798 3092 1035 3156 singulari
1072 3093 1213 3144 Iliad.
1250 3111 1301 3155 γ,
1338 3095 1435 3142 314

307 3172 408 3220 sqq.
473 3157 713 3221 Campum
739 3161 990 3218 parabant,
1024 3156 1343 3216 instruebant,
1366 3174 1431 3206 ω-

308 3220 517 3283 quando,
556 3221 809 3285 purgando
854 3222 915 3270 ab
961 3220 1172 3269 arbustis
1210 3231 1299 3270 etc.
1338 3263 1347 3270 .
1374 3221 1435 3269 In

306 3301 411 3342 ara,
448 3299 555 3348 qun
588 3285 637 3332 h.
669 3285 702 3332 1.
740 3300 765 3334 e
798 3284 985 3349 cespite
1023 3284 1130 3341 fuit,
1170 3293 1291 3350 puta
1328 3299 1435 3332 esse

294 3347 469 3410 soem.
490 3349 575 3410 qui
600 3353 751 3412 ignea
774 3349 961 3426 recipit.
1019 3351 1107 3398 Diu·
1128 3359 1291 3424 autem
1314 3365 1431 3397 eos·-

310 3427 613 3526 i'sshff‘sszspe‘i‘
626 3423 1436 3540 ὲῖἒῖῗῖζὶῗῖἷῗυῖιῑὲῑὲἶ

306 3538 558 3604 περίζωμα,
582 3557 679 3604 quo
698 3541 849 3592 cincti
870 3551 1011 3590 erant
1034 3541 1247 3592 ministri
1270 3557 1430 3592 sacro-

308 3621 431 3655 rum.

376 3670 483 3727 121,
511 3671 616 3718 122.
657 3671 820 3718 mata
850 3673 1051 3732 agnina,
1084 3669 1199 3734 pilis
1230 3679 1430 3720 armata.

311 3735 467 3784 Recte
489 3733 581 3782 hoc
602 3749 849 3784 armorum
871 3749 1029 3796 genus
1056 3734 1289 3784 Romanis
1318 3749 1431 3798 pro-

306 3798 468 3863 prium
492 3797 576 3860 (cf.
606 3799 729 3848 Geo.
752 3798 787 3857 i,
818 3799 939 3859 496)
965 3813 1095 3848 nunc
1132 3797 1303 3848 tribuit
1328 3802 1429 3846 Au-

302 3866 565 3912 «m'dmn
583 3863 631 3912 h.
658 3862 945 3912 Latinorum
970 3861 1175 3926 agmini;
1209 3871 1267 3910 ut
1285 3877 1433 3926 supra

304 3927 541 3976 Aventini
565 3943 625 3976 co
661 3926 691 3938 “
742 3927 825 3976 lib.
852 3927 935 3986 vii,
962 3929 1075 3976 664.

376 3991 481 4049 127.
502 3992 607 4066 1282
626 3941 971 4067 mesti-neum,
992 3991 1207 4068 Asylam.
1224 4001 1275 4040 et
1292 3991 1427 4040 Mes·

304 4071 479 4118 sapum
500 4065 683 4104 excitat
702 4066 1007 4112 nommaum,
1026 4071 1241 4120 primum
1262 4069 1319 4104 ut
1340 4070 1427 4118 po·

304 4129 397 4178 ets,
422 4119 813 4184 quandoquidem
844 4119 1039 4183 cingula
1064 4129 1287 4170 enarrata
1318 4119 1429 4184 plus

306 4183 552 4246 δναργείας
576 4184 759 4233 habent
790 4200 936 4248 quam
966 4183 1247 4232 summatim
1270 4199 1425 4232 annu-

304 4259 516 4304 merata:
542 4257 647 4296 tum
668 4248 782 4311 quis
804 4248 857 4296 1ιί
878 4248 1007 4296 inter
1032 4247 1160 4296 viros
1180 4246 1428 4320 principes

306 4312 517 4360 maxime
538 4311 891 4370 memorabiles,
915 4327 1121 4374 quorum
1142 4321 1291 4360 enam
1314 4325 1429 4360 mox

304 4391 453 4438 opera
472 4376 569 4426 erit
590 4377 849 4440 precipua.
910 4378 987 4426 De
1014 4375 1276 4426 Mnestheo
1302 4375 1424 4422 Tro-

1492 3097 1612 3156 jano
1653 3094 1750 3142 vid.
1795 3111 1904 3159 sup.
1945 3095 2009 3144 ad
2045 3094 2127 3146 lib.
2169 3111 2214 3154 v,
2263 3096 2368 3153 116,
2409 3096 2514 3153 117.
2561 3096 2622 3144 de

1500 3159 1652 3222 Asyla
1674 3159 1898 3216 Etrusco,
1921 3159 2004 3208 lib.
2029 3175 2076 3216 x,
2105 3159 2322 3212 175--17
2326 3163 2371 3208 8.
2431 3159 2620 3208 Messa-

1499 3237 1594 3296 pus
1611 3222 1702 3334 (331
1713 3223 1999 3270 Latinorum
2034 3223 2230 3271 auxiliis
2263 3233 2393 3272 erat:
2430 3223 2490 3271 cf.
2515 3239 2621 3287 sup.

1500 3301 1570 3334 vn
1707 3319 1720 3332 .

1569 3319 1655 3398 131
1685 3365 1785 3412 sqq.
1821 3349 2008 3398 ornate
2023 3367 2038 3396 ε
2073 3348 2340 3413 cupiditate
2371 3349 2622 3412 spectandi

1499 3412 1644 3460 domo
1686 3429 1892 3476 egresse
1928 3411 2138 3470 femine,
2179 3413 2334 3476 pueri,
2376 3423 2426 3460 et
2465 3428 2622 3470 senes.

1498 3476 1676 3526 aedium
1701 3485 1829 3526 tecta
1850 3487 1901 3526 et
1921 3491 2086 3525 muros
2108 3476 2391 3526 ascendunt.

1570 3542 1675 3588 135.
1707 3541 1867 3602 Neque
1889 3556 2072 3588 nomn.-
2097 3555 2210 3588 nam
2232 3541 2324 3590 hoc
2344 3539 2540 3588 demum
2563 3541 2625 3588 sb

1500 3604 1630 3654 Alba
1651 3603 1846 3652 condita
1863 3603 2058 3652 habuit:
2096 3620 2236 3666 neque
2259 3607 2406 3662 honos,
2431 3603 2514 3666 qui
2536 3619 2626 3668 per

1498 3669 1646 3744 ferias
1669 3667 1870 3716 Latinas
1902 3668 1956 3716 in
1987 3683 2048 3715 eo
2070 3667 2240 3716 haberi
2269 3667 2437 3718 solitas
2459 3683 2622 3717 acces-

1498 3743 1578 3782 ΕΠ.

1569 3799 1676 3854 138,
1705 3798 1808 3846 139.
1845 3795 2058 3844 Juturna
2079 3793 2278 3858 proprie
2300 3794 2446 3844 unius
2476 3794 2626 3846 fontis

1500 3861 1734 3926 Nympha
1769 3869 1860 3918 est,
1897 3859 1980 3921 qui
2025 3875 2124 3908 non
2161 3859 2306 3922 longe
2343 3873 2373 3906 a
2407 3858 2623 3908 Numicii

1497 3925 1632 3976 fonte
1665 3927 1846 3982 aberat,
1881 3939 1944 3972 ex
1967 3923 2147 3974 montis
2169 3921 2347 3972 Albani
2383 3922 2626 3975 radicibus

1496 3987 2214 4104 {mmmm
2245 3985 2463 4116 ffiffl
2489 3985 2626 4100 ἷξες

1494 4119 1610 4168 deas
1631 4118 1922 4168 Latinorum
1949 4115 2218 4179 indigenas.
2257 4117 2384 4164 Diva
2403 4117 2550 4172 deam,
2573 4116 2620 4166 h.

1493 4182 1586 4232 dea
1621 4183 1780 4239 deam,
1823 4179 1945 4230 nihil
1983 4180 2220 4244 amplius;
2268 4194 2358 4227 nec
2389 4177 2621 4230 audiendi

1490 4245 1798 4308 grammatici
1825 4243 1910 4307 qui
1933 4243 2254 4307 distinguunt.

1563 4311 1838 4358 141—144.
1875 4311 2085 4358 Sacram
2103 4327 2119 4356 .·
2153 4323 2265 4356 cum
2286 4305 2466 4356 dilectu
2489 4307 2620 4372 posi-

1494 4381 1596 4422 tum
1625 4375 1849 4432 verbum,
1873 4388 1978 4436 pro,
2002 4375 2142 4422 aedit.
2201 4373 2354 4422 Dem
2363 4373 2621 4434 fluviorum,
