3050 4934
454 243 498 304 4
957 313 968 322 ‚
1286 239 1935 314 BucoLlcoN

630 389 987 456 Candidior
1017 401 1363 478 postquam
1395 390 1691 458 tondenti
1720 394 1930 457 barba
1956 393 2273 457 cadebat:

499 495 587 557 30
631 493 958 579 Respexit
989 505 1227 572 tamen,
1254 505 1328 559 et
1355 495 1553 580 longo
1578 505 1733 580 post
1761 507 2052 580 tempore
2082 496 2281 573 venit,

632 596 992 680 Postquam
1017 620 1138 662 nos
1166 595 1516 682 Amaryllis
1547 597 1771 674 habet,
1805 597 2087 662 Galatea
2114 596 2397 680 reliquit.

631 699 962 783 Namque,
991 699 1249 764 fatebor
1277 700 1472 776 enim,
1504 700 1661 764 dum
1689 721 1792 764 me
1824 698 2107 764 Galatea
2136 699 2429 774 tenebat,

630 800 778 864 Nec
809 824 961 885 spes
989 801 1310 866 libertatis
1338 812 1502 878 erat,
1535 823 1657 866 nec
1686 824 1845 866 cura
1870 801 2109 886 peculi.

633 903 947 976 Quamvis
975 901 1180 968 multa
1207 904 1366 968 meis
1391 904 1604 968 exiret
1628 904 1885 968 victima
1914 904 2145 988 septis,

497 1005 584 1068 35
629 1003 899 1089 Pinguis
928 1017 997 1070 et
1024 1007 1296 1090 ingratae
1325 1016 1735 1090 premeretur
1764 1027 1993 1069 caseus
2024 1005 2195 1081 urbi,

630 1107 788 1172 Non
818 1130 1104 1192 unquam
1131 1108 1348 1192 gravis
1377 1129 1509 1172 aere
1541 1108 1807 1172 domum
1834 1107 1989 1172 mihi
2018 1107 2257 1171 dextra
2284 1107 2565 1172 redibat.

627 1209 816 1274 MEL.
853 1209 1173 1286 Mirabar,
1207 1209 1366 1292 quid
1395 1219 1632 1274 moesta
1662 1209 1847 1286 deoS,
1874 1207 2217 1292 Amarylli,
2244 1231 2551 1286 vocares3

629 1311 754 1374 Cui
783 1311 1074 1396 pendere
1108 1333 1226 1374 sua
1257 1311 1579 1394 patereris
1608 1310 1677 1373 in
1707 1311 1941 1374 arbore
1974 1332 2189 1394 poma.

632 1413 904 1498 Tityrus
936 1413 1088 1478 hinc
1119 1413 1369 1477 aberat.

1462 1409 1639 1496 Ipsae
1666 1423 1755 1488 te,
1788 1411 2045 1496 Tityre,
2074 1413 2293 1496 pinus,

499 1515 586 1580 40
630 1513 768 1600 Ipsi
797 1526 861 1580 te
893 1514 1134 1592 fontes,
1163 1516 1308 1599 ipsa
1337 1514 1480 1579 haec
1511 1515 1805 1591 arbusta,
1838 1515 2183 1579 vocabant.

625 1617 782 1682 Trr.
819 1617 1002 1690 Quid
1032 1616 1312 1682 facerem
1331 1620 1361 1680 ἲ
1406 1638 1621 1700 neque
1654 1617 1916 1681 servitio
1944 1639 2047 1681 me
2078 1617 2259 1681 exire
2290 1616 2549 1693 licebat,

625 1719 774 1784 Nec
806 1731 938 1784 tam
963 1730 1323 1804 praesentes
1357 1718 1510 1783 alibi
1541 1740 1937 1802 cognoscere
1968 1719 2175 1782 divos·

625 1821 758 1886 Hic
787 1821 962 1886 illum
990 1821 1122 1886 vidi
1142 1821 1472 1905 juvenem,
1507 1819 1848 1897 Meliboee,
1880 1821 2228 1904 quotannis

626 1923 743 1987 Bis
775 1944 967 1987 senos
997 1923 1103 1986 cui
1131 1933 1356 1986 nostra
1386 1921 1526 1984 dies
1558 1919 1788 1984 altaria
1817 1919 2089 1986 fumant.

447 2145 556 2179 sum
580 2127 896 2241 suppeditant
917 2143 1062 2191 quam
1083 2128 1244 2177 hunc:
1278 2125 1478 2192 Tityrus
1495 2127 1575 2176 in·-

449 2194 650 2256 telligen
686 2210 742 2242 us
792 2203 868 2241 est
904 2209 1021 2268 ‘esse
1070 2193 1246 2256 aliquis
1295 2209 1362 2241 ex
1403 2192 1574 2268 servis,

447 2259 962 2386 tqdlti’drisnduiglglnggiiis
972 2267 1448 2384 tli:iltxelliinrtzuquibus
1469 2273 1576 2371 siilrte¹

446 2403 675 2450 agrorum
694 2387 797 2436 sive
813 2387 1055 2452 pecudum
1069 2403 1188 2436 cura
1205 2387 1433 2436 mandata
1451 2397 1571 2436 erat.

451 2453 564 2500 Hoc
596 2462 845 2516 pastorum
878 2467 1034 2514 genus
1075 2450 1170 2502 isto
1205 2460 1440 2516 tempore,
1478 2468 1576 2514 quo

447 2516 717 2566 latifundiis
730 2527 966 2580 occupata
977 2526 1084 2564 erat
1100 2517 1122 2566 1
1129 2516 1257 2574 talia,
1273 2532 1363 2580 per
1378 2533 1575 2565 omnem

451 2581 646 2630 Italiam
693 2591 798 2630 erat
852 2580 1315 2644 frequentissimum.
1399 2582 1575 2643 Neque

447 2646 572 2694 alius
605 2647 850 2709 Corydon,
883 2645 989 2693 Ecl.
1027 2645 1076 2702 ii,
1115 2647 1156 2694 l.
1218 2645 1318 2700 Qui
1351 2645 1575 2693 homines

448 2726 510 2758 an
533 2722 667 2758 recte
689 2709 740 2757 in
765 2709 1019 2774 pastoritio
1051 2709 1282 2766 carmine,
1305 2710 1436 2772 quod
1457 2725 1570 2758 sen-

447 2775 581 2823 sibus
617 2775 798 2822 nostris
833 2774 903 2822 nil
938 2784 1262 2838 praeterquam
1297 2773 1571 2823 amoenissi-

447 2854 576 2888 mam
609 2854 851 2902 quamque
882 2849 932 2886 et
961 2839 1299 2888 suavissimam
1317 2839 1431 2886 vitae
1463 2855 1571 2887 rus-

449 2904 558 2952 ticae
602 2903 815 2978 speciem
857 2905 1088 2952 exhibere
1142 2903 1302 2959 debet,
1349 2919 1380 2951 a
1428 2913 1575 2967 poeta

447 2968 652 3018 excitari
674 2969 938 3033 potuerint,
963 2983 1094 3016 nunc
1117 2983 1216 3018 non
1235 2967 1459 3032 disputo;
1485 2969 1574 3016 sed

449 3033 484 3080 ii
523 3032 760 3090 homines,
793 3032 836 3081 si
872 3032 1117 3097 peculium
1153 3032 1248 3082 sibi
1283 3031 1403 3080 satis
1435 3048 1571 3096 mag-

449 3113 566 3145 num
597 3107 866 3161 parassent,
898 3097 1059 3162 pretio
1089 3097 1300 3146 dominis
1331 3096 1491 3145 soluto
1519 3096 1575 3144 in

445 3162 722 3210 libertatem
759 3179 811 3210 se
847 3161 1095 3210 vindicare
1131 3171 1370 3225 poterant.
1441 3163 1575 3209 Nota

445 3241 540 3282 res,
564 3226 628 3274 de
649 3242 743 3288 qua
766 3242 910 3275 nemo
931 3225 1074 3274 facile
1095 3225 1299 3274 dubitet.
1357 3225 1571 3288 Tityrus,

449 3291 534 3353 qui
551 3307 642 3354 per
657 3291 836 3340 multos
853 3307 1023 3349 anno&
1042 3291 1158 3338 dum
1179 3291 1398 3338 Galateoe
1418 3289 1573 3338 amori

447 3355 731 3412 indulserat,
763 3355 942 3420 peculii
968 3370 1142 3419 parum
1173 3353 1460 3418 diligentem
1490 3370 1571 3402 ra-

449 3419 634 3468 tionem
662 3420 913 3479 babuerat,
935 3423 1040 3482 ⁸iam
1074 3435 1228 3468 senex
1259 3419 1426 3476 factus,
1459 3435 1574 3466 cum

449 3483 816 3548 Amaryllidem,
860 3501 968 3547 quae
1011 3483 1245 3547 frugalior
1287 3491 1338 3531 et
1381 3483 1574 3547 parcior

446 3559 565 3606 erat,
595 3548 800 3597 amicam
833 3551 1048 3606 haberet,
1080 3559 1138 3597 ut
1166 3547 1441 3598 libertatem
1477 3547 1571 3596 sibi

446 3624 763 3678 compararet,
787 3615 992 3662 Romam
1013 3614 1074 3662 ad
1091 3615 1265 3662 berum
1288 3629 1430 3662 suum
1453 3629 1567 3677 pro-

443 3680 600 3727 fectus
615 3689 704 3726 est.
751 3679 779 3726 J
785 3695 864 3727 am
883 3678 946 3726 de
965 3679 1192 3727 libertate
1211 3679 1405 3742 quidem
1425 3695 1571 3741 quam

444 3743 736 3800 obtinuerat,
761 3759 804 3791 v.
832 3745 909 3800 28,
935 3745 1012 3798 29,
1038 3746 1100 3790 30
1133 3743 1382 3798 meminit3
1413 3742 1566 3790 facili-

447 3817 596 3856 tatem
627 3807 772 3856 simul
802 3807 910 3855 heri
941 3817 992 3854 et
1023 3807 1376 3854 humanitatem
1409 3807 1566 3854 maxi-

449 3887 580 3920 mam
612 3889 674 3921 ex
739 3881 869 3921 rtum
902 3885 1008 3918 esse
1041 3885 1096 3918 se
1125 3870 1382 3932 significat,
1414 3869 1569 3934 inpri-

447 3935 636 3998 misque
668 3953 685 3984 1
705 3937 790 3985 lud
813 3934 1082 3984 obtinuisse
1111 3934 1198 3992 ait,
1219 3951 1262 3982 v.
1284 3935 1362 3991 46,
1389 3945 1445 3982 ut
1467 3944 1573 3982 tuto

447 4015 504 4047 ac
548 3999 703 4048 libere
755 4017 928 4064 greges
981 4015 1096 4048 suos
1146 4013 1347 4064 pascere
1390 4009 1569 4062 posset.

397 4074 401 4078 '
451 4067 577 4121 ΟΜ,
602 4081 721 4122 sera,
746 4073 896 4114 tumen
922 4069 1150 4128 respexit:
1184 4079 1305 4140 quae,
1331 4063 1422 4112 etsi
1445 4079 1569 4120 sem,

447 4138 611 4176 tamen
647 4129 907 4191 aliquando
937 4129 1060 4178 mihi
1089 4128 1309 4191 contigit,
1345 4137 1401 4176 ut
1429 4143 1473 4176 v.
1509 4130 1572 4176 30

445 4193 698 4268 repetitur.
779 4195 1026 4255 Respicere
1079 4194 1140 4242 de
1197 4192 1462 4251 Libertate,
1518 4202 1575 4240 ut

443 4261 1338 4372 pragnecizzegirssnrequhoemoe
1385 4325 1573 4370 barbam

441 4397 696 4499 {remor-at,
719 4387 834 4451 quia
855 4385 1131 4435 libertatem
1155 4397 1446 4436 consecutus
1463 4403 1573 4436 eam

477 4463 659 4516 epomt.

1710 2129 1787 2176 30.
1822 2129 2045 2190 Respexit
2078 2135 2241 2186 tamen,
2274 2137 2321 2176 et
2354 2132 2485 2192 longo
2512 2137 2619 2192 poet
2650 2136 2771 2178 ten·

1634 2209 1748 2253 pore
1770 2196 1906 2240 venit.
1962 2192 2166 2255 Singula
2186 2193 2248 2240 ad
2272 2193 2615 2242 declarandum
2638 2204 2771 2242 tem-

1640 2255 2777 2385 affitbssz‘sfffifflflffifflfflsa

1610 2389 1615 2396 '
1640 2395 1753 2450 post
1774 2384 1894 2434 mibi
1918 2386 2031 2433 data
2046 2395 2135 2444 est,
2156 2395 2411 2448 postquam,
2436 2403 2497 2436 ex
2522 2403 2619 2449 quo
2643 2396 2773 2436 tem-

1639 2466 1773 2515 pore,
1804 2467 1834 2498 a
1862 2450 2067 2498 Galatea
2096 2451 2310 2509 relictus,
2348 2451 2401 2499 in
2433 2451 2771 2516 Amaryllidis,

1640 2531 1901 2572 cmservae,
1936 2515 2257 2564 contubernio
2292 2531 2415 2564 sum.
2488 2516 2768 2564 Fatendum

1642 2589 1819 2638 tamen,
1844 2579 2059 2628 insidere
2081 2580 2158 2628 his
2189 2580 2356 2628 nescio
2378 2580 2495 2642 quid
2515 2579 2766 2630 invenusti

1641 2653 1691 2691 et
1713 2643 1944 2692 incomti:
1970 2659 2247 2706 quanquam
2270 2655 2322 2692 et
2343 2644 2438 2692 alia
2460 2645 2695 2692 nonnulla
2712 2644 2771 2693 in

1640 2708 1731 2756 hoc
1764 2708 1924 2772 primo
1952 2709 2171 2756 carmine
2200 2709 2365 2772 paullo
2391 2709 2609 2772 jeJ’unius
2635 2709 2773 2758 dicta

1640 2773 1795 2820 videri
1814 2783 2033 2837 possunt.
2082 2773 2246 2821 Multo
2264 2789 2379 2822 vero
2396 2773 2551 2836 magis
2568 2773 2771 2822 inlicem

1638 2837 1742 2884 haec
1760 2847 1888 2896 sunt,
1904 2837 1947 2886 si
1966 2853 2079 2886 cum
2096 2836 2205 2886 aliis
2223 2853 2312 2902 per
2324 2838 2527 2885 alteram
2542 2838 2769 2896 amicam,

1642 2903 1914 2960 Mantuam,
1940 2918 2029 2966 per
2050 2902 2267 2960 alteram,
2295 2903 2503 2950 Romam
2527 2902 2770 2952 declarari

1639 2966 1943 3030 pronunties.

1706 3033 1782 3079 33.
1826 3032 2005 3088 Pet-uli,
2039 3047 2130 3094 pro
2164 3034 2366 3092 peculii,-
2406 3031 2536 3094 quod
2572 3047 2603 3079 a
2628 3047 2769 3093 pecu.

1639 3095 1745 3143 sive
1762 3113 1925 3158 pecore
1938 3114 1956 3150 ,-
1990 3096 2123 3143 unde
2144 3105 2196 3143 et
2210 3100 2409 3157 pecunia
2430 3095 2573 3145 dicta.

1705 3163 1783 3218 84,
1808 3162 1885 3208 35.
1920 3160 2159 3216 Quamvis
2169 3162 2411 3222 juvencus
2426 3175 2554 3208 unus
2574 3169 2625 3208 et
2640 3160 2771 3210 alter

1638 3240 1703 3273 ex
1724 3224 1851 3273 meis
1878 3225 2114 3273 armentis
2134 3224 2373 3272 deductus
2394 3224 2690 3273 venderetur
2710 3225 2767 3273 in

1638 3291 1774 3348 urbe,
1810 3298 1897 3337 aut
1934 3305 1993 3336 eo
2027 3290 2403 3353 deportarentur
2436 3305 2465 3338 a
2500 3305 2580 3338 me
2614 3289 2765 3338 casei.

1638 3356 1863 3416 Ingratae,
1884 3354 2013 3416 quod
2036 3353 2158 3401 nihil
2186 3353 2301 3402 inde
2330 3353 2521 3416 argenti
2542 3355 2765 3412 referret,

1640 3434 1682 3464 v.
1708 3435 1778 3480 sq.

1704 3484 1911 3533 37-39,
1950 3484 2097 3531 Nunc
2115 3482 2166 3530 in
2190 3483 2409 3532 animum
2428 3492 2622 3532 revocat
2640 3497 2766 3532 moe-

1638 3563 1799 3596 rorem
1822 3547 2161 3622 Amaryllidis;
2186 3549 2325 3610 cujus
2348 3564 2543 3596 causam
2566 3548 2763 3610 ignora-

1638 3613 1719 3660 bat
1736 3624 1851 3660 tunc
1870 3613 2147 3668 Meliboeus,
2163 3627 2293 3660 nunc
2312 3611 2453 3660 facile
2470 3612 2763 3674 assequitur.

1636 3679 1756 3738 Ipse
1780 3686 1838 3732 te,
1862 3679 2036 3739 Tityre,
2052 3687 2143 3724 etc.
2176 3676 2380 3725 bucolici
2398 3675 2631 3725 camninis
2648 3688 2767 3724 nota

1636 3743 1805 3804 figura,
1830 3743 2060 3805 (Tbeoer.
2078 3741 2141 3799 iv,
2164 3741 2263 3804 12,)
2282 3743 2343 3790 ab
2356 3743 2449 3789 hoc
2466 3750 2629 3789 tamen
2640 3740 2767 3799 loco,

1636 3807 1679 3852 si
1702 3817 1836 3856 recte
1852 3807 2034 3867 Judico,
2060 3806 2236 3854 aliena.

1702 3873 1781 3928 41,
1800 3873 1879 3918 42.
1916 3869 2255 3931 Quidfacerem
2271 3875 2296 3917 ,⁹
2332 3869 2623 3918 Necessario
2643 3869 2767 3918 mihi

1638 3935 1847 3982 Romam
1874 3933 2281 3998 proficiscendum
2306 3945 2425 3993 erat,
2450 3933 2585 3982 nulla
2608 3935 2759 3982 Ama-

1639 3999 1825 4063 ryllidis
1864 3998 2171 4060 querelarum
2204 3999 2395 4047 ratione
2434 3999 2614 4056 habita,
2650 4014 2767 4048 cum

1640 4079 1799 4126 neque
1828 4062 2103 4111 libertatem
2128 4078 2417 4138 recuperare
2448 4063 2579 4121 alibi,
2604 4079 2765 4126 neque

1638 4137 1735 4176 tam
1760 4135 2023 4190 presentes,
2045 4128 2094 4175 h.
2119 4128 2372 4192 propitios,
2398 4127 2617 4176 faventes
2644 4131 2765 4186 deos,

1638 4201 1741 4266 tam
1764 4207 1981 4266 proesens
2012 4207 2179 4240 eorum
2202 4192 2509 4250 beneficium,
2534 4191 2651 4240 alibi
2674 4208 2763 4241 ex-

1674 4271 1791 4306 erm
1958 4273 2021 4305 m.

1638 4273 1673 4322 P
1705 4324 1783 4380 43,
1807 4325 1885 4370 44.
1925 4321 2035 4370 Hac
2054 4321 2107 4368 in
2130 4323 2251 4370 urbe
2268 4322 2441 4372 lterum
2464 4335 2628 4370 meum
2647 4321 2765 4380 vidi,

1640 4397 1737 4434 tam
1762 4385 2047 4434 munificum
2072 4395 2121 4432 ct
2144 4385 2320 4443 lenem,
2344 4396 2401 4434 nt
2422 4401 2535 4434 eum
2558 4401 2649 4450 pro
2670 4387 2767 4434 deo

1638 4451 1797 4498 colere
1834 4449 2147 4498 decreverim.
2216 4450 2362 4499 Dicta
2396 4451 2499 4498 haec
2536 4467 2642 4500 esse
2684 4467 2761 4500 re-
