3050 4934
45 526 58 583 ξ

1152 261 1496 328 LIBER
1544 261 1595 326 I.
2450 259 2535 321 69

391 417 568 482 Tum
595 417 843 502 laqueis
874 427 1141 500 captare
1173 415 1347 479 feras
1379 425 1446 478 et
1476 411 1700 478 fallere
1732 414 1907 476 visco

227 519 346 581 140
393 518 757 597 Inventum,
787 529 856 583 et
885 539 1154 603 magnos
1183 517 1454 582 canibus
1486 514 1889 580 circumdare
1922 511 2145 576 saltuS.

386 621 610 706 Atque
640 621 806 685 alius
834 621 1040 686 latum
1070 620 1277 684 funda
1297 620 1433 703 jam
1463 619 1768 682 verberat
1798 637 2083 692 amnem3

387 723 549 788 Alta
575 734 808 808 petens
838 721 1205 808 pelagoque
1236 719 1398 784 alius
1429 719 1632 783 trahit
1660 718 1927 783 humida
1956 716 2105 781 lina.

387 825 562 889 Tum
591 825 749 889 ferri
777 826 976 910 rigor,
1010 836 1208 907 atque
1239 833 1490 906 argutae
1519 820 1755 885 lamina
1786 842 2003 897 serrae,

391 927 564 992 Nam
593 928 783 1012 primi
813 927 1036 991 cuneis
1071 925 1456 989 scindebant
1482 921 1683 986 fissile
1710 921 1989 1005 lignum;

223 1031 340 1093 145
384 1029 562 1093 Tum
591 1029 786 1092 variae
815 1049 1052 1092 venere
1083 1037 1294 1090 artes:
1340 1024 1528 1088 labor
1560 1025 1771 1087 omnia
1800 1023 1951 1086 vicit
2107 1019 2115 1073 l

385 1131 759 1215 ImprobuS‚
788 1141 856 1192 et
885 1129 1069 1190 duris
1103 1147 1341 1208 urgens
1371 1127 1437 1186 in
1467 1125 1666 1186 rebus
1698 1135 1978 1206 egestas,
2104 1127 2122 1196 l

393 1231 612 1294 Prima
641 1230 844 1292 Ceres
875 1227 1052 1290 ferro
1077 1224 1384 1290 mortales
1416 1234 1673 1287 vertere
1702 1234 1941 1287 terram

391 1330 719 1406 Instituit3
765 1351 964 1412 quum
986 1329 1122 1412 jam
1152 1325 1427 1411 glandes
1459 1335 1655 1408 atque
1686 1325 1920 1387 arbuta
1952 1345 2155 1386 sacrae

393 1417 776 1496 Deficerent
805 1428 1005 1505 silvae,
1037 1440 1104 1492 et
1133 1429 1374 1491 victum
1405 1425 1693 1489 Dodona
1726 1435 2017 1508 negaret.

223 1535 350 1596 150
396 1533 561 1596 Mox
594 1543 661 1596 et
691 1530 1028 1595 frumentis
1056 1529 1244 1594 labor
1273 1528 1576 1605 additus;
1624 1539 1697 1591 ut
1726 1526 1893 1590 mala
1918 1525 2164 1591 culmos

395 1637 598 1700 Esset
628 1636 883 1719 robig0,
916 1635 1262 1719 segnisque
1293 1633 1597 1697 horreret
1626 1633 1689 1695 in
1724 1633 1891 1694 arvis

394 1737 734 1801 Carduus:
781 1737 1106 1800 intereunt
1137 1746 1431 1821 segetes3
1481 1734 1658 1798 subit
1688 1755 1922 1817 aspera
1954 1732 2133 1810 silva,

399 1839 779 1924 Lappaeque
811 1835 1196 1920 tribulique3
1241 1839 1542 1921 interque
1573 1836 1843 1899 nitentia
1872 1833 2046 1898 culta

394 1939 630 2004 Infelix
659 1938 878 2002 lolium
907 1948 974 2002 et
1006 1938 1258 2002 steriles
1288 1939 1702 2002 dominantur
1730 1959 1972 2001 avenae.

231 2045 350 2106 155
395 2041 598 2115 Quod
627 2040 751 2102 nisi
779 2050 849 2103 et
876 2040 1157 2103 assiduis
1188 2051 1426 2104 terram
1453 2040 1860 2104 insectabere
1892 2039 2141 2115 rastriS,

225 2195 390 2254 munior,
439 2191 633 2246 Helice,
689 2188 808 2237 olim
853 2188 1072 2246 Callisto,
1121 2191 1352 2253 Lycaonis

231 2256 358 2304 filias
403 2259 546 2304 clem
569 2269 686 2302 vero
713 2263 940 2316 tanquam
963 2255 1126 2304 sidus:
1165 2264 1220 2303 ut
1241 2270 1348 2319 sup.

231 2337 274 2370 v.
301 2323 348 2377 5,
369 2323 626 2368 clarissima
649 2321 807 2366 mandi
827 2321 1038 2368 Lumina.

299 2386 571 2433 139—142.
620 2382 833 2431 Venatio
871 2393 922 2430 et
966 2383 1229 2448 aucupium
1271 2383 1348 2430 in-

231 2461 443 2497 ventum.
509 2449 646 2496 Aves
676 2447 756 2495 hic
795 2447 927 2496 inter
946 2445 1086 2508 ferae
1128 2461 1349 2511 compre-

227 2515 390 2562 hense
415 2513 586 2560 latent.
649 2512 860 2559 Inventa
891 2511 1111 2574 piscatio.
1169 2513 1350 2569 Fando,

229 2577 390 2632 βόλος.
415 2576 597 2624 Ovidio
622 2577 682 2623 A.
708 2577 768 2622 A.
794 2574 826 2632 i,
861 2575 955 2625 763
971 2577 1198 2638 jaculum,
1231 2584 1352 2631 rete,

227 2641 278 2690 iu
331 2641 534 2690 fluvium
579 2643 878 2704 projectum:
935 2639 1100 2703 itaque
1143 2643 1356 2688 verberat

225 2723 398 2754 esum
421 2706 506 2769 qui
522 2705 658 2766 jacit.
717 2703 817 2753 Sed
849 2704 998 2752 audet
1011 2707 1117 2767 jam
1139 2704 1352 2770 piscator

225 2775 326 2818 alta
344 2779 504 2832 petens
519 2772 698 2832 pelago,
723 2767 776 2816 in
812 2768 919 2842 ipso
953 2769 1090 2826 mari,
1116 2769 1168 2816 in
1199 2769 1353 2816 almm

225 2845 438 2893 evectans,
476 2833 759 2882 ever-riculis
792 2833 997 2897 piscari:
1034 2833 1104 2882 ita
1138 2833 1354 2882 audaciae

227 2900 364 2948 notio
385 2909 597 2962 augetur
616 2898 722 2962 ipsa
743 2912 878 2956 voce,
904 2901 1004 2946 alea
1023 2907 1210 2961 petens.

295 2965 568 3012 143—146.
604 2966 742 3011 Ferri
755 2965 952 3026 rigorem
973 2972 1120 3026 poeta
1139 2977 1230 3027 pro
1247 2961 1355 3026 ipso

225 3029 358 3077 ferro
391 3027 554 3090 rigido
585 3027 723 3076 dixit.
787 3026 1087 3090 Intelligitur
1120 3037 1282 3075 tamen
1305 3027 1352 3074 h.

225 3093 258 3140 1.
283 3108 402 3141 mus
431 3092 547 3140 ferri
579 3092 642 3140 ad
673 3091 998 3140 instrumenta
1031 3091 1353 3166 procudenda,

227 3157 444 3206 securim
467 3154 706 3220 inprimis,
730 3156 918 3210 durati:
953 3157 1180 3218 adjicitur
1205 3171 1354 3212 serra,

227 3221 476 3282 femiam
497 3221 550 3268 in
569 3221 774 3269 laminas
796 3220 910 3268 cudi
927 3229 1102 3284 empto.
1167 3221 1353 3278 Venere,

227 3299 516 3350 provenere,
535 3285 750 3334 inventae
765 3294 894 3333 sunt.
939 3287 1096 3334 Labor
1111 3287 1352 3347 improbus,

227 3349 478 3413 pervicax,
503 3349 586 3412 qui
625 3349 760 3398 nulla
794 3365 1014 3398 oerumna
1046 3349 1350 3398 vinceretur:

227 3414 330 3462 vid.
353 3429 464 3478 sup.
487 3413 549 3462 sd
571 3430 616 3462 v.
645 3415 752 3463 119.

301 3479 571 3528 147-149.
599 3479 808 3527 Inventa
824 3478 978 3526 aratio
995 3477 1189 3526 Cereris
1205 3477 1354 3526 bene-

229 3542 361 3599 ficio,
391 3557 506 3590 cum
540 3542 602 3591 ad
635 3542 858 3590 homines
887 3542 942 3589 in
975 3553 1131 3590 coetus
1165 3552 1357 3592 coactos

227 3606 486 3670 glandium
537 3605 692 3654 victus
735 3606 864 3654 haud
904 3606 1160 3654 sufficeret.
1229 3608 1356 3655 Cum

228 3671 428 3720 aalma
469 3669 658 3718 labores
701 3678 753 3718 et
785 3685 1016 3718 aerumnae
1055 3680 1183 3718 nate
1226 3681 1355 3719 sunt.

229 3738 394 3792 Perre,
417 3749 612 3782 vomere
631 3749 688 3782 ac
707 3735 884 3797 ligone.
928 3737 1074 3786 Quam
1085 3735 1192 3797 jem
1214 3739 1356 3793 silvae,

229 3798 556 3912 we
575 3797 671 3846 diis
689 3814 834 3846 :aaa
857 3798 1101 3857 dicuntur,
1119 3802 1362 3861 deficerent

231 3881 264 3928 q
409 3865 607 3926 glandes
627 3869 674 3911 et
694 3866 864 3910 arbuta
878 3883 896 3917 ,-
930 3871 980 3910 et
1003 3880 1114 3913 cum
1137 3879 1359 3927 quercus,

229 3931 372 3990 cujus
394 3925 591 3991 generis
627 3925 940 3976 nobilissimae
971 3929 1102 3992 apud
1123 3931 1362 3977 Dodonam

229 3993 383 4050 silva,
421 4007 522 4040 non
557 3991 766 4054 amplius
803 3991 921 4040 satis
956 4008 1185 4056 magnam
1217 3993 1357 4056 glan-

228 4057 370 4106 dium
389 4055 584 4121 copiam
605 4069 700 4119 sup
733 4055 989 4104 editarent.

305 4121 575 4169 150—155.
726 4119 764 4166 ‘t
778 4119 841 4168 ad
862 4121 1166 4185 propositum
1184 4137 1230 4169 v.
1254 4122 1361 4168 121.

235 4184 358 4233 Mox
381 4184 532 4234 etiam
567 4199 726 4241 noxe,
757 4184 885 4234 mala
913 4195 961 4233 et
993 4185 1172 4233 damna
1197 4185 1363 4247 (labor,

228 4261 288 4298 ut
307 4247 452 4299 rhus
479 4265 574 4314 pro
605 4250 756 4308 πῆμα,
781 4245 972 4310 βλάβη)
996 4249 1220 4298 invasere
1255 4249 1356 4297 fru-

229 4325 412 4371 menta,
437 4313 486 4362 h.
511 4315 695 4362 sactum
731 4322 786 4361 ut
826 4324 1015 4376 segetes
1047 4313 1198 4362 variis
1221 4313 1364 4362 malis

227 4393 286 4426 ae
308 4379 496 4427 morbis
532 4379 837 4432 laborarentz
873 4378 1054 4426 invasit
1085 4393 1168 4427 eas
1205 4381 1365 4440 robigo

229 4445 368 4500 nala,
377 4443 608 4502 exitiosa,
622 4457 730 4504 quae
742 4442 930 4491 culmos
943 4443 1130 4496 exedit;
1148 4445 1362 4500 carduus,

1415 2190 1500 2252 qui
1523 2201 1574 2238 et
1594 2189 1691 2237 late
1714 2205 1912 2254 serpere
1930 2201 1981 2237 et
1996 2205 2163 2238 semen
2180 2206 2543 2254 quaquaversus

1415 2254 1737 2303 disseminare
1759 2255 1909 2310 solet;
1946 2270 2008 2303 ex
2042 2271 2141 2302 uno
2174 2255 2305 2303 enim
2340 2256 2543 2306 seminis

1415 2335 1569 2382 grano
1592 2319 1767 2383 viginti
1790 2329 1997 2382 quatuor
2012 2319 2181 2378 millia,
2198 2319 2373 2385 primo,
2394 2321 2540 2369 adeo·

1416 2399 1510 2445 que
1533 2383 1792 2446 quinquies
1815 2383 1993 2432 millies
2022 2384 2377 2448 septingenties
2398 2401 2540 2434 sexa-

1417 2447 1523 2510 gies
1546 2459 1753 2496 centena
1788 2448 1941 2496 millia
1965 2449 2339 2510 (576‚000,000)
2364 2465 2541 2512 grano-

1419 2525 1527 2558 rum
1553 2511 1859 2560 seminalium
1883 2513 2037 2560 altero
2054 2528 2184 2561 anno
2206 2513 2409 2576 produci
2428 2529 2542 2577 pos-

1419 2584 1549 2622 sunt.
1586 2577 1749 2638 Segnis
1764 2581 1977 2633 carduus,
1996 2575 2201 2634 inutilis,
2220 2577 2543 2626 infoecundus.

1421 2639 1551 2687 Nam
1560 2639 1725 2703 segnis
1734 2655 1762 2687 a
1772 2649 1907 2688 motu
1920 2641 2135 2697 ductum,
2148 2640 2209 2688 ad
2224 2650 2385 2689 motus
2400 2641 2543 2690 effec-

1417 2712 1497 2752 tus
1512 2704 1795 2753 traducitur.
1833 2705 1912 2752 Sic
1926 2721 2084 2768 segnes
2103 2713 2240 2754 terrae
2254 2707 2374 2753 Geo.
2392 2705 2442 2765 ii,
2466 2706 2543 2763 37,

1416 2784 1526 2831 quae
1546 2783 1645 2817 non
1664 2778 1935 2826 moventur,
1957 2769 2198 2827 coluntur,
2216 2771 2433 2834 adeoque
2454 2787 2543 2819 nec

1417 2833 1583 2895 frug-es
1638 2833 1816 2881 ferunt.
1888 2837 2130 2890 Hor-reret,
2176 2850 2289 2882 cum
2342 2835 2405 2892 vi,
2452 2851 2543 2901 pro

1417 2906 1683 2952 cresceret3
1742 2906 1981 2961 quatenus
2026 2899 2225 2946 horrere
2268 2900 2429 2962 poetis
2469 2901 2543 2949 di-

1419 2970 1599 3010 cuntur
1622 2962 1783 3010 omnia
1819 2977 1927 3026 quae
1960 2971 2122 3010 erecta
2156 2972 2289 3011 stant
2316 2973 2401 3012 aut
2423 2964 2544 3012 emi-

1421 3035 1554 3084 nent,
1580 3035 1637 3074 ut
1658 3027 1747 3090 pili
1769 3027 1821 3074 in
1844 3027 2108 3074 metuentis
2140 3043 2359 3092 corpore,
2384 3028 2547 3090 itaque

1422 3105 1472 3138 et
1515 3107 1540 3139 s
1576 3091 1714 3140 inosa
1758 3091 1981 3155 virgulta.
2041 3095 2213 3140 Silvam
2255 3102 2395 3141 vocat
2439 3093 2545 3157 lap-

1421 3171 1523 3219 pas,
1542 3107 1661 3204 l’olia
1684 3165 1773 3204 etc.
1798 3165 1867 3215 ut,
1888 3173 1932 3204 v.
1960 3157 2036 3214 76,
2060 3155 2364 3220 leguminum
2386 3161 2548 3206 silvam

1419 3227 1653 3268 sonantem
1668 3240 1685 3268 .-
1732 3236 1790 3269 ea
1834 3225 1971 3279 subit,
2011 3221 2229 3270 succedit
2272 3221 2323 3270 in
2370 3223 2549 3287 seg-etis

1418 3284 1595 3332 locum.
1656 3287 1831 3348 Lappae
1853 3285 2045 3334 Plinius
2080 3285 2311 3350 ἀπαρίνην
2332 3288 2401 3336 ita
2432 3289 2547 3337 red-

1419 3348 1559 3396 didit.
1622 3351 1817 3408 Tn'bulae',
1900 3351 1995 3399 inoe
2016 3366 2187 3414 genus,
2207 3352 2258 3400 in
2284 3353 2426 3401 Italia
2449 3353 2545 3402 fre-

1420 3428 1589 3476 quens.
1648 3415 1842 3472 Lolium‚
1894 3416 2045 3464 olium
2080 3417 2401 3466 temulentum
2434 3419 2545 3466 Lin.

1421 3475 1610 3540 Infelix,
1630 3478 1809 3536 sterile,
1829 3479 2011 3542 utselt'a:
2028 3482 2173 3529 arbor
2189 3498 2279 3556 pro
2302 3483 2546 3544 frugifera.

1421 3546 1583 3591 Avena
1638 3559 1695 3590 ro
1718 3544 1946 3592 frumenti
1980 3544 2102 3592 vitio
2138 3545 2255 3592 olim
2291 3545 2469 3604 habita,
2494 3554 2550 3593 ut

1423 3616 1474 3654 et
1494 3607 1560 3653 ho
1620 3621 1731 3654 eum
1750 3607 1801 3653 in
1821 3623 1926 3654 eam
1946 3607 2244 3668 degenerare
2266 3609 2546 3666 crederent3

1423 3670 1510 3718 sed
1532 3669 1829 3734 peculiarem
1861 3671 2077 3727 herbam,
2102 3671 2177 3718 sui
2203 3671 2419 3730 seminis,
2443 3689 2549 3722 esse

1423 3735 1601 3782 docent
1618 3734 1925 3783 recentiores.
1962 3735 2389 3783 Constructionem
2412 3747 2551 3786 notes

1423 3799 1641 3848 suaviter
1664 3799 1896 3848 variatam
1931 3800 1985 3847 in
2020 3799 2185 3848 verbis
2216 3805 2446 3849 intereunt
2476 3818 2547 3850 se-

1420 3873 1581 3928 getem
1616 3881 1729 3912 cum
1746 3865 1925 3930 priora,
1951 3873 2003 3913 ut
2032 3873 2151 3913 esset
2171 3869 2548 3928 robigo—horre-

1424 3936 1509 3987 ret,
1536 3943 1565 3976 a
1586 3929 1749 3977 verbis
1784 3933 1911 3979 labor
1946 3933 2135 3978 additus
2154 3928 2407 3991 frumentis
2427 3945 2550 3994 pen-

1425 3995 1541 4041 dere
1586 3993 1792 4042 fecisset.
1870 3995 1967 4043 Sed
2014 4009 2157 4042 nemo
2202 3993 2254 4040 in
2295 3995 2553 4044 sententiis

1427 4065 1510 4168 etr
1538 4058 1838 4122 temporibus
1893 4057 2141 4106 variandis
2200 4056 2387 4108 felicior
2435 4061 2550 4110 Vir-

1425 4137 1476 4184 gi
1497 4137 1558 4169 ιο.

1499 4187 1590 4233 155
1614 4202 1717 4249 sqq.
1777 4187 1873 4234 Per
1907 4185 1958 4242 't,
1984 4185 2071 4233 sed
2106 4185 2291 4236 variata
2318 4191 2552 4252 oratione,

1428 4248 1526 4298 alia
1546 4261 1767 4313 segetum
1797 4201 1922 4298 mal·¹
1946 4265 2349 4311 commemorare3
2384 4249 2551 4319 gleba-

1427 4329 1537 4362 rum
1558 4315 1885 4372 tenacitatem,
1910 4313 2071 4362 avium
2095 4317 2305 4381 rapinas,
2331 4321 2551 4369 arbusto-

1427 4386 1539 4426 rum
1582 4379 1791 4436 umbras,
1840 4388 1890 4428 et
1928 4394 2161 4442 aquarum
2205 4382 2449 4447 inopiam:
2506 4394 2556 4433 et

1429 4441 1636 4505 singulis
1690 4443 1830 4492 malis
1886 4459 1974 4492 sua
2018 4446 2235 4494 remedia
2288 4449 2550 4510 subjungit.
