3050 4934
1225 286 1571 353 LIBER
1612 289 1715 389 μ.

481 432 682 513 Vera,
715 436 966 521 inquit3
1011 459 1226 522 neque
1255 460 1358 504 me
1389 438 1703 525 Argolica
1735 441 1819 506 de
1848 452 2043 525 gente
2076 444 2367 526 negabo:

489 536 642 602 Hoc
673 539 986 623 primum:
1033 561 1176 617 nec,
1207 542 1262 604 si
1289 542 1596 607 miserum
1624 542 1915 608 Fortuna
1942 544 2251 609 Sinonem

349 638 438 701 80
480 638 722 716 Finxit,
754 663 990 705 vanum
1015 644 1210 707 etiam
1237 643 1745 729 mendacemque
1776 645 2073 731 improba
2099 644 2329 730 finget.
2392 706 2417 721 ,

480 740 711 806 Fando
738 741 1002 825 aliquod
1033 746 1088 807 si
1118 743 1288 808 forte
1317 756 1464 809 tuas
1494 747 1793 829 pervenit
1822 746 1907 811 ad
1938 768 2131 810 aures

479 841 732 907 Belidae
761 865 994 912 nomen
1025 843 1416 922 Palamedis,
1447 857 1516 910 et
1546 845 1787 931 inclyta
1815 845 1985 911 fama

481 942 748 1021 Gloria3
795 966 988 1029 quem
1019 944 1182 1009 falsa
1212 947 1337 1010 sub
1366 946 1737 1030 proditione
1770 945 2033 1031 Pelasgi

483 1042 841 1122 Insontem,
872 1046 1140 1111 infando
1169 1048 1430 1124 indicio,
1461 1048 1617 1131 quia
1645 1046 1819 1111 bella
1841 1048 2129 1127 vetabat,

344 1144 435 1208 85
479 1144 822 1211 Demisere
855 1148 1038 1224 neci3
1083 1170 1256 1212 nunc
1285 1170 1542 1214 cassum
1570 1148 1809 1213 lumine
1840 1148 2102 1234 lugent:

477 1246 579 1311 Illi
607 1270 709 1311 me
739 1248 1058 1326 comitem,
1091 1259 1161 1313 et
1189 1251 1749 1333 consanguinitate
1780 1253 2241 1336 propinquum,

481 1347 747 1432 Pauper
772 1350 838 1412 in
866 1372 1043 1413 arma
1071 1362 1262 1435 pater
1291 1352 1512 1435 primis
1545 1352 1674 1417 huc
1702 1354 1875 1417 misit
1902 1354 1987 1418 ab
2018 1356 2225 1418 annis.

479 1448 662 1514 Dum
693 1452 911 1514 stabat
941 1472 1147 1535 regno
1175 1451 1535 1531 incolumis,
1566 1475 1923 1537 regumque
1954 1456 2215 1538 vigebat

479 1552 824 1631 Conciliis3
871 1564 940 1617 et
963 1576 1084 1618 nos
1113 1554 1379 1637 aliquod
1410 1577 1775 1640 nomenque
1807 1557 2141 1641 decusque

341 1654 436 1717 90
481 1653 848 1717 GessimuS.
913 1654 1166 1719 Invidia
1195 1667 1543 1740 postquam
1568 1655 1830 1741 pellacis
1862 1655 2047 1721 Ulixi

479 1754 710 1837 (Haud
741 1756 964 1840 ignota
991 1756 1248 1841 loquor)
1278 1758 1537 1841 superis
1566 1758 1888 1822 concessit
1916 1758 2001 1822 ab
2032 1758 2199 1834 oris3

474 1854 779 1921 Afflictus
811 1858 1006 1921 vitam
1034 1858 1101 1921 in
1130 1858 1416 1923 tenebris
1445 1857 1757 1942 luctuque
1788 1858 2151 1935 trahebam,

477 1957 570 2021 Et
599 1980 822 2023 casum
851 1959 1124 2023 insontis
1155 1981 1408 2024 mecum
1435 1959 1825 2043 indignabar
1854 1959 2059 2022 amici.

295 2188 420 2229 tum.
465 2176 724 2234 Praeterea,
739 2186 797 2225 ut
807 2175 956 2225 animi
972 2176 1274 2225 audientium
1291 2186 1428 2225 tanto

297 2242 462 2306 magis
481 2241 750 2305 capiantur,
766 2241 912 2289 etiam
935 2241 1296 2289 miserationem
1321 2256 1424 2289 mo·-

294 2316 410 2362 vet:
447 2305 672 2379 inprimis
685 2322 731 2354 v.
761 2304 851 2355 137
872 2322 992 2369 sqq..
1016 2321 1136 2368 quos
1158 2304 1264 2353 sine
1289 2314 1422 2353 motu

296 2370 452 2419 animi
477 2385 562 2418 vut
581 2369 820 2434 perlegas.
879 2370 1088 2430 Videtur
1116 2370 1220 2418 haec
1253 2369 1422 2427 oratio,

295 2434 398 2483 nisi
432 2450 496 2483 ex
719 2434 766 2483 ia
799 2442 875 2482 est
906 2435 1066 2492 ducta,
1092 2442 1192 2483 tota
1215 2434 1276 2482 V'
1342 2433 1424 2483 'lio

293 2498 482 2548 deberi.
537 2500 714 2547 Cuncta
732 2496 924 2559 ,fatebor
955 2514 1077 2556 vera,
1107 2512 1220 2546 vere
1235 2516 1248 2555 ς
1263 2450 1424 2560 wer-lt

295 2566 618 2626 quodcunque,
639 2562 686 2610 h.
708 2578 749 2610 e.
769 2561 998 2626 quicquid
1017 2562 1248 2619 evenerit,
1273 2561 1418 2610 mihi-

297 2644 396 2691 que
417 2627 597 2677 exinde
615 2626 862 2675 acciderit.
896 2628 1034 2675 Bene
1057 2627 1192 2675 Serv.
1215 2630 1420 2689 quicun-

296 2710 384 2755 que
405 2709 476 2741 ne
493 2699 714 2754 osquam
731 2698 927 2739 mm.

365 2758 444 2815 79,
469 2758 546 2805 8⁰.
579 2758 686 2805 Hoc
765 2759 916 2812 imam,
939 2772 1006 2803 sc.
1022 2770 1194 2804 verum
1218 2755 1418 2804 fatebor.

297 2822 382 2869 Sic
397 2822 566 2883 junge.
625 2820 702 2868 Re
725 2820 838 2883 ‘qua
859 2834 920 2867 ex
943 2818 1096 2868 Accio
1122 2819 1174 2867 in
1203 2820 1424 2883 Telepho

295 2894 474 2943 sumta,
503 2884 758 2933 Macrobio
785 2892 910 2932 teste
947 2884 1048 2933 Sat.
1073 2883 1138 2941 vi,
1165 2886 1206 2943 1,
1231 2886 1354 2931 Nam
1379 2887 1424 2931 rt·

296 2968 328 2997 a
361 2967 432 2998 ne
463 2966 654 3013 regnam
685 2950 892 2996 Fortuna
923 2956 1059 3010 atque
1091 2965 1195 3011 opes
1227 2952 1422 3009 Eripere

295 3017 458 3076 quivit,
483 3022 536 3062 at
553 3018 769 3062 virtum
790 3030 880 3060 m
899 3016 1032 3075 quiit-

363 3080 573 3127 81—85.
609 3080 770 3125 Fando
793 3077 842 3125 h.
867 3093 910 3125 e.
937 3076 1192 3132 narrando,
1216 3076 1422 3125 aliorum

293 3142 594 3191 narratione.
644 3140 875 3189 Formula
901 3140 1088 3189 exordii
1119 3140 1266 3189 etiam
1292 3156 1320 3189 a
1357 3138 1424 3188 ud

293 3208 418 3257 alios
455 3207 614 3256 obvia.
671 3208 832 3253 Gloria
867 3208 1044 3268 inclyta
1081 3204 1270 3266 adjecto
1318 3222 1422 3252 ama

294 3282 524 3321 ornamm
556 3280 646 3321 est.
697 3272 886 3333 Pelasgi
915 3270 963 3317 h.
987 3269 1020 3317 l.
1049 3268 1240 3326 Achivi,
1268 3268 1418 3317 serio-

295 3354 407 3387 rum
451 3338 738 3386 Graecorum
777 3349 928 3382 more.
997 3334 1129 3381 Nam
1173 3333 1422 3381 Homerus

293 3416 550 3465 nunquam
587 3400 684 3449 ita:
721 3398 944 3461 agnoscit
981 3397 1065 3446 ille
1103 3406 1292 3447 tantum
1326 3398 1418 3445 Pe-

293 3466 460 3529 lasgos
481 3466 534 3514 in
557 3462 812 3513 Thessalia
849 3462 1094 3511 Larissam
1137 3460 1420 3518 incolentes,

296 3531 442 3579 Iliad.
463 3535 514 3588 β,
537 3532 658 3579 840:
695 3543 842 3593 porro
855 3527 1087 3590 Pelasgos
1107 3525 1236 3573 intei-
1248 3526 1418 3587 TroJa·

297 3610 478 3644 norum
500 3594 657 3643 socios
677 3608 792 3641 cum
815 3591 1092 3655 Lelegibus,
1118 3588 1426 3638 Cauconibus

294 3670 348 3709 et
372 3657 499 3718 aliis,
535 3658 676 3707 Iliad.
700 3676 744 3714 κ,
769 3658 879 3705 429.
935 3658 1074 3704 Bella
1101 3657 1300 3711 vetabat,
1324 3653 1424 3702 dis-

295 3724 534 3773 suadebat
553 3722 734 3772 bellum
747 3731 800 3769 et
811 3718 1226 3797 oppugnationem
1249 3718 1424 3780 Trojae.

295 3792 556 3837 Demittere
569 3791 684 3844 neci,
706 3796 962 3849 exquisite,
978 3783 1040 3832 ad
1055 3780 1426 3831 similitudinem

298 3853 504 3903 alterius
537 3852 718 3908 formae,
742 3854 980 3899 demittere
1015 3851 1146 3905 Orco,
1164 3849 1348 3904 umbris,
1373 3846 1421 3893 h.

297 3934 338 3967 e.
380 3918 444 3967 ad
481 3918 586 3966 loca
628 3916 796 3973 infera,
839 3930 900 3963 ex
943 3912 1226 3969 Homerico,
1267 3908 1428 3972 ψυχὰέ

295 3982 390 4031 m:
406 3980 648 4043 προΐαψεν.
683 3982 826 4027 Falsa
840 3982 924 4027 aab
939 3980 1196 4039 proditione
1209 3976 1256 4023 h.
1277 3990 1318 4022 e.
1335 3974 1426 4022 sub

297 4046 424 4094 falso
461 4045 668 4093 crimine
691 4042 996 4107 proditionis,
1021 4050 1077 4089 ut
1108 4042 1233 4087 bene
1257 4040 1424 4093 Serv.;

297 4126 416 4159 nam
437 4109 606 4158 literas
630 4111 734 4171 ejus
757 4108 820 4155 ad
843 4107 1092 4155 Priamum
1109 4104 1260 4161 datas,
1285 4102 1370 4151 sed
1395 4117 1424 4149 a

295 4191 354 4223 sc
383 4174 538 4231 fictas,
571 4172 842 4247 protulerat
869 4172 1084 4243 Ulysses.
1139 4171 1328 4216 Cassum
1351 4168 1422 4213 la-

297 4245 897 4364 Raegzvgtgrgsffii
919 4232 1424 4370 ἕῑιίιιῑιιειᾳςυῖἰεῖἰιάεὲῗίῗζ

331 4366 530 4415 uoniam
553 4368 660 4429 ejus
681 4364 792 4413 avia
813 4366 1104 4426 Amymone,
1129 4362 1288 4408 Danaa
1309 4358 1423 4415 mm,

379 4430 414 4479 li
455 4430 632 4495 neptis.
683 4430 808 4484 Quae
845 4428 908 4476 ad
929 4428 976 4475 h.
1014 4427 1044 4473 l.
1086 4422 1428 4473 illustrandum

301 4495 498 4553 faciam,
531 4504 738 4559 possunt
767 4493 872 4541 fere
905 4507 968 4541 ex
1001 4488 1144 4539 Ovid.
1174 4488 1296 4537 Met.
1321 4486 1426 4541 xiii,

1492 2178 1687 2225 56--60
1729 2177 1833 2242 peti
1860 2194 1873 2233 ς
1925 2176 2021 2226 nisi
2074 2176 2204 2239 quod
2254 2176 2323 2226 ibi
2376 2176 2471 2227 alia
2514 2179 2615 2229 odii

1491 2257 1651 2291 causa.

1556 2306 1633 2364 86,
1661 2305 1736 2356 87.
1776 2306 1854 2353 Ita
1882 2304 2050 2370 plures
2076 2307 2207 2381 apud
2231 2306 2506 2355 Homerum
2528 2324 2611 2356 co-

1489 2369 1633 2419 mites
1655 2369 1759 2417 dati
1780 2369 2023 2419 heroibus.
2074 2370 2157 2419 Sic
2180 2370 2363 2419 Achilli
2386 2371 2611 2429 thnix,

1490 2434 1633 2496 Ajaci
1667 2433 1953 2481 Telamonio
1993 2434 2195 2483 Teucer.
2247 2437 2435 2497 Pauper
2448 2454 2465 2482 .-
2499 2450 2609 2483 ver-

1489 2513 1573 2547 sus
1604 2498 1798 2545 eximia·
1827 2498 1973 2547 artis:
2012 2498 2073 2546 cf.
2104 2496 2190 2546 inf.
2236 2498 2307 2555 iii,
2341 2498 2438 2545 ⁶14
2465 2514 2535 2560 sq.
2562 2508 2613 2545 et

1487 2562 1811 2626 copiosiorem
1840 2561 2001 2609 locum
2024 2560 2169 2609 ovid.
2207 2562 2329 2610 Met.
2354 2561 2425 2619 iii,
2450 2564 2613 2609 68³—

1488 2628 1599 2676 596.
1643 2626 2123 2682 Misitheus-mne.
2146 2625 2417 2675 adbellum.
2466 2626 2611 2681 Quod

1481 2700 1621 2753 pater
1638 2706 1819 2753 pauper
1838 2698 1929 2747 est,
1954 2690 2017 2737 ad
2046 2689 2473 2753 amplificationem
2500 2690 2609 2739 Ho-

1488 2755 1685 2803 mericae
1713 2753 1925 2803 similem
1954 2754 2197 2817 pertinen
2234 2754 2307 2802 uti
2328 2753 2440 2803 aliis
2460 2754 2515 2802 in
2534 2753 2607 2803 lo-

1487 2818 1573 2877 cis,
1598 2818 1727 2881 quod
1752 2826 1892 2879 pater
1922 2820 2046 2866 dives
2065 2829 2167 2875 est3
2204 2834 2295 2866 nec
2312 2817 2366 2865 in
2384 2833 2445 2867 co

1490 2883 1703 2933 tandum.
1754 2885 1929 2931 Primis
1950 2885 2011 2930 ab
2026 2886 2176 2940 Μία,
2196 2884 2261 2931 ab
2281 2881 2423 2931 initio
2444 2884 2505 2931 be
2546 2882 2557 2893 ¹

1554 2950 1631 3005 88,
1656 2949 1733 2997 89.
1768 2950 1891 2995 Dum
1911 2950 2067 2996 stabat
2088 2963 2227 3010 regno
2254 2948 2491 2995 §ned-m
2514 2947 2607 2995 Pa-

1485 3012 1715 3061 lamedes.
1772 3010 1959 3061 Durior
1990 3011 2172 3061 oratio:
2208 3010 2327 3059 dum
2366 3019 2473 3059 erat
2502 3008 2611 3073 ipse

1485 3075 1759 3135 incolumis,
1781 3093 1933 3139 regno,
1952 3090 2043 3140 per
2061 3090 2283 3139 regnum,
2306 3074 2354 3123 h.
2376 3090 2418 3123 e.
2443 3082 2607 3138 potes-

1487 3150 1637 3189 tatem
1676 3156 1762 3190 seu
1808 3140 2147 3189 auctoritatem
2184 3154 2331 3202 quam
2370 3138 2607 3195 habebam

1486 3213 1573 3253 aut
1593 3208 1701 3253 dum
1722 3222 1909 3268 regnam
1930 3204 2031 3266 ejus
2050 3208 2221 3261 stabat,
2236 3212 2355 3261 erat,
2374 3206 2607 3261 incolume,

1487 3281 1545 3318 ut
1562 3286 1751 3331 regnam
1782 3269 1848 3317 sit
1878 3268 2140 3317 auctoritas
2162 3284 2259 3330 qua
2277 3268 2385 3331 quis
2404 3282 2609 3330 reg-nare

1485 3332 1686 3382 dicitur:
1724 3333 1955 3395 quamdiu
1978 3332 2063 3381 ille
2098 3344 2205 3381 erat
2224 3330 2457 3381 incolumi
2480 3331 2611 3380 inter

1486 3406 1687 3445 caeteros
1708 3397 2007 3445 Achivorum
2033 3396 2282 3460 principes
2301 3394 2605 3453 auctoritate,

1484 3461 1617 3509 unde
1646 3460 1731 3509 ille
1756 3476 1947 3524 quoque
1974 3464 2173 3522 vigebat,
2196 3459 2401 3515 valebat,
2422 3458 2475 3505 in
2501 3474 2607 3505 eon-

1487 3528 1610 3574 ciliis
1651 3541 1809 3587 regum
1822 3544 1839 3579 ,-
1888 3524 2037 3571 etiam
2083 3538 2174 3585 ego
2216 3530 2417 3585 propter
2461 3520 2605 3568 Pala-

1490 3588 1647 3637 medis
1676 3587 2015 3651 cognationem
2048 3585 2102 3632 in
2132 3584 2294 3645 aliqua
2327 3582 2609 3644 dig-natione

1491 3653 1561 3701 fui
1601 3651 1811 3700 habitus.
1881 3651 2082 3697 Summa
2124 3656 2287 3721 autem
2332 3644 2609 3721 Palamedis

1490 3710 2313 3839 ffimsspmfflxmfflmppe
2330 3724 2611 3847 ettam

1491 3844 1680 3907 ἀνδροῖν,
1706 3851 1756 3891 et
1776 3842 2038 3889 multarum
2066 3854 2247 3895 rerum,
2272 3838 2419 3886 etiam
2440 3836 2607 3885 litera-

1487 3924 1614 3966 rum,
1658 3905 1871 3956 inventis
1922 3898 2233 3951 clarissimus.
2303 3900 2468 3949 Etiam
2522 3914 2611 3948 nos

1491 3974 1677 4034 aliquod
1718 3986 1873 4018 nomen
1910 3984 1969 4015 ac
2004 3970 2153 4024 decas,
2192 3966 2241 4013 h.
2282 3981 2324 4013 e.
2356 3965 2609 4022 honorem,

1486 4034 2015 4169 ἕσῗθῗῗόἓὼιξᾞ
2030 4158 2041 4169 ⁰
2062 4094 2265 4157 Ulysses
2320 4090 2611 4165 exquisitius

1488 4161 2107 4283 ffiffiofflssf‘mffinssss,
2128 4154 2609 4281 fflffiffimpfffhssk

1485 4297 1614 4355 peris
1636 4294 1695 4339 ab
1718 4294 1825 4345 oris,
1856 4304 1885 4336 e
1908 4288 2023 4345 vita,
2046 4286 2109 4334 ad
2130 4286 2237 4333 loca
2269 4284 2439 4334 infera.
2496 4284 2611 4331 Vas.

1491 4358 1571 4413 92,
1606 4358 1684 4412 93,
1718 4350 1907 4417 pulchri
1940 4366 2125 4399 versus.
2193 4353 2253 4398 In
2284 4352 2497 4405 tenebris,
2532 4347 2609 4395 in-

1491 4420 1654 4468 clusus
1692 4417 1838 4473 domi,
1874 4415 2039 4465 vitatis
2071 4414 2325 4463 hominum
2357 4410 2609 4462 conventi-
