3050 4934
1162 254 1503 320 LIBER
1552 254 1736 320 XII.

2471 250 2594 312 631

428 446 435 455 -
464 399 755 479 Excidit,
785 412 983 487 atque
1014 425 1199 468 novae
1229 404 1485 491 rediere
1513 405 1582 467 in
1612 403 1884 486 pristina
1913 404 2104 466 vires.

291 499 423 564 425
466 499 671 566 Arma
701 503 813 566 citi
841 515 1191 588 properate
1220 505 1393 568 viro!
1457 502 1639 574 Quid
1675 503 1903 566 statis?
1954 502 2130 585 Iapis

463 600 861 680 Conclamat,
892 605 1269 688 primusque
1298 603 1545 668 animos
1577 603 1874 666 accendit
1900 602 1966 664 in
1995 601 2270 665 hostem.

463 701 621 765 Non
650 701 791 767 haec
822 704 1119 770 humanis
1148 705 1407 788 opibus,
1440 725 1571 765 non
1601 712 1740 764 arte
1771 703 2101 784 magistra,

468 801 903 868 Proveniantz
949 826 1163 886 neque
1193 815 1284 878 te,
1316 803 1561 878 AEnea,
1591 823 1734 864 mea
1766 801 2040 864 dextera
2071 811 2322 878 servat3

466 901 686 986 Major
714 906 849 987 agit
877 905 1068 980 deuS,
1100 914 1296 986 atque
1326 923 1526 984 opera
1556 902 1640 964 ad
1671 902 1917 983 majora
1945 901 2235 964 remittit.

294 1001 424 1064 430
466 1001 581 1066 Ille
612 1004 840 1067 avidus
869 1025 1107 1088 pugnae
1140 1024 1325 1066 suras
1356 1000 1708 1065 incluserat
1735 1021 1898 1062 auro

467 1102 642 1166 Hinc
672 1112 867 1187 atque
897 1103 1072 1179 hinc,
1104 1103 1371 1185 oditque
1400 1121 1639 1175 moraS,
1668 1099 2052 1181 hastamque
2082 1109 2404 1162 coruscat.

470 1201 827 1286 Postquam
856 1203 1089 1267 habilis
1117 1202 1307 1266 lateri
1338 1199 1586 1283 clipeus
1614 1198 1944 1282 loricaque
1975 1209 2163 1283 tergo
2192 1209 2330 1274 est3

467 1300 825 1367 Ascanium
852 1303 1015 1366 fusis
1044 1302 1285 1366 circum
1314 1297 1766 1382 complectitur
1792 1300 2011 1375 armis,

470 1401 860 1485 Summaque
884 1425 1008 1486 per
1036 1399 1287 1485 galeam
1318 1398 1613 1462 delibans
1645 1397 1868 1462 oscula
1896 1397 2105 1469 fatur:

297 1503 426 1566 435
469 1501 697 1578 Disce,
726 1524 917 1585 puer,
946 1503 1251 1565 virtutem
1280 1521 1363 1564 ex
1393 1521 1517 1574 me,
1551 1520 1904 1581 verumque
1931 1497 2257 1573 laborem;

469 1602 826 1666 Fortunam
852 1622 937 1666 ex
965 1600 1129 1665 aliis.
1204 1599 1403 1665 Nunc
1434 1609 1499 1662 te
1526 1619 1673 1662 mea
1700 1598 1974 1662 dextera
2003 1596 2176 1662 bello

470 1701 835 1766 Defensum
864 1702 1069 1778 dabit,
1102 1711 1169 1764 et
1196 1721 1431 1784 magna
1458 1700 1630 1762 inter
1658 1699 1922 1781 praemia
1952 1699 2172 1763 ducet.

474 1801 585 1866 Tu
616 1802 835 1878 facito,
865 1823 1019 1866 mox
1047 1823 1194 1865 cum
1220 1809 1475 1864 matura
1502 1797 1860 1866 adoleverit
1887 1810 2070 1875 aetas,

478 1900 581 1964 Sis
612 1924 877 1977 memor,
908 1913 977 1965 et
1004 1911 1097 1978 te,
1129 1902 1341 1964 animo
1370 1909 1774 1982 repetentem
1803 1898 2104 1983 exempla
2131 1909 2413 1976 tuorum,

300 2001 431 2064 440
475 2000 570 2065 Et
600 2012 789 2084 pater
816 2001 1088 2078 AEneas,
1115 2012 1183 2066 et
1210 1996 1568 2064 avunculus
1597 2000 1840 2064 excitet
1869 1999 2145 2063 Hector.

562 2100 729 2165 Haec
760 2103 874 2166 ubi
900 2102 1074 2165 dicta
1104 2101 1309 2176 dedit,
1341 2100 1550 2184 portis
1582 2121 1726 2163 sese
1757 2099 1990 2163 extulit
2019 2101 2274 2182 ingens,

477 2200 717 2266 Telum
744 2202 1017 2265 inunane
1048 2222 1243 2264 manu
1270 2200 1605 2282 quatiens:
1656 2197 1841 2263 simul
1871 2200 2124 2282 agmine
2153 2199 2362 2262 denso

477 2299 913 2384 Antheusque
948 2299 1469 2382 Mnestheusque
1500 2309 1732 2375 ruunt;
1781 2300 2114 2382 omnisque
2145 2297 2386 2363 relictis

477 2400 713 2465 Turba
741 2401 885 2464 fluit
914 2401 1166 2465 castris.
1242 2398 1417 2463 Tum
1447 2419 1622 2462 caeco
1653 2397 1918 2481 pulvere
1948 2419 2215 2482 campus

306 2503 435 2564 445
480 2501 824 2577 Miscetur,
856 2501 1179 2584 pulsuque
1211 2499 1455 2584 pedum
1484 2499 1702 2561 tremit
1730 2499 1943 2561 excita
1973 2497 2184 2563 tellus.

482 2601 671 2666 Vidit
700 2601 785 2666 ab
813 2602 1090 2666 adverso
1118 2601 1451 2664 venientes
1480 2620 1722 2682 aggere
1754 2597 2050 2674 TurnuS,

375 2802 485 2848 425.
522 2800 905 2850 Exclamationis
934 2801 1206 2876 repentine
1227 2801 1327 2848 vim
1360 2801 1430 2848 fa-

310 2864 615 2977 ἓὲῆὲἱοὲιιζιε.
698 2865 964 2928 Egregium
1008 2863 1301 2912 narrationis
1343 2863 1434 2911 hoc

376 2993 489 3049 428,
504 2993 615 3040 429.
647 2993 941 3048 Proveniant,
958 3006 1049 3066 pro
1072 2991 1274 3054 vulg-ari,
1296 2991 1433 3048 fiunt,

312 3055 560 3103 eveniunt.
616 3058 748 3118 Agit,
772 3070 871 3102 non
898 3054 1083 3118 accipio
1113 3071 1227 3102 cum
1249 3055 1433 3111 Servio,

310 3118 501 3240 Αὶιοίἰο
515 3117 631 3165 facit
647 3119 765 3172 hec,
790 3133 903 3166 nam
924 3118 976 3165 id
1006 3128 1181 3173 tenue,
1212 3119 1299 3166 sed
1321 3137 1433 3178 προ-
1497 3117 1674 3165 cundae
1692 3133 1868 3181 exemp

406 3199 487 3229 τοι
526 3181 676 3229 mittit
704 3181 767 3230 ad
792 3196 1022 3244 pugnam,
1044 3181 1271 3237 concitat,
1306 3180 1436 3228 idem

316 3245 449 3308 quod
470 3261 585 3292 mox
606 3249 814 3292 remitti&

380 3311 557 3356 430—
569 3310 679 3355 432.
733 3307 867 3355 Mira
909 3305 1155 3355 festinatio
1200 3305 1349 3353 etiam
1388 3305 1439 3352 in

318 3372 505 3426 AEnea3
546 3381 597 3418 et
627 3370 859 3435 praeclare
894 3379 1088 3432 tempus
1122 3367 1439 3432 praeteritum,

317 3439 580 3482 mciuoerat.
652 3437 741 3482 Est
783 3435 953 3482 habitu
995 3435 1149 3489 lateo-⁸3
1191 3431 1347 3492 ἅρηρε,
1390 3429 1443 3478 εὖ

317 3497 487 3560 ἀρηρός
520 3495 719 3560 (ἐστιν),
753 3497 977 3558 ἥρμοστο,
1012 3496 1091 3544 vel
1124 3504 1181 3543 ut
1215 3494 1355 3542 Iliad.
1385 3510 1437 3554 γ,

318 3564 431 3618 332,
454 3561 565 3618 333,
598 3560 773 3607 thorax
798 3559 855 3621 ἦρ
854 3575 975 3618 uoce
998 3561 1037 3606 δ’
1064 3559 1205 3620 norw,
1228 3557 1356 3606 sedit
1386 3557 1440 3604 in

314 3639 533 3689 corpore,
556 3625 647 3671 ada
648 3632 797 3686 ptam,
821 3622 997 3670 habilis
1030 3621 1222 3670 reddita
1254 3630 1332 3669 est
1364 3621 1437 3668 lo-

315 3690 419 3737 rica
456 3687 661 3751 corpori.
732 3689 923 3736 flabilis
964 3689 1099 3734 hasta
1140 3700 1291 3760 supra
1332 3684 1439 3742 fuit,

318 3767 427 3815 quae
448 3766 598 3799 manu
628 3750 769 3799 facile
792 3749 975 3807 haberi,
1010 3748 1221 3808 tractari,
1250 3757 1437 3811 potest·

316 3819 473 3874 lorica,
516 3830 625 3877 quae
667 3813 899 3862 membris
942 3813 1193 3861 commode
1236 3827 1437 3875 respon-

321 3880 419 3927 det.

380 3944 477 3990 4³3
510 3957 612 4003 sqq.
659 3939 1091 3988 Eminentissimus
1122 3940 1257 3987 locus
1288 3937 1442 4013 patris

316 4004 507 4061 affectu,
544 4002 800 4052 sententiae
834 4003 1087 4064 gravitate,
1122 4003 1187 4060 vi,
1222 4019 1277 4050 ac
1314 4002 1440 4050 veri-

319 4077 447 4122 «διες
482 4081 691 4128 quocum
720 4067 1047 4128 comparanda
1077 4066 1185 4114 loca
1215 4065 1441 4128 pulcher-

320 4129 457 4186 rima,
481 4130 695 4193 primum
720 4129 953 4177 Hectoris
975 4128 1037 4177 ad
1063 4145 1273 4192 puerum
1294 4130 1443 4192 Asty-

320 4201 543 4241 anactem
580 4194 728 4241 verba
774 4192 913 4240 Iliad.
962 4190 1003 4251 ζ,
1048 4193 1243 4254 474sq

1502 2803 1650 2847 boren·
1672 2799 1732 2846 de
1765 2799 1873 2862 ipsa
1894 2799 2071 2849 laboris
2105 2800 2405 2858 toleratione,
2433 2801 2623 2865 patien-

1501 2862 1584 2920 tia,
1622 2863 1856 2938 καρτερίᾳ,
1894 2863 2093 2926 ἀνδρείᾳ.
2159 2864 2304 2912 Dixit
2337 2873 2500 2913 autem
2535 2881 2625 2940 pro

1500 2898 1716 2988 vuigm.
1753 2925 1886 2974 disce
1910 2942 1972 2975 ex
2003 2943 2084 2975 me
2111 2942 2276 2976 veram
2308 2929 2540 2978 virtutem
2572 2929 2624 2976 in

1502 2989 1753 3038 tolerando
1781 2990 1960 3049 labore,
1985 2992 2264 3066 exemplum
2282 3008 2410 3041 νει-ιιι
2430 2992 2627 3041 virtutis

1500 3069 1579 3102 me
1602 3053 1689 3102 tibi
1721 3054 1847 3103 habe
1904 3055 2200 3119 ropositum;
2236 3065 2286 3104 at
2317 3056 2524 3104 fortunae
2545 3071 2622 3105 se-

1934 3128 2048 3182 pete
2067 3121 2128 3168 ab
2147 3119 2269 3168 aliis
2311 3120 2484 3168 Altero
2505 3119 2626 3176 loco,

1501 3183 1754 3227 Fortunam
1774 3197 1831 3228 ex
1863 3185 1986 3239 aliu,
2011 3183 2298 3231 vocabulum
2331 3187 2504 3232 discere
2528 3198 2627 3230 non

1504 3257 1640 3302 aeque
1664 3243 1949 3317 appositum
1963 3254 2081 3293 erat.
2131 3246 2308 3293 Forma
2331 3255 2494 3294 tamen
2517 3261 2624 3294 ora-

1505 3305 1655 3352 tionis
1677 3305 1791 3352 inde
1808 3306 1976 3354 existit
1993 3307 2284 3379 exquisitior
2301 3324 2391 3371 pro
2409 3308 2626 3370 vulg-ari.

1505 3376 1644 3414 utere
1677 3368 1871 3415 fortuna
1893 3368 2093 3418 meliore
2115 3385 2261 3432 quam
2283 3387 2374 3432 ego
2398 3381 2630 3434 expertus

1506 3446 1629 3478 sum.

1569 3493 1680 3543 437.
1737 3493 1984 3556 Defensum
2037 3499 2184 3552 dabit,
2241 3513 2332 3559 pro
2384 3495 2627 3544 defendet.

1504 3558 1684 3619 Magna
1724 3561 1844 3606 inter
1889 3563 2086 3632 panis
2128 3563 2277 3616 ducet,
2322 3575 2412 3622 per
2455 3574 2632 3620 magna

1506 3619 1620 3668 belli
1667 3620 1856 3678 decora,
1899 3622 2138 3670 victorias.
2217 3621 2388 3684 Friget
2423 3622 2632 3670 aliorum

1504 3682 1870 3794 {lntferpfetatim
1906 3701 2084 3747 magno
2105 3686 2264 3749 pretio
2285 3686 2488 3744 habebo,
2510 3684 2554 3734 si
2581 3695 2631 3734 te

1541 3763 1566 3795 e
1588 3762 1650 3794 en
1685 3761 1768 3793 ero

1571 3811 1844 3857 438—440.
1871 3809 2056 3859 Versus
2077 3812 2228 3870 aurei,
2251 3811 2488 3876 infigendi
2509 3827 2630 3875 pue-

1505 3889 1674 3923 rorum
1710 3873 1887 3921 animis
1929 3874 2104 3936 quibus
2146 3875 2361 3924 illustres
2404 3885 2633 3949 parentes

1505 3936 1850 4010 providentiae·
1853 3952 2053 4010 munere
2059 3938 2398 4013 contigerunt.
2437 3938 2634 3988 Similes

1508 4010 1663 4058 erant,
1685 4016 1792 4064 sup.
1817 3999 1888 4057 iii,
1913 4003 2022 4060 342,
2056 4002 2110 4050 in
2132 4002 2499 4052 Andromaches
2521 4017 2630 4050 ver-

1507 4064 1586 4114 bis
1609 4065 1671 4112 de
1694 4063 1921 4112 Ascanio.

1575 4131 1687 4186 444,
1720 4129 1832 4176 445.
1876 4127 2092 4190 Vulgare
2124 4137 2226 4176 est.
2263 4129 2425 4203 pulvis
2457 4128 2632 4177 misce-

1290 4200 1448 4249 ,tum
1513 4205 1608 4250 tur,
1632 4194 1854 4240 turbatur
1883 4191 1936 4240 in
1957 4207 2156 4255 campo.
2194 4201 2244 4240 et
2275 4192 2390 4255 quia
2411 4193 2638 4242 obscurat

323 4256 491 4318 Aiacis
514 4255 575 4303 ad
598 4255 898 4320 Eurysacem
916 4255 1047 4319 apud
1069 4255 1294 4319 Sophocl.
1324 4255 1447 4306 1647
1513 4270 1693 4312 aerem,
1715 4255 1830 4302 hinc
1854 4270 2037 4311 caecus;
2066 4264 2123 4304 ut
2143 4255 2268 4304 solet
2283 4266 2428 4320 poeta
2449 4271 2540 4319 pro
2561 4271 2636 4314 eo,

323 4335 503 4441 ιίιὶι1-36,
527 4383 637 4432 436.
681 4385 845 4432 Verum
878 4385 1088 4431 laborem.
1141 4381 1349 4445 Accipio
1378 4385 1449 4428 Ia-

1516 4317 1600 4381 qui
1635 4316 1792 4366 visum
1824 4317 1985 4380 eripit,
2009 4333 2190 4367 caecum
2217 4319 2392 4368 dicere.
2449 4321 2634 4376 Eccita,

1517 4381 1707 4429 doctius
1729 4395 1874 4442 quam
1895 4381 2098 4430 concita.
