3050 4934
539 267 669 331 250

1429 259 1961 330 AENEIDOS

711 415 1111 501 corripiunt,
1147 415 1468 500 spirisque
1498 413 1703 499 ligant
1730 415 2137 498 ingentibus:
2168 425 2239 482 et
2256 416 2397 500 jam

711 517 826 581 Bis
857 518 1140 582 medium
1169 516 1472 602 amplexi,
1501 517 1603 582 bis
1631 515 1795 580 collo
1828 537 2137 602 squamea
2162 517 2405 584 circum

707 618 934 703 Terga
959 618 1122 695 dati,
1153 628 1468 703 superant
1495 619 1709 702 capite
1740 627 1809 682 et
1836 617 2195 682 cervicibus
2226 618 2395 686 altis.

534 721 664 783 220
709 719 827 784 Ille
860 720 1047 785 simul
1077 721 1372 784 manibus
1404 719 1617 784 tendit
1642 717 1949 784 divellere
1980 719 2215 796 nodos,

705 819 1027 885 Perfusus
1059 822 1238 885 sanie
1269 822 1462 884 vittas
1493 830 1769 903 atroque
1796 841 2083 897 venen03

705 921 1038 986 Clamores
1073 921 1262 985 simul
1287 920 1657 986 horrendos
1687 921 1773 986 ad
1804 920 2021 986 sidera
2050 921 2255 986 tollit:

704 1021 938 1095 Qualis
967 1023 1278 1105 mugitus,
1309 1021 1479 1104 fugit
1508 1042 1709 1104 quum
1738 1025 1995 1088 saucius
2026 1045 2205 1086 aram

701 1123 994 1201 Taurus,
1022 1134 1091 1188 et
1120 1124 1433 1187 incertam
1461 1124 1753 1187 excussit
1780 1124 2031 1188 cervice
2058 1124 2355 1189 securim.

527 1225 659 1289 225
702 1223 800 1289 At
829 1225 1067 1309 gemini
1095 1223 1286 1308 lapsu
1314 1222 1591 1288 delubra
1618 1224 1703 1288 ad
1734 1247 1981 1288 summa
2006 1225 2325 1290 dracones

705 1326 1078 1410 Effugiunt,
1111 1345 1432 1408 saevaeque
1460 1335 1696 1408 petunt
1726 1325 2091 1390 Tritonidis
2118 1347 2369 1402 arcem3

705 1427 847 1491 Sub
876 1427 1288 1512 pedibusque
1319 1426 1465 1490 deae
1493 1424 1815 1511 clipeique
1846 1427 1971 1491 sub
1998 1427 2155 1492 orbe
2187 1434 2518 1510 teguntur.

697 1527 876 1593 Tum
904 1550 1062 1593 vero
1091 1527 1472 1592 tremefacta
1500 1549 1710 1592 novus
1742 1549 1862 1611 per
1885 1537 2156 1612 pectora
2184 1528 2435 1592 cunctis

703 1629 999 1694 Insinuat
1027 1650 1268 1713 pavor3
1313 1637 1384 1693 et
1413 1626 1625 1693 scelus
1654 1630 2051 1714 expendisse
2078 1641 2435 1696 merentem

524 1730 656 1796 230
700 1730 1080 1796 Laocoonta
1110 1729 1353 1807 ferunt,
1387 1751 1645 1794 sacrum
1674 1731 1787 1814 qui
1816 1730 2089 1816 cuspide
2120 1732 2323 1796 robur

700 1833 1004 1909 Laeserit,
1034 1841 1102 1897 et
1133 1843 1322 1915 tergo
1353 1829 1735 1896 sceleratam
1762 1833 2096 1896 intorserit
2123 1831 2401 1898 hastam.

700 1932 1098 1998 Ducendum
1125 1933 1211 1997 ad
1243 1933 1436 1997 sedes
1467 1931 1901 2010 simulacrum,
1932 1933 2309 2018 orandaque
2336 1933 2505 1999 divae

696 2035 986 2098 Numina
1015 2032 1438 2100 conclamant.

693 2131 1064 2199 Dividimus
1093 2156 1314 2198 muros
1321 2182 1355 2212 ,-
1370 2145 1440 2198 et
1467 2136 1707 2198 moenia
1736 2135 2081 2219 pandimus
2110 2137 2315 2200 urbis.

521 2235 651 2300 235
694 2233 1072 2320 Accingunt
1100 2257 1322 2300 omnes
1354 2236 1561 2319 operi,
1590 2237 2003 2320 pedibusque
2030 2248 2323 2302 rotarum

691 2336 1062 2421 Subjiciunt
1088 2336 1338 2421 lapsuS,
1369 2347 1438 2401 et
1467 2347 1748 2421 stuppea
1778 2336 2033 2402 vincula
2061 2337 2227 2402 collo

691 2437 1071 2502 Intendunt.
1151 2437 1424 2504 Scandit
1453 2436 1667 2502 fatalis
1692 2437 1989 2502 machina
2014 2461 2258 2518 muros,

579 2639 826 2696 218,219.
861 2639 950 2685 Bia
985 2637 1258 2685 circundata·
1289 2637 1402 2684 eollo
1426 2651 1638 2698 squamea

514 2711 586 2750 ter
661 2721 678 2748 .·
724 2715 838 2750 cum
880 2710 1084 2763 uterque
1127 2714 1330 2764 serpens
1367 2715 1547 2764 corpus
1590 2709 1641 2748 et

513 2782 572 2814 co
609 2780 694 2814 um
715 2767 835 2827 ejus,
853 2765 904 2813 h.
920 2781 962 2813 e.
987 2763 1188 2814 omnino
1207 2763 1512 2839 superiorem
1529 2779 1637 2812 cor-

512 2829 647 2892 poris
667 2839 874 2892 partem,
899 2828 1133 2878 tractibus
1153 2827 1400 2876 infenoris
1419 2827 1639 2890 corporis

513 2893 591 2942 sui
623 2892 699 2942 bis
731 2893 1180 2951 circumdedissent,
1199 2907 1350 2956 super
1367 2895 1472 2954 ejus
1491 2901 1641 2956 caput

511 2957 742 3032 eminent,
763 2957 975 3032 emicant
1007 2956 1110 3031 suis
1144 2955 1405 3032 capitibus..
1453 2958 1543 3030 ⁸5⁸
1569 2956 1638 3004 ita

509 3036 707 3141 ffmpm
728 3036 950 3146 «ἷὶἰῗὲῗὲ.
967 3022 1035 3132 ²21}
1049 3020 1637 3148 ἳὲοἷῖιὲωὲῳῖηἳΐὶἳῗέ

509 3147 730 3196 cumdari
751 3148 836 3196 vix
857 3147 1032 3212 potuit,
1058 3151 1127 3195 bis
1155 3157 1299 3205 esset,
1321 3148 1450 3197 binis
1471 3150 1633 3213 spiris,

509 3226 598 3260 seu
620 3211 846 3260 binorum
869 3220 1152 3275 serpentum
1169 3227 1196 3260 s
1231 3211 1317 3260 ira.

573 3277 687 3334 220,
709 3277 821 3323 221.
858 3275 956 3324 Pro
985 3291 1010 3323 s
1099 3275 1200 3324 enti
1235 3292 1293 3324 us
1327 3276 1468 3325 docte
1497 3281 1635 3326 nodos

609 3339 675 3396 it,
715 3349 768 3387 et
797 3339 996 3403 egregie
1125 3339 1486 3389 miserationem
1517 3341 1635 3390 facit

507 3419 551 3452 v.
601 3405 711 3462 221,
756 3404 886 3467 quod
927 3407 1084 3462 vittas,
1129 3403 1309 3452 infulas
1352 3405 1631 3464 sacerdotis,

508 3477 690 3517 namt.

579 3533 690 3580 222.
744 3532 806 3580 In
843 3532 936 3580 hoc
979 3531 1100 3580 nihil
1139 3531 1626 3596 reprehendendum3

505 3611 619 3644 nam
650 3597 704 3644 in
728 3597 1004 3645 Laocoonte
1031 3612 1121 3645 nec
1151 3595 1314 3645 herois
1347 3605 1434 3644 aut
1459 3597 1628 3659 magni

501 3661 594 3710 viri
619 3660 852 3709 fortitudo
870 3661 1070 3709 omnino
1091 3661 1246 3708 ullum
1265 3661 1446 3709 habere
1465 3669 1630 3726 potest

501 3726 676 3775 locum.
757 3725 1018 3789 Agendum
1059 3733 1164 3773 erat
1199 3733 1358 3788 poene
1401 3725 1627 3788 inprimis

499 3791 606 3849 hoc,
633 3799 687 3838 ut
719 3799 998 3855 portentum
1027 3789 1229 3837 terroris
1261 3789 1462 3853 plenum
1483 3789 1626 3838 offer·

499 3863 650 3913 retur,
696 3867 793 3916 quo
843 3853 1044 3916 Troiani
1097 3853 1184 3901 obs
1303 3852 1418 3900 facti
1465 3853 1625 3917 suspi-

497 3919 690 3968 cionem
743 3917 928 3966 fraudis
990 3917 1154 3964 animo
1253 3917 1520 3975 mitterent,
1578 3928 1630 3966 et

497 3998 526 4031 e
557 3999 678 4032 uum
697 3982 752 4029 in
775 3983 946 4030 urbem
963 3982 1064 4030 reci
1101 3989 1256 4029 erent.
1317 3981 1379 4029 ln
1399 3981 1484 4030 tali
1505 3997 1624 4029 con·

495 4047 538 4095 si
559 4048 607 4095 'o
627 4049 840 4094 clarueris
863 4045 988 4110 ratio
1009 4046 1074 4093 ha
1135 4045 1178 4094 ri
1199 4061 1230 4094 a
1251 4055 1398 4110 poeta
1415 4055 1623 4110 poterat,

495 4110 625 4172 quod
646 4109 710 4158 ad
729 4119 968 4159 terrorem
988 4109 1266 4174 augendum
1285 4110 1523 4158 clamores
1544 4110 1622 4160 in-

495 4183 670 4310 εοὲἓζ
690 4174 890 4286 ςῖποενωωη
872 4183 1156 4287 murinam.
1157 4273 1170 4296 ‚
1207 4253 1306 4286 non
1339 4238 1458 4286 satis
1489 4249 1625 4288 certo

493 4309 546 4348 et
567 4300 727 4348 vahdo
755 4301 856 4348 ictu
886 4300 1179 4365 depressam.
1249 4303 1282 4349 S
1596 4331 1617 4342 -

493 4375 595 4412 tem
626 4365 750 4412 bove
781 4379 882 4412 non
913 4381 1215 4429 quocunque,
1237 4318 1348 4423 scel?
1369 4376 1425 4415 ut
1456 4367 1617 4432 digni-

493 4437 644 4476 tatem
664 4443 744 4476 res
775 4428 991 4486 haberet,
1015 4429 1139 4479 bove
1174 4429 1374 4480 victima
1401 4431 1454 4480 in
1483 4447 1617 4481 omn-

1702 2635 1955 2748 Ramtime
1992 2651 2112 2686 usus
2148 2646 2251 2694 θοις
2296 2640 2428 2702 quod
2460 2643 2564 2704 jam
2600 2643 2654 2692 in
2694 2661 2830 2696 sacro

1757 2700 1926 2764 epumi
1952 2701 2202 2750 Heliconii
2234 2702 2417 2753 fecerat
2444 2706 2694 2758 Homerus
2724 2710 2830 2760 loco

1704 2779 1849 2876 qggm
1882 2775 1996 2813 ante
2030 2767 2195 2816 oculos
2225 2768 2409 2828 hebuit,
2436 2771 2577 2820 Iliad.
2604 2791 2644 2832 υ,
2668 2777 2831 2823 403-

1770 2895 2041 2952 225-227,
2089 2898 2248 2958 Lapm
2279 2900 2507 2962 effugiant
2538 2912 2709 2952 ornate
2741 2919 2830 2968 pro

1702 2956 1945 3017 labuntur,
1980 2970 2209 3024 serpunt5
2258 2977 2321 3010 ne
2362 2967 2497 3026 lapsu
2536 2966 2667 3014 nude
2700 2977 2829 3017 stare

1701 3031 1859 3085 putes.
1912 3025 2121 3073 Delubra
2140 3029 2207 3074 ad
2224 3042 2411 3086 wama,
2438 3029 2681 3080 Minervae
2704 3040 2825 3082 tem-

1700 3086 1835 3160 plum
1860 3087 1912 3134 in
1931 3103 2042 3137 arce
2064 3105 2266 3138 summa.
2316 3092 2547 3142 Minerva
2568 3095 2615 3142 h.
2634 3095 2668 3144 1.
2690 3113 2826 3156 seva,

1698 3159 1823 3198 irata
1866 3152 2104 3214 Trojanis.
2191 3155 2261 3202 At
2298 3156 2569 3207 Palladium
2614 3175 2681 3208 ex
2716 3177 2829 3211 aree

1700 3216 1955 3280 abreptum
1994 3231 2145 3281 supra
2181 3217 2405 3292 yidimus,
2440 3238 2484 3270 v.
2530 3223 2650 3272 164:
2694 3225 2825 3276 unde

1696 3280 1898 3400 3532ss
1932 3279 2247 3395 mm
2266 3287 2827 3404 ἵῗέεῗεῖωἳοὲᾱῧιῗ

1697 3421 1887 3457 arcanoe
1920 3409 2172 3472 religionis
2205 3413 2437 3463 Palladio.
2504 3419 2601 3466 Sub
2630 3423 2824 3481 pedibus

1697 3471 1745 3518 h.
1770 3487 1812 3519 e.
1836 3472 1967 3521 inter
1987 3474 2153 3538 pedes,
2176 3485 2231 3524 et
2248 3487 2361 3541 post
2380 3479 2607 3544 clipeum.

1760 3537 2033 3586 229—231.
2067 3541 2224 3588 Scelus
2254 3547 2533 3604 expendi-ue,
2564 3548 2819 3611 exquisite,

1693 3613 1863 3661 poems
1898 3602 2096 3677 meritas
2120 3621 2212 3669 pro
2242 3607 2441 3668 scelere,
2464 3611 2734 3676 sacrilegio,
2767 3615 2817 3662 in

1694 3677 1887 3724 equum,
1914 3666 2155 3716 Mmervae
2174 3669 2373 3730 donum,
2392 3675 2663 3724 commisso.
2706 3680 2817 3726 Ter·-

1686 3743 1812 3802 gem,
1837 3727 1933 3777 vid.
1958 3746 2065 3795 sup.
2090 3733 2151 3781 ad
2175 3751 2219 3782 v.
2245 3737 2323 3794 51,
2349 3738 2433 3786 ubi
2454 3741 2578 3789 lam
2598 3751 2651 3789 et
2670 3745 2819 3792 alvum

1693 3791 1898 3841 dixerat.
1965 3796 2037 3843 At
2068 3798 2275 3848 variavit
2306 3810 2361 3850 ut
2393 3812 2566 3867 poeta;
2602 3815 2655 3853 et
2684 3818 2821 3872 petet

1694 3863 1870 3920 tergum
1892 3858 2052 3908 latius.

1758 3923 1867 3977 2³2,
1894 3925 2003 3971 233.
2040 3928 2123 3972 Aa
2139 3930 2268 3976 sedes
2284 3929 2402 3988 deae,
2425 3933 2475 3980 h.
2496 3949 2539 3981 e.
2564 3941 2663 3982 tem
2697 3936 2813 3995 lum,

1687 3985 1821 4096 guod
1851 3985 1904 4033 in
1938 4003 2049 4070 arce
2082 4000 2199 4038 erat.
2266 3997 2583 4057 Simulacrum,
2626 3951 2814 4050 ἱππικ-

1732 4065 1845 4098 eum
1860 4067 1959 4113 m
2274 4061 2297 4072 ⁶

1689 4117 1731 4171 θ,
1756 4115 1866 4163 509.
1924 4119 2197 4180 Οηηιὼφιε
2228 4125 2347 4172 ‹1⁸⁸0ae
2378 4127 2599 4186 Numina,
2632 4143 2812 4180 numen

1688 4180 1794 4240 ejus
1814 4182 2129 4242 exorandum,
2154 4185 2458 4249 placandum.

1764 4245 2036 4298 234—237.
2088 4251 2351 4300 Dividimus
2376 4271 2540 4313 muros,
2572 4259 2813 4322 exquisite

1682 4321 1775 4370 pro
1788 4308 2059 4359 dissolvere
2076 4323 2127 4361 et
2144 4315 2436 4380 dirumpere,
2456 4328 2515 4367 ut
2530 4321 2693 4372 adium
2712 4325 2809 4382 fiat,

1684 4381 1769 4419 aut
1800 4383 1856 4420 ut
1888 4375 1935 4422 h.
1960 4375 1991 4422 l.
2027 4375 2172 4426 latius
2204 4389 2395 4443 pateat3
2432 4399 2547 4433 nam
2576 4385 2639 4434 de
2668 4399 2809 4452 porta

1686 4435 1821 4486 ὅσοι
1832 4439 2006 4500 agitur,
2020 4455 2052 4489 a
2066 4455 2163 4506 qun
2178 4457 2278 4492 non
2292 4445 2438 4510 longe
2454 4451 2613 4498 stabat
2630 4467 2805 4516 equum
