3050 4934
492 222 639 285 616

1388 218 1922 284 AENEIDOS

670 370 1011 455 Deponas,
1044 368 1419 453 lethumque
1453 370 1627 433 sinas
1657 392 1782 454 pro
1811 368 2006 434 laude
2035 370 2300 453 pacisci.

536 473 625 536 50
670 472 763 535 Et
788 493 909 535 nos
940 469 1091 548 tela,
1123 481 1336 556 pater,
1368 470 1743 555 ferrumque
1773 471 1953 535 haud
1983 468 2202 535 debile
2233 470 2470 536 dextra

666 574 1072 657 SpargimuS,
1104 584 1173 637 et
1200 581 1428 636 nostro
1460 572 1758 658 sequitur
1786 572 1872 637 de
1905 570 2172 636 vulnere
2202 574 2490 657 sanguis.

668 674 899 759 Longe
930 672 1021 738 illi
1049 674 1176 739 dea
1206 683 1412 738 mater
1442 674 1588 751 erit,
1621 695 1768 758 quae
1798 675 1974 738 nube
2005 672 2305 759 fugacem

667 775 974 840 Feminea
1002 778 1223 859 tegat3
1272 785 1341 839 et
1367 776 1548 839 vanis
1581 798 1725 839 sese
1757 774 2012 840 occulat
2039 775 2308 840 umbris.

752 875 849 941 At
877 877 1125 961 regina,
1157 899 1325 941 nova
1352 898 1593 961 pugnae
1622 878 1977 941 conterrita
2013 886 2214 953 sorte,

535 978 625 1042 55
667 976 936 1055 Flebat3
983 989 1051 1042 et
1079 977 1417 1042 ardentem
1443 1000 1758 1063 generum
1787 979 2100 1042 moritura
2129 978 2432 1043 tenebat:

666 1078 920 1157 Turne,
950 1100 1072 1164 per
1100 1078 1220 1143 has
1249 1100 1375 1163 ego
1406 1090 1471 1143 te
1500 1077 1820 1157 lacrimas,
1849 1101 1972 1164 per
1999 1080 2054 1143 si
2083 1080 2228 1163 quis
2259 1076 2516 1145 Amatae

666 1180 913 1265 Tangit
942 1180 1151 1245 honos
1182 1181 1462 1245 animum
1492 1179 1669 1265 (spes
1701 1191 1775 1245 tu
1803 1202 1974 1245 nunc
2005 1203 2158 1257 una,
2193 1190 2471 1246 senectae

663 1281 775 1346 Tu
801 1282 1060 1366 requies
1088 1281 1383 1359 miserae3
1429 1282 1632 1347 decus
1661 1282 2128 1367 imperiumque
2163 1281 2382 1346 Latini

665 1383 768 1447 Te
800 1404 1001 1467 penes
1026 1409 1041 1461 3
1087 1383 1155 1447 in
1183 1394 1249 1446 te
1280 1383 1484 1446 omnis
1516 1383 1748 1447 domus
1779 1382 2084 1449 inclinata
2114 1383 2493 1467 recumbit);

531 1485 623 1548 60
667 1483 891 1548 Unum
919 1505 1071 1547 oroz
1118 1484 1363 1548 desiste
1394 1506 1654 1548 manum
1684 1487 2082 1551 committere
2113 1485 2412 1551 Teucris·

666 1585 801 1658 Qui
830 1596 897 1649 te
928 1606 1201 1668 cumque
1232 1596 1494 1649 manent
1522 1586 1651 1650 isto
1681 1588 2031 1653 certamine
2063 1610 2275 1663 casus,

666 1686 762 1750 Et
788 1708 914 1763 me,
946 1685 1197 1764 Turne,
1227 1696 1510 1751 manent.
1590 1687 1797 1753 Simul
1827 1678 1970 1753 haec
1997 1690 2203 1754 invisa
2232 1687 2592 1773 relinquam

665 1787 966 1863 Lumina,
998 1809 1120 1852 nec
1150 1808 1464 1871 generum
1493 1788 1752 1854 AEnean
1785 1791 2040 1876 captiva
2068 1790 2324 1855 videbo.

666 1888 945 1973 Accepit
972 1911 1196 1954 vocem
1225 1888 1501 1955 lacrimis
1534 1890 1806 1955 Lavinia
1835 1893 2056 1955 matris

530 1990 621 2053 65
664 1988 1047 2075 Flagrantes
1076 1989 1345 2075 perfusa
1372 2013 1614 2075 genas3
1661 1993 1766 2056 cui
1795 1990 2108 2076 plurimus
2140 1991 2357 2075 ignem

668 2091 964 2176 Subjecit
992 2093 1218 2169 rubor,
1251 2104 1319 2157 et
1348 2092 1661 2157 calefacta
1691 2114 1808 2176 per
1839 2115 1956 2157 ora
1983 2094 2293 2158 cucurrit.

664 2192 900 2257 Indum
930 2194 1287 2276 sanguineo
1316 2192 1517 2260 veluti
1545 2192 1878 2259 violaverit
1903 2204 2086 2259 ostro

662 2293 736 2357 Si
762 2294 908 2378 quis
939 2295 1128 2373 ebur,
1158 2306 1274 2359 aut
1301 2296 1503 2361 mixta
1533 2291 1773 2361 rubent
1801 2296 1914 2361 ubi
1941 2294 2075 2361 lilia
2102 2294 2303 2360 multa

554 2540 634 2588 49.
669 2541 865 2589 Lethen·
880 2556 969 2601 pro
998 2542 1133 2589 laude
1156 2544 1349 2602 pacisci,
1374 2539 1479 2588 ἀντὶ
1502 2539 1616 2589 κλέ-

488 2623 570 2654 ους
608 2612 813 2653 mortem
848 2605 1083 2669 recipcre,
1124 2620 1225 2653 non
1268 2620 1521 2660 recusare3
1569 2605 1618 2653 h.

488 2668 622 2717 letho
644 2668 883 2717 redimere
908 2669 1119 2729 laudem,
1148 2668 1367 2743 gloriam.
1424 2671 1622 2717 Lethen·

488 2744 666 2792 autem,
713 2736 851 2796 cnjus
896 2734 1065 2782 saltem
1122 2733 1383 2783 discrimen
1428 2733 1623 2782 subibat

490 2798 1011 2911 {33222203‘512022
1031 2797 1118 2925 3:22}
1136 2798 1491 2924 mm
1506 2800 1621 2911 {⁸32

1284 2898 1298 2921 9

494 2925 693 2974 dictum.
751 2925 950 2975 Scilicet
982 2927 1209 2991 pactione
1233 2936 1284 2975 et
1319 2926 1491 2975 damus
1526 2926 1615 2975 ali-

491 2989 608 3051 quid
631 2998 682 3038 et
712 2990 1005 3054 accipimus3
1040 3000 1300 3053 utrumque
1330 2995 1507 3053 pacisci
1529 2990 1616 3039 de-

491 3053 685 3116 sig-nare
705 3064 892 3117 potest:
930 3056 1149 3118 adeoque
1186 3064 1237 3103 et
1264 3054 1416 3104 vitam
1438 3054 1618 3119 pacisci

489 3116 599 3179 quin
621 3126 672 3166 et
692 3128 899 3166 mortem
934 3126 1110 3183 potest,
1134 3118 1269 3167 illam
1302 3120 1617 3179 reddendam,

492 3182 617 3230 hanc
640 3181 903 3231 ferendam.

556 3247 765 3294 51—53.
800 3249 972 3296 Nostro
1005 3250 1204 3309 vulnere,
1240 3249 1369 3311 quod
1414 3264 1505 3312 ego
1541 3248 1616 3297 in-

491 3310 607 3359 fero.
666 3313 821 3375 Longe
856 3314 931 3360 ille·
964 3315 1087 3361 erit.-
1135 3313 1343 3362 formula
1375 3313 1620 3362 minarum

492 3374 735 3439 frequens,
771 3376 1001 3441 inprimis
1034 3377 1207 3441 poetis.
1288 3377 1620 3428 Distinximus

524 3450 603 3489 ost
624 3448 781 3504 legen,-
814 3457 911 3503 quo
933 3442 1060 3491 facto
1093 3442 1187 3489 loci
1222 3440 1480 3490 difficultas
1502 3444 1617 3491 sub-

508 3514 589 3553 ata
628 3514 729 3555 est:
778 3507 935 3570 Longe
972 3508 1046 3554 ini
1082 3508 1171 3553 dea
1206 3514 1354 3554 mater
1388 3510 1478 3554 erit
1490 3516 1623 3561 e—et

490 3572 621 3618 oanis
645 3571 715 3634 (b.
754 3586 797 3619 e.
830 3571 884 3618 in
922 3570 1127 3633 vanum)
1163 3586 1259 3619 sese
1288 3574 1467 3619 occulat
1505 3572 1620 3635 (pro

489 3634 703 3697 occulet)
726 3638 913 3693 umbris,
938 3635 1113 3698 quibus
1144 3634 1229 3683 ille
1261 3644 1406 3684 antea
1438 3638 1568 3685 nube
1591 3652 1620 3684 a

490 3708 645 3747 matre
670 3699 825 3761 (unde
847 3709 1068 3749 materna
1085 3710 1135 3748 et
1156 3716 1287 3749 nunc
1296 3699 1503 3761 feminea
1524 3715 1617 3749 nu-

488 3762 599 3825 bes)
624 3772 795 3821 tectus,
820 3765 1089 3813 ocmltatus
1108 3765 1281 3813 fuerat.

556 3830 764 3877 54-59,
780 3830 915 3877 Nova
930 3838 1246 3893 pngnaesorte.
1284 3829 1428 3878 Nova
1439 3846 1620 3894 pugnae

490 3892 785 3951 conditione,
833 3909 960 3941 novo
1006 3908 1215 3957 genere;
1268 3893 1311 3943 si
1488 3894 1505 3942 i
1549 3911 1616 3943 sc.

489 3958 771 4006 certamine.
828 3960 1078 4017 Mon'tura,
1104 3968 1333 4022 tanquam
1363 3975 1472 4022 quae
1494 3959 1618 4008 mori

488 4022 800 4081 decrevisset,
846 4022 941 4071 nisi
982 4021 1066 4071 ille
1110 4022 1413 4072 flecteretur:
1451 4023 1511 4071 cf.
1547 4023 1616 4082 xi,

491 4086 601 4144 ⁷41,
627 4096 678 4135 et
699 4102 841 4151 saepe.
900 4090 1088 4143 Honos,-
1112 4087 1273 4143 αἰδὼςς
1298 4086 1505 4151 passive,
1531 4086 1616 4150 qui

488 4151 709 4210 habetur,
762 4151 1052 4201 reverentia.
1134 4154 1322 4213 Imperia·
1364 4150 1616 4201 notionem

488 4225 632 4263 ornat
653 4226 705 4263 et
724 4224 871 4280 auget
890 4217 951 4265 τὸ
972 4220 1122 4275 decus,
1150 4216 1377 4279 dignitas,
1402 4216 1613 4265 auctori-

490 4287 578 4326 tas.
638 4282 696 4327 In
720 4288 764 4329 te
787 4286 929 4330 omnis
944 4284 1099 4330 domus
1115 4284 1339 4331 inclinata
1360 4285 1616 4338 recumbit,-

486 4352 671 4400 ornate‚
697 4344 894 4394 nititur:
933 4355 986 4394 tu
1020 4346 1246 4395 columen
1280 4362 1351 4407 es,
1383 4357 1616 4412 tanquam

486 4405 680 4454 futurus
700 4422 865 4469 gener,
892 4410 945 4458 ἐν
964 4408 1089 4473 οἰκίᾳ
1111 4410 1265 4475 ἐρήμῃ.

1751 2542 1958 2589 60-63.
2023 2542 2212 2589 Tema
2252 2555 2344 2604 pro
2383 2539 2590 2600 Teucro,
2639 2542 2818 2602 AEnea.

1685 2605 1900 2669 positum
1940 2620 2047 2653 ase
2092 2605 2426 2668 unusquisque
2471 2606 2648 2655 videat.
2719 2608 2820 2657 Sed

1685 2684 1915 2732 quorsum
1957 2669 2170 2717 factum?
2208 2678 2265 2717 ut
2295 2685 2328 2717 a
2371 2670 2559 2734 vulgari
2597 2672 2822 2720 oratione

1683 2734 1947 2783 recederet.
2010 2734 2088 2781 lta
2107 2748 2238 2791 movi,
2261 2736 2360 2781 haec
2395 2736 2568 2783 lumina
2597 2750 2706 2809 pro,
2725 2736 2821 2785 hoc

1683 2798 1865 2856 lumen,
1901 2798 2066 2847 vitam.
2126 2800 2322 2859 captiva
2361 2799 2424 2847 ad
2457 2798 2694 2847 invidiam
2729 2802 2818 2848 ad-

1678 2864 1890 2925 jectum:
1928 2862 2047 2911 satis
2067 2872 2172 2911 erat
2189 2861 2330 2921 victa,
2353 2866 2492 2926 cuius
2511 2863 2820 2928 propositum

1685 2927 1822 2975 exitu
1857 2926 2040 2983 camin
2089 2927 2168 2975 vel
2212 2928 2438 2986 obnoxia,
2479 2942 2602 2990 quae,
2639 2928 2820 2977 marito

1684 3000 1890 3050 mortuo,
1915 2992 2006 3040 nub
2025 2990 2196 3055 generi
2219 3007 2368 3041 manu
2391 2992 2554 3041 futura
2576 3002 2668 3041 est.

1749 3056 1814 3103 64
1849 3070 1950 3118 sqq.
1997 3055 2238 3105 Praeclare
2281 3056 2341 3105 τὸ
2375 3054 2487 3113 ἦθος
2529 3056 2582 3104 in
2623 3056 2819 3121 virgine

1683 3128 1945 3169 servatum.
2019 3120 2282 3169 Erubescit
2319 3120 2430 3177 illm
2478 3119 2632 3169 animi
2673 3136 2822 3170 senaa

1685 3200 1784 3233 non
1829 3183 2084 3247 eloquitur.
2153 3184 2560 3247 Quandoquidem
2601 3184 2709 3234 sive
2755 3202 2820 3235 ex

1684 3249 1873 3325 antiqui
1895 3250 1986 3298 aevi
2010 3264 2159 3308 more,
2193 3249 2296 3298 sive
2333 3265 2396 3298 ex
2431 3248 2664 3299 carminis
2686 3266 2817 3299 ωοο-

1685 3330 1863 3372 nomua,
1903 3314 2122 3363 Laviniae
2162 3314 2310 3363 nullae
2345 3314 2607 3378 praecipuae
2651 3323 2820 3378 partes

1685 3394 1793 3427 esse
1815 3379 1868 3426 in
1887 3393 2052 3427 rerum
2071 3388 2183 3426 actu
2204 3387 2458 3443 poterant;
2481 3377 2638 3426 multo
2661 3379 2820 3442 mag-is

1684 3442 1738 3491 in
1760 3444 1937 3491 rubore
1951 3442 2128 3507 puellae
2143 3442 2450 3506 acquiescere
2466 3442 2640 3492 debuit
2655 3452 2818 3507 poeta.

1687 3507 1956 3556 Erubuisse
1991 3517 2156 3555 autem
2189 3506 2408 3571 putanda
2442 3516 2518 3555 est
2549 3522 2667 3555 cum
2689 3523 2817 3571 pre-

1683 3580 1822 3621 sente
1844 3572 2014 3620 Turno
2049 3572 2332 3634 nuptiarum
2362 3580 2493 3621 esset
2511 3571 2641 3621 facta
2675 3586 2818 3621 men·

1685 3636 1768 3694 tio,
1793 3652 1913 3699 quas
1934 3644 2091 3684 mater
2105 3650 2219 3684 cum
2240 3635 2251 3648 ⁸
2379 3651 2479 3685 non
2500 3652 2612 3684 cum
2635 3636 2818 3697 AEnea,

1685 3700 1835 3749 factas
1857 3716 1965 3749 esse
1993 3700 2156 3749 vellet.
2267 3716 2344 3749 am
2379 3700 2442 3749 de
2475 3716 2639 3749 amore
2665 3700 2818 3750 Lavi-

1685 3765 1795 3824 niae,
1821 3766 1872 3814 in
1895 3774 2061 3814 utrum
2095 3764 2180 3813 illa
2209 3765 2373 3814 animo
2393 3764 2668 3823 inclinaret,
2689 3766 2822 3815 nihil

1683 3846 1886 3893 usquam
1909 3830 1952 3879 si
1973 3832 2099 3879 bene
2117 3829 2334 3888 memini,
2358 3840 2503 3895 poeta
2523 3830 2768 3879 meminit.

1749 3896 1827 3953 65,
1853 3896 1930 3943 66.
1981 3895 2098 3943 Non
2139 3904 2214 3943 est
2247 3895 2280 3942 h
2349 3895 2518 3959 allage,
2553 3895 2684 3957 quod
2727 3911 2818 3944 vo·

1683 3959 1804 4017 lunt,
1829 3959 1997 4022 inepta
2019 3958 2202 4023 figur-113
2237 3976 2262 4007 s
2359 3969 2620 4021 utrumque
2641 3958 2742 4007 dici
2765 3968 2824 4009 et

1679 4023 2819 4152 fflfflffffffffiffissssz‘ass

1680 4153 2426 4277 ωιὲςι-Βῶξῃῗὲωῧεζῖηέοοω
2452 4233 2544 4292 pro
2575 4216 2787 4265 tinxerit
2801 4236 2816 4267 ε

1681 4281 1795 4346 quia
1807 4282 2080 4332 adscititius
2087 4282 2220 4332 color
2231 4282 2434 4331 omnino
2445 4290 2664 4330 nativum
2673 4281 2817 4343 φθεί-

1679 4364 1790 4411 ρειν,
1813 4363 2140 4412 corrumpere,
2171 4346 2364 4396 dicitur.
2419 4349 2604 4395 Rubent
2632 4344 2725 4395 int.
2747 4346 2820 4396 de

1679 4426 1978 4477 repercusso.
2007 4413 2184 4461 rubore
2219 4411 2396 4462 vicino.
2470 4408 2820 4475 supplendum
