3050 4934
475 326 582 390 viii

1215 323 1707 390 VIRGILII
1768 322 2059 389 VITA.

733 547 750 574 ‘
785 541 928 604 tuit.
976 538 1074 604 At
1089 561 1238 604 cum
1257 533 1557 624 Meg'ara,
1580 539 1855 604 vicinum
1874 537 2161 603 Athenis
2185 537 2523 623 oppidum,
2542 537 2797 601 visendi

733 663 751 690 ‘
781 657 994 742 gratia
1020 667 1300 742 peteret,
1332 656 1713 742 languorem
1750 666 1981 722 nactus
2026 667 2165 734 est3
2212 677 2409 740 quem
2437 677 2569 720 non
2595 654 2796 721 inter-

735 779 752 808 ‘
785 775 984 839 missa
1031 775 1359 858 navigatio
1403 775 1611 851 auxit,
1660 774 1752 838 ita
1798 784 1897 851 ut,
1926 773 2187 857 gravior
2236 773 2474 852 indies,
2530 773 2797 838 tandem

735 899 753 926 ‘
785 891 1236 957 Brundusium
1263 890 1372 975 (al.
1405 889 1797 976 Tarentum)
1816 891 2207 970 adventarit,
2238 891 2355 957 ubi
2376 891 2611 958 diebus
2632 913 2797 977 pau-

735 1014 753 1042 ‘
785 1009 878 1074 cis
910 1009 1070 1074 obiit
1099 1030 1145 1072 x
1177 1007 1318 1073 Cal.
1353 1008 1597 1074 Octob.
1645 1007 1725 1072 C.
1759 1008 1985 1074 Sentio
2016 1008 2394 1086 Saturnino,
2418 1007 2508 1082 Q.
2544 1008 2797 1075 Lucre-

736 1132 754 1160 ‘
789 1126 880 1190 tio
904 1124 1285 1211 Vespillone
1317 1125 1534 1191 Coss?
1610 1126 1918 1191 Donatus
1948 1127 2015 1190 in
2044 1125 2204 1191 Vita
2230 1124 2513 1211 Virgilii.

647 1243 895 1309 Narrat
923 1243 1120 1320 idem,
1151 1265 1302 1308 ossa
1332 1241 1593 1328 Virgilii
1643 1241 1993 1328 Neapolin‚
2037 1254 2237 1329 prout
2284 1245 2429 1330 ipse
2478 1243 2793 1322 voluerat,

731 1359 1046 1427 translata
1071 1383 1239 1439 esse,
1270 1372 1338 1426 et
1365 1361 1460 1426 ibi
1487 1360 1555 1424 in
1578 1359 1682 1425 via
1710 1359 2074 1426 Puteolana
2100 1359 2395 1447 sepulta3
2440 1362 2555 1427 ubi
2578 1361 2797 1448 sepul-

733 1477 962 1544 chrum
991 1478 1134 1562 ejus
1165 1478 1361 1543 etiam
1388 1476 1589 1543 hodie
1616 1480 1963 1544 monstrari
1990 1489 2216 1544 notum
2240 1489 2366 1544 est.

646 1596 762 1662 Ab
803 1596 1033 1662 eodem
1081 1595 1350 1663 Donato
1395 1595 1699 1674 traditur,
1729 1593 2077 1681 Virgilium
2122 1596 2411 1663 AEneida
2440 1619 2623 1663 suam
2651 1609 2793 1664 tan-

732 1737 928 1800 quam
945 1712 1392 1799 imperfectum
1412 1735 1579 1798 opus
1610 1714 1989 1779 comburere
2012 1711 2324 1793 voluisse;
2368 1714 2606 1781 deinde
2635 1737 2790 1782 vero

732 1832 940 1899 Vario
990 1843 1058 1898 et
1110 1831 1356 1898 Tuccae
1407 1829 1689 1915 legasse,
1744 1831 1859 1914 qui
1908 1851 2073 1908 eam,
2118 1830 2397 1915 jubente
2455 1830 2787 1919 Augusto,

732 1950 1162 2017 emendarunt
1193 1949 1315 2014 sub
1346 1971 1426 2016 ea
1452 1948 1623 2034 lege,
1656 1959 1730 2014 ut
1760 1945 1921 2014 nihil
1949 1947 2291 2015 adderent.
