3050 4934
424 290 556 357 246

1315 284 1846 353 AENEIDOS

597 438 746 505 Nec
775 438 931 504 mihi
951 439 1092 523 jam
1119 438 1396 523 patriam
1425 438 1759 521 antiquam
1788 456 1941 520 spes
1966 431 2105 497 ulla
2132 430 2421 507 videndi,

599 540 749 606 Nec
780 540 1005 606 dulces
1037 551 1226 605 natos
1257 550 1771 625 exoptatumque
1800 547 2176 623 parentem3

602 644 792 717 Quos
816 642 906 707 illi
935 641 1072 707 fors
1103 643 1189 707 ad
1219 648 1451 726 poenas
1483 642 1573 705 ob
1600 650 1830 704 nostra
1858 647 2209 723 reposcent

436 746 558 809 140
603 744 895 829 Effugia,
925 754 994 808 et
1023 742 1282 828 culpam
1309 742 1480 807 hanc
1505 742 1890 806 miserorum
1918 750 2127 804 morte
2158 738 2453 821 piabunt.

601 846 803 919 Quod
827 857 917 923 te,
948 868 1070 931 per
1099 867 1400 929 superos,
1431 855 1500 909 et
1527 844 1791 908 conscia
1816 841 2081 906 numina
2107 839 2269 915 veri,

603 948 758 1025 Per,
791 949 848 1012 si
875 971 1006 1032 qua
1033 960 1160 1025 est,
1187 970 1336 1031 quae
1365 956 1573 1011 restet
1600 944 1817 1009 adhuc
1846 940 2227 1007 mortalibus
2258 960 2534 1024 usquam

604 1050 998 1116 Intemerata
1022 1050 1218 1127 fides,
1249 1072 1388 1126 oro,
1417 1049 1727 1113 miserere
1758 1046 2055 1111 laborum

601 1150 1006 1229 Tantorum3
1051 1152 1358 1215 miserere
1389 1150 1585 1214 animi
1606 1170 1738 1213 non
1766 1148 1967 1231 digna
1994 1144 2289 1211 ferentis.

435 1253 559 1316 145
689 1252 818 1315 His
845 1251 1122 1317 lacrimis
1155 1253 1350 1316 vitam
1380 1252 1633 1327 damus,
1666 1261 1736 1315 et
1762 1247 2237 1313 miserescimus
2268 1243 2463 1308 ultro.
2498 1292 2505 1304 .

600 1352 754 1438 Ipse
782 1354 921 1418 viro
951 1355 1198 1438 primus
1227 1353 1510 1417 manicas
1542 1363 1739 1436 atque
1770 1360 1950 1416 arcta
1978 1346 2179 1412 levari

606 1454 844 1519 Vincla
863 1456 1060 1539 jubet
1087 1456 1424 1533 Priamus;
1469 1453 1791 1537 dictisque
1822 1454 1915 1516 ita
1942 1450 2119 1514 fatur
2149 1448 2405 1511 amicis:

607 1554 924 1640 Quisquis
957 1578 1052 1634 οε,
1081 1558 1352 1621 amissos
1383 1556 1537 1619 hinc
1556 1555 1695 1639 jam
1725 1552 2107 1618 obliviscere
2138 1548 2420 1625 Grai0s;

607 1655 860 1727 Noster
889 1659 1057 1735 eris;
1103 1657 1388 1741 mihique
1419 1656 1565 1719 haec
1593 1655 1885 1720 edissere
1917 1674 2071 1716 vera
2102 1650 2393 1733 roganti:

443 1760 566 1823 150
611 1757 768 1832 Quo
796 1757 1030 1823 molem
1059 1759 1228 1822 hanc
1259 1759 1551 1822 immanis
1582 1757 1737 1840 equi
1767 1754 2099 1819 statuere?
2146 1750 2291 1834 quis
2322 1752 2596 1814 auctor?

611 1859 874 1932 Quidve
903 1862 1180 1944 petunt?
1227 1882 1375 1943 quae
1404 1857 1675 1941 relig-io?
1722 1866 1837 1921 aut
1866 1877 2014 1939 quae
2042 1850 2342 1917 machina
2369 1851 2565 1915 belli?

611 1960 914 2024 Dixerat.
993 1959 1110 2023 Ille
1141 1959 1307 2023 dolis
1336 1960 1696 2022 instructus
1726 1969 1795 2021 et
1824 1966 1963 2021 arte
1995 1954 2298 2037 Pelasga,

613 2060 894 2125 Sustulit
922 2072 1156 2124 exutas
1187 2059 1414 2123 vinclis
1445 2059 1533 2122 ad
1566 2059 1783 2123 sidera
1811 2057 2094 2141 palmas:

611 2162 779 2239 Vos,
813 2161 1041 2225 aeterni
1067 2162 1278 2245 ignes,
1309 2172 1378 2225 et
1405 2182 1538 2224 non
1566 2157 1867 2223 violabile
1898 2168 2185 2224 vestrum

449 2264 575 2328 155
621 2262 866 2327 Testor
895 2284 1155 2340 numen,
1186 2262 1312 2339 ait3
1358 2284 1496 2338 vos,
1529 2282 1685 2337 arae,
1718 2282 2041 2344 ensesque
2072 2260 2361 2338 nefandi,

618 2363 808 2438 Quos
840 2363 1001 2448 fugi,
1035 2364 1342 2447 vittoeque
1374 2362 1593 2439 defim,
1624 2384 1787 2446 quas
1818 2360 2038 2426 hostia
2064 2364 2277 2445 gessi3

617 2467 746 2531 Fas
777 2466 933 2531 mihi
965 2466 1318 2531 Graiorum
1349 2474 1605 2529 sacrata
1634 2462 1963 2528 resolvere
1984 2464 2163 2548 jura,

617 2569 746 2633 Fas
779 2569 997 2632 odisse
1027 2569 1224 2645 viros,
1255 2577 1452 2651 atque
1485 2567 1698 2630 omnia
1727 2564 1899 2629 ferre
1934 2566 2057 2629 sub
2086 2586 2305 2642 aurae,

613 2671 685 2734 Si
715 2692 848 2754 qua
873 2679 1139 2753 tegunt:
1187 2679 1414 2732 teneor
1445 2668 1678 2752 patriae
1706 2689 1829 2731 nec
1856 2666 2111 2751 legibus
2144 2665 2315 2731 ullis,

503 2915 607 2966 137.
635 2914 902 2980 Sequentia
914 2913 1108 2977 egregie
1126 2913 1188 2961 ad
1206 2913 1571 2962 miserationem

443 2982 571 3031 ficta.
632 2981 694 3029 In
723 2980 899 3043 quibus
927 2978 1201 3042 respexisse
1223 2977 1380 3025 videri
1409 2986 1573 3041 potest

447 3045 588 3094 Iliad.
614 3064 652 3103 ε,
673 3047 784 3101 408,
806 3045 916 3091 409.
942 3045 1155 3090 Patriam
1173 3046 1422 3103 antiquam,
1440 3040 1569 3106 pris-

443 3110 626 3164 tinam;
669 3108 794 3156 nihil
823 3107 1046 3171 amplius.
1101 3105 1342 3155 Omnibus
1371 3106 1573 3163 colonis,

445 3172 709 3229 exsulibus,
735 3170 998 3233 transfiigis
1019 3170 1154 3235 prior
1173 3170 1332 3235 patria
1349 3181 1426 3219 est
1445 3173 1570 3217 anti-

445 3254 536 3349 qmi
546 3244 759 3359 ἔξῖἳῗο.
789 3302 858 3347 Ob
866 3307 1022 3348 nostra
1029 3300 1215 3361 effugia,
1226 3298 1420 3363 plenius
1427 3312 1575 3361 quam

447 3365 590 3423 exile,
610 3366 672 3413 ob
691 3364 856 3427 fugam
874 3378 1047 3411 meam.
1101 3366 1320 3421 Piabunt,
1343 3365 1392 3411 h.
1419 3379 1459 3411 e.
1485 3378 1572 3411 ex-

445 3430 665 3505 piabunt,
716 3444 808 3493 pro
861 3428 1082 3493 punient,
1130 3428 1438 3485 ulciscentur,
1483 3443 1572 3475 ex-

481 3506 641 3544 uisite.

449 3512 480 3558 q
515 3560 622 3607 141.
663 3560 807 3616 Quod,
831 3574 927 3621 qua
947 3556 1001 3616 ip
1022 3572 1092 3615 re,
1117 3565 1174 3604 ut
1193 3572 1322 3621 saepe
1347 3556 1575 3605 transitui

447 3624 623 3673 servit:
660 3632 862 3697 propter
883 3622 1014 3685 quod
1035 3631 1084 3669 te
1103 3636 1201 3669 oro.
1261 3624 1455 3669 Conscia
1485 3638 1571 3669 nu-

445 3692 570 3737 mina
603 3692 715 3747 veri,
747 3697 1051 3751 inspectores
1087 3702 1140 3735 ac
1179 3695 1327 3735 testes
1364 3702 1442 3733 me
1463 3701 1579 3735 vera

447 3768 660 3802 narrare.

517 3820 624 3865 143.
661 3818 814 3873 Fides,
836 3830 982 3877 quam
999 3814 1080 3861 hic
1103 3814 1346 3871 inclamat,
1369 3823 1443 3861 est
1455 3812 1577 3875 justi

448 3882 665 3943 rectique
697 3878 1020 3937 observantia,
1043 3880 1091 3926 h.
1123 3880 1156 3925 l.
1187 3878 1314 3940 juris
1343 3877 1498 3926 divini
1528 3886 1581 3925 et

449 3944 780 3993 humanitatis.

517 4012 625 4067 145,
656 4009 761 4056 146.
797 4010 891 4057 His
925 4008 1141 4064 lacrimis,
1174 4016 1376 4070 propter
1397 4008 1485 4054 has
1504 4006 1574 4055 la-

449 4073 656 4128 crimas;
693 4072 822 4135 quod
846 4072 1043 4134 vulgare
1067 4082 1209 4127 essct,
1234 4070 1331 4135 ipsi
1363 4086 1474 4119 cum
1506 4071 1577 4119 la·-

449 4138 615 4185 crimis
647 4137 749 4185 haec
783 4136 1014 4185 narranti.
1083 4139 1217 4183 Ultro
1250 4144 1325 4183 cst
1354 4135 1578 4192 libenter,

451 4200 579 4249 facili
596 4210 886 4275 promtoque
902 4200 1079 4249 animo.
1139 4202 1308 4247 Levari
1331 4212 1406 4248 cst
1424 4200 1582 4247 laxari

442 4280 663 4329 proprie,
687 4266 774 4312 sed
799 4274 901 4312 tum
924 4264 1081 4328 poetis
1098 4265 1298 4313 omnino
1321 4264 1381 4313 de
1403 4264 1581 4313 demtis

452 4328 672 4377 vinculis.
733 4328 812 4376 Sic
834 4338 884 4377 et
901 4328 1078 4391 χαλᾷν.
1107 4338 1124 4347 “

521 4394 627 4441 148.
663 4394 805 4450 Hine,
827 4409 986 4455 porte,
1019 4393 1070 4441 in
1101 4402 1364 4455 posterum.
1423 4395 1578 4441 Amis-

451 4474 521 4506 σοι
548 4460 727 4513 Graios,
753 4471 956 4518 quorum
979 4456 1299 4507 contubernio
1319 4472 1450 4509 nunc
1477 4456 1579 4521 pri-

1637 2921 1777 2961 vatus
1794 2922 1881 2970 est,
1903 2912 2043 2970 dixit,
2064 2922 2120 2961 ut
2134 2912 2328 2971 liberos,
2346 2910 2543 2971 amicos,
2563 2916 2767 2971 ωἰεεοε,

1638 2976 1813 3041 quibus
1832 2977 2012 3041 privati
2034 2993 2215 3035 sumus,
2240 2976 2495 3040 exquisite.

1709 3043 1814 3088 151.
1859 3041 1991 3095 Quid
2025 3042 2075 3089 in
2110 3058 2236 3105 equo
2267 3040 2547 3090 fabricando
2572 3051 2765 3105 specta-

1638 3108 1787 3154 runt?
1824 3121 1945 3155 num
1965 3105 2217 3168 relig-ionis
2237 3122 2397 3163 causa,
2422 3115 2478 3155 ut
2506 3105 2599 3154 deo
2620 3106 2773 3155 alicui

1638 3179 1992 3227 consecrarent,
2012 3186 2075 3219 an
2098 3180 2155 3219 ut
2175 3171 2403 3221 machina
2422 3170 2597 3219 bellica
2618 3180 2769 3229 esset,

1638 3234 1859 3282 fabricati
1876 3244 1992 3283 sunt
2006 3238 2027 3281 ἲ

1709 3300 1815 3347 154.
1850 3302 2039 3348 AEterm‘
2067 3303 2197 3362 ignes
2218 3300 2304 3349 vix
2324 3299 2409 3348 alii
2436 3316 2542 3349 esse
2563 3312 2775 3364 possunt

1640 3378 1784 3426 quam
1823 3363 1910 3421 sol,
1946 3363 2076 3421 luna,
2120 3374 2172 3413 et
2210 3364 2398 3421 sidera3
2451 3380 2565 3413 nam
2603 3366 2775 3429 paullo

1640 3438 1767 3487 ante,
1794 3430 1991 3475 Sustulit
2013 3432 2078 3475 acl
2096 3432 2252 3477 sidera
2276 3432 2471 3491 palmas.
2532 3430 2603 3477 Iis
2624 3440 2769 3479 aeter-

1638 3491 1858 3549 nitatem,
1883 3507 2081 3551 numen,
2106 3503 2157 3540 et
2187 3494 2349 3541 locum
2370 3494 2425 3541 in
2450 3494 2777 3557 jurejtarando

1640 3556 1803 3614 tribui,
1831 3559 1935 3619 Jam
1968 3556 2086 3605 satis
2114 3566 2298 3606 notum.
2357 3558 2522 3607 Etiam
2554 3576 2641 3607 non
2672 3564 2771 3607 οἰο-

1640 3624 1778 3669 labile
1804 3622 1929 3669 bene
1965 3621 2026 3669 ad
2062 3623 2267 3697 perjurii
2302 3622 2539 3671 ultionem
2572 3624 2771 3679 retulit3

1642 3702 1729 3749 per
1752 3702 1873 3748 quos
1895 3701 2040 3734 nemo
2060 3702 2262 3751 impune
2284 3690 2483 3752 peierat.

1714 3750 1817 3800 157.
1854 3754 2051 3799 Sacrata
2076 3754 2321 3800 Graiorum
2342 3753 2463 3814 jura
2492 3761 2623 3809 sunt,
2655 3768 2773 3801 nos-

1644 3822 1719 3861 tro
1745 3814 1945 3875 judicio,
1974 3816 2187 3864 civitatis
2212 3820 2307 3878 jus,
2333 3816 2505 3865 saltem
2533 3820 2615 3880 ,ius
2636 3834 2771 3865 oom—

1642 3894 1790 3926 munc
1812 3879 2134 3943 popularium,
2160 3881 2291 3942 quod
2320 3884 2539 3930 resolvere
2560 3897 2614 3929 se
2636 3881 2773 3939 dicit,

1643 3952 1699 3991 ut
1718 3943 1889 4006 patriis
1907 3943 2095 4006 legibus
2108 3944 2295 3994 solutus
2312 3945 2364 3993 in
2384 3945 2631 3994 civitatem
2646 3946 2774 3994 Tro·-

1637 4009 1805 4069 Janam
1838 4016 2065 4065 transeat,
2089 4010 2299 4073 amplius
2326 4012 2427 4071 jam
2450 4012 2651 4059 Graecus
2673 4025 2775 4059 non

1644 4072 1723 4129 sit,
1758 4072 1845 4119 sed
1874 4088 2001 4123 unus
2024 4089 2051 4121 e
2075 4073 2329 4136 Trojauis:
2364 4075 2527 4137 itaque
2561 4074 2775 4135 suincit,

1640 4140 1811 4197 patria*
1848 4145 1999 4185 teneor
2038 4156 2120 4185 nec
2160 4142 2335 4201 legibus
2368 4142 2507 4193 alliu
2554 4139 2607 4187 in
2640 4140 2775 4187 hunc

1645 4201 1746 4248 sere
1784 4217 1993 4258 sensum,
2033 4213 2087 4249 ut
2118 4219 2147 4251 a
2178 4219 2267 4251 sua
2298 4204 2434 4265 quasi
2470 4204 2627 4267 patria
2660 4212 2773 4251 tan-

1645 4281 1789 4327 quam
1812 4264 1995 4313 familia
2016 4282 2067 4314 se
2090 4268 2295 4316 abdicet.

1716 4330 1819 4377 158.
1858 4330 1953 4379 Fas
1989 4330 2109 4379 mihi
2144 4332 2209 4381 sit
2229 4348 2291 4381 ex
2316 4335 2450 4395 justo
2472 4331 2585 4380 odio
2614 4332 2667 4380 in
2688 4348 2779 4383 eos

1646 4393 1809 4441 omnia
1842 4410 2017 4443 arcana
2056 4396 2183 4457 (haec
2220 4408 2349 4455 sunt,
2382 4401 2425 4445 ei
2461 4414 2551 4458 qua
2586 4396 2777 4459 legant)

1645 4458 1876 4522 proferre.
1922 4460 1985 4509 In
2006 4459 2284 4510 inversione
2306 4476 2539 4523 agnosces
2560 4469 2777 4525 poetam.
