3050 4934
1219 266 1560 332 LIBER
1606 268 1739 333 lv.

2495 270 2625 335 171

492 414 927 481 Circumstant
954 415 1214 481 fremitu
1236 417 1473 495 denso,
1506 419 1880 503 stipantque
1906 418 2317 503 frequentes3

492 515 583 580 Et
612 537 788 600 saepe
815 515 1121 582 attollunt
1150 516 1459 595 humeriS,
1493 528 1562 583 et
1587 541 1868 604 corpora
1895 520 2068 585 bello

488 616 867 701 Objectant,
896 617 1362 703 pulchramque
1394 629 1628 704 petunt
1656 642 1778 705 per
1806 620 2074 686 vulnera
2101 633 2393 688 mortem.

574 717 701 781 His
732 719 995 802 quidam
1024 720 1247 803 siguiS,
1281 731 1478 804 atque
1506 720 1650 785 haec
1680 722 1978 806 exempla
2010 726 2238 801 secuti,

308 818 446 881 220
490 818 661 883 Esse
692 821 925 904 apibus
956 832 1207 905 partem
1238 822 1471 885 divinoe
1501 825 1734 886 mentis
1765 834 1834 887 et
1861 822 2137 888 haustus

486 921 828 986 AEtherios
856 924 1119 988 dixere:
1169 925 1363 990 deum
1394 948 1670 1009 namque
1700 926 1795 989 ire
1825 949 1944 1011 per
1973 950 2194 992 omnes

485 1022 887 1108 Terrasque,
917 1034 1295 1109 tractusque
1324 1027 1542 1103 mariS,
1574 1025 1938 1111 coelumque
1968 1028 2402 1112 profundum3

489 1124 665 1189 Hinc
690 1126 1003 1210 pecudes,
1037 1138 1350 1204 armenta,
1381 1128 1578 1207 viros„
1609 1150 1818 1212 genus
1851 1150 2037 1192 omne
2068 1129 2374 1207 ferarum,

486 1226 830 1311 Quemque
862 1228 985 1292 sibi
1016 1238 1245 1293 tenues
1277 1240 1651 1294 nascentem
1680 1251 2011 1294 arcessere
2041 1232 2241 1295 vitas:

309 1328 445 1390 225
486 1326 748 1392 Scilicet
774 1326 904 1392 huc
936 1329 1124 1394 reddi
1155 1330 1392 1394 deinde
1422 1352 1499 1393 ac
1531 1328 1819 1394 resoluta
1847 1329 2078 1394 referri

488 1428 759 1507 Omnia3
803 1452 923 1493 nec
954 1431 1145 1493 morti
1174 1452 1321 1495 esse
1352 1428 1600 1508 locum3
1648 1432 1765 1496 sed
1797 1431 1940 1495 viva
1970 1430 2188 1497 volare

485 1528 731 1594 Sideris
761 1530 826 1594 in
858 1553 1219 1609 numerum,
1250 1542 1447 1615 atque
1479 1531 1614 1595 alto
1645 1533 1998 1597 succedere
2027 1532 2217 1598 coelo·

572 1630 643 1695 Si
670 1632 935 1715 quando
966 1632 1187 1696 sedem
1216 1642 1563 1717 augustam
1591 1642 1974 1717 servataque
2003 1632 2193 1698 mella

484 1731 845 1796 Thesauris
876 1732 1133 1810 relineS,
1164 1734 1346 1818 prius
1376 1732 1620 1797 haustu
1649 1754 1918 1817 sparsus
1949 1755 2264 1817 aquarum

311 1834 447 1897 230
492 1833 633 1897 Ora
663 1834 833 1911 fove,
863 1833 1205 1919 fumosque
1232 1858 1426 1899 manu
1459 1834 1796 1918 praetende
1831 1856 2166 1917 sequaces.

484 1934 601 1999 Bis
630 1936 933 2019 gravidos
964 1946 1207 2019 cogunt
1234 1935 1456 2014 fietus,
1490 1936 1624 2000 duo
1655 1946 1950 2019 tempora
1975 1936 2244 1999 messis:

310 2116 521 2181 leg-imus
544 2116 723 2167 amisso
752 2116 877 2167 duce
906 2132 1022 2167 suo:
1056 2126 1307 2183 rumpunt,
1332 2116 1429 2168 sol·

312 2192 439 2231 vunt
457 2182 619 2239 fidem,
642 2181 890 2231 deficiunt.

392 2246 501 2296 217.
559 2248 759 2307 Corpora
813 2249 927 2295 bello
978 2248 1233 2309 objectant,
1284 2246 1433 2296 armis

310 2309 583 2365 hostilibus,
604 2309 946 2373 ing-ruentibus
964 2311 1197 2359 hostibus.
1252 2311 1435 2360 Omnia

314 2374 418 2421 hnc
435 2374 647 2437 graviter
666 2384 718 2423 et
738 2384 922 2423 ornate.

379 2438 649 2489 219—227.
706 2439 785 2487 Ex
828 2439 1243 2502 Pythagoreorum
1287 2438 1433 2487 disci-

312 2502 461 2565 plina,
498 2518 643 2565 quam
681 2502 860 2551 deinde
902 2502 1141 2551 Platonici
1176 2518 1233 2551 ac
1266 2501 1433 2561 Stoici,

311 2582 587 2629 quanquam
628 2566 835 2615 diversis
877 2566 1057 2629 quique
1094 2567 1253 2615 modis
1300 2582 1433 2615 com-

312 2640 601 2689 mentantes,
633 2631 847 2695 amplexi
878 2640 1008 2688 sunt,
1040 2631 1145 2679 baec
1179 2630 1345 2695 petita,
1374 2631 1436 2679 de

310 2694 474 2743 anima
512 2694 699 2753 mundi,
740 2696 789 2743 h.
833 2695 1078 2759 principio
1116 2704 1306 2758 agente,
1346 2710 1437 2759 per

311 2772 505 2807 omnem
543 2768 767 2807 naturam
800 2759 921 2816 susa,
959 2757 1177 2808 omnium
1212 2759 1433 2807 animan-

310 2822 435 2871 tium
468 2822 657 2872 animas
689 2823 1106 2882 subministrante,
1142 2832 1191 2871 et
1224 2824 1433 2881 easdem,

309 2886 547 2936 dissoluto
574 2902 794 2951 corpore,
826 2886 1005 2935 iterum
1038 2887 1089 2935 in
1110 2900 1179 2944 se,
1204 2896 1434 2950 tanquam

310 2951 407 3000 sibi
439 2952 707 3012 συγγενεῖς,
746 2950 1029 3015 recipiente.
1105 2952 1230 2999 Cum
1270 2960 1434 2999 autem

308 3014 395 3063 illa
416 3030 555 3064 mens
572 3014 877 3065 subtilissimi
900 3030 957 3063 ac
974 3014 1223 3080 purissimi
1238 3014 1435 3063 aetheris

309 3090 397 3128 aut
444 3079 575 3142 ignis
625 3087 851 3128 naturam
898 3080 1079 3128 habere
1122 3079 1431 3135 crederetur3

368 3142 515 3192 iritus
536 3159 599 3192 ex
626 3159 687 3192 ea
707 3152 992 3191 emanantes
1012 3146 1223 3191 aetloen'os
1244 3147 1435 3191 haustus

310 3206 449 3257 duxit

311 3272 599 3327 724—7513
656 3282 709 3319 et
754 3271 1021 3320 tenendum
1068 3270 1190 3319 illud
1235 3280 1436 3335 propter

309 3336 463 3385 multa
484 3336 581 3384 alia
597 3344 853 3400 poetarum
874 3334 994 3383 loca.

377 3402 487 3449 219.
529 3400 611 3447 Ex
640 3398 721 3447 his
752 3398 922 3463 signis,
958 3396 1251 3459 τεκμηρίοιςς
1298 3406 1435 3459 atque

310 3468 409 3513 ltaec
436 3467 655 3527 exempla,
680 3472 979 3527 arguments,
1002 3466 1159 3510 secuti.
1228 3462 1437 3510 ornavit

310 3538 459 3593 poeta
488 3528 714 3591 vulgare:
760 3526 860 3575 His
889 3541 1038 3590 apum
1069 3525 1211 3573 factis
1238 3524 1435 3588 quidam

310 3592 505 3641 adducti
530 3601 647 3641 sunt
668 3602 725 3639 ut
744 3590 1061 3655 opinarentur
1082 3599 1173 3638 etc.

378 3658 489 3705 222.
527 3660 701 3706 Goelum
854 3657 1006 3711 mam,
1030 3654 1196 3711 altum,
1220 3652 1273 3701 in
1296 3668 1430 3715 mag-

311 3736 427 3769 nam
469 3720 779 3771 altitudinem
822 3732 1121 3781 essm-genu
1164 3726 1223 3765 ut
1264 3726 1434 3765 contra

312 3788 461 3833 ouum
482 3802 608 3833 more
625 3800 715 3849 pro
736 3782 992 3849 profundo.
1318 3842 1330 3855 α

382 3849 653 3899 224-227,
694 3850 866 3897 Tenues
884 3851 1018 3903 vitae,
1032 3845 1235 3902 animas,
1251 3858 1432 3907 quippe

312 3913 527 3962 etheriae
550 3922 749 3970 naturae,
766 3926 1009 3967 arcessere,
1027 3910 1261 3973 accipere.
1322 3910 1429 3956 Om-

312 3982 411 4036 nia,
430 3978 477 4026 h.
502 3974 997 4041 spiritumomnium,
1028 3990 1135 4036 quae
1156 3972 1307 4021 vitam
1339 3970 1433 4019 sibi

314 4056 381 4089 ex
420 4041 603 4089 aethere
644 4038 1013 4088 arce-siverunt.
1078 4040 1253 4094 Velare,
1298 4036 1347 4083 h.
1389 4050 1430 4082 e.

318 4106 511 4154 evolare
540 4104 593 4153 in
614 4105 859 4153 aetherem.
915 4105 1093 4151 Sideris
1114 4106 1163 4150 iu
1184 4116 1431 4156 numerum,

312 4170 445 4218 inter
486 4169 661 4227 sidera,
706 4182 821 4216 nam
859 4167 1030 4216 eadem
1066 4164 1236 4214 mundi
1272 4163 1435 4212 anima

312 4233 477 4284 sidera
492 4240 687 4281 movet=
722 4248 835 4281 cum
864 4240 1027 4279 autem
1052 4244 1253 4294 corpore
1276 4228 1436 4277 soluta

314 4297 481 4346 anima
513 4306 714 4361 propter
750 4295 1003 4343 aetberiam
1037 4310 1175 4342 suam
1210 4302 1433 4341 naturam

313 4362 471 4410 alum
500 4360 641 4426 petit,
664 4360 793 4409 redit
825 4374 885 4407 ea
913 4358 967 4406 in
999 4358 1177 4407 coelum
1210 4368 1261 4404 et
1292 4355 1435 4403 astris

312 4424 639 4482 admiscemr3
674 4424 805 4473 unde
830 4422 1062 4472 succesit
1085 4436 1199 4471 mox
1220 4420 1305 4469 illa
1326 4419 1431 4482 opi·

522 3208 661 3256 Idem
693 3206 927 3271 placitum
960 3207 1188 3271 exposuit
1221 3208 1335 3255 AEn.
1367 3206 1432 3263 vi,

1496 2116 1595 2178 nio,
1629 2134 1725 2183 qua
1750 2119 1996 2182 justorum
2029 2135 2086 2169 ac
2118 2116 2312 2185 piorum
2345 2118 2534 2173 animas
2564 2121 2619 2173 in

1495 2183 1658 2232 sidera
1799 2184 1851 2233 ni
1871 2185 2094 2233 arbitrati
2113 2194 2244 2234 sunt.

1561 2250 1835 2296 228—235.
1873 2248 2252 2298 necasti-atione
2261 2248 2616 2316 favorumprae-

1498 2310 1663 2373 cipere
1695 2311 1899 2375 incipit;
1935 2321 1986 2360 et
2018 2312 2214 2374 quidem
2246 2329 2358 2362 cum
2390 2314 2621 2377 praesidia

1499 2388 1670 2424 contra
1701 2390 1850 2439 apum
1879 2376 2003 2423 iram
2029 2386 2080 2423 et
2107 2376 2335 2434 fluorem,
2356 2377 2544 2426 fumum
2569 2388 2621 2428 et

1499 2454 1638 2501 aquae
1669 2438 2048 2503 adspersionem,
2085 2448 2188 2489 tum
2220 2449 2414 2503 tempus
2446 2443 2616 2492 mella·

1499 2502 1648 2551 tionis
1665 2518 1781 2551 vere
1803 2512 1854 2551 et
1873 2512 2138 2551 auctumno
2157 2503 2319 2551 tradit.

1566 2568 1676 2624 228,
1687 2568 1797 2615 229.
1818 2570 2077 2629 Augustam
2093 2566 2154 2614 ad
2167 2567 2474 2615 sanctitatem
2487 2568 2620 2619 sedis

1500 2640 1704 2695 spectat.
1774 2634 1968 2679 Servata
1995 2634 2131 2679 mella
2165 2633 2411 2679 Remuria
2434 2635 2616 2691 retines,

1498 2710 1604 2759 pro,
1641 2695 1896 2743 thesauros
1933 2695 2092 2743 mellis
2129 2695 2342 2751 servatig
2385 2696 2470 2758 qui
2503 2700 2616 2745 reli-

1499 2766 1686 2817 nuum,
1733 2758 2068 2821 resignannn:
2115 2758 2312 2823 proprie
2329 2814 2336 2825 ι
2355 2760 2616 2824 ampliore,

1498 2822 1644 2935 gyssa,
1669 2832 1721 2870 et
1740 2822 1834 2871 alia
1852 2822 2004 2870 oblita
2023 2822 2134 2887 pice
2156 2831 2207 2871 et
2226 2822 2448 2881 obducta,
2471 2824 2618 2874 relini

1533 2896 1742 2935 leuntur.

1500 3013 1511 3025 ·
1566 2952 1676 3007 229,
1701 2952 1809 2998 230.
1836 2950 1900 3025 ,εἰ
1921 2965 2038 2998 vera
2069 2959 2146 2998 est
2176 2950 2297 3025 haec·
2311 2950 2472 3009 lectio,
2495 2959 2547 2999 et
2571 2952 2618 3027 si

1497 3014 1899 3126 lvleroeblilgrgliairdiitlir
1920 3078 2052 3151 hmcg
2088 3087 2145 3125 ut
2193 3022 2619 3127 uexasset-⁸:223:

1496 3158 1734 3253 sm·
1757 3142 1926 3253 οἳὲοῗ,
1946 3140 2618 3255 ⁸2¹3m⁹zaeizv²ssnzz¹zz¹5

1496 3269 1703 3325 habereg
1738 3240 1932 3334 poet’ica
1950 3284 1978 3316 c
2043 3268 2092 3317 ia
2117 3240 2308 3317 addidit’
2324 3286 2527 3331 spartes,
2547 3242 2615 3319 sc:

1498 3348 1597 3391 ors,
1623 3333 1782 3395 quoad
1809 3348 1921 3389 ora3
1956 3333 2022 3381 ha
2083 3348 2142 3381 ns
2174 3348 2229 3382 os
2261 3348 2498 3396 sparsum,
2526 3334 2614 3383 ad-

1498 3412 1735 3461 sper-sum,
1751 3396 1998 3461 prolatum
2013 3412 2150 3459 aqua.
2189 3396 2437 3461 Expedita
2446 3398 2612 3446 hacte-

1499 3476 1594 3508 nus
1636 3460 1906 3515 sententian
1954 3460 2042 3507 sed
2084 3460 2236 3523 quaeri
2279 3475 2410 3508 nunc
2453 3470 2618 3523 potest

1500 3539 1730 3586 quorsum
1759 3524 1850 3571 hoc
1873 3523 2005 3571 factu
2034 3539 2157 3585 opus
2186 3523 2264 3571 sit.
2331 3524 2615 3571 statuebam

1498 3602 1696 3635 causam
1728 3602 1850 3642 esse,
1884 3601 1947 3633 ne
1991 3600 2078 3633 ora
2115 3585 2242 3633 male
2281 3584 2464 3633 olentia
2499 3584 2616 3644 sint,

1494 3650 1628 3714 quod
1635 3651 1858 3698 soetorem
1869 3649 1998 3696 serre
2009 3656 2258 3709 nequeunt
2265 3662 2396 3711 apes.
2439 3646 2614 3697 Enim-

1496 3730 1628 3771 vero,
1665 3713 1745 3762 vel
1784 3713 1855 3761 sic
1895 3726 1994 3760 non
2031 3710 2150 3759 satis
2193 3719 2344 3775 patet,
2383 3726 2616 3773 quorsum

1585 3777 1634 3826 vi
1669 3776 1806 3825 odori
1844 3790 2016 3824 cavere
2057 3791 2087 3823 o
2121 3790 2181 3823 us
2224 3790 2332 3823 esse
2375 3773 2616 3823 creditum

1495 3794 1660 3900 ffirit,
1683 3856 1794 3890 cum
1813 3840 1972 3889 fumos
1989 3840 2084 3888 mel
2105 3838 2266 3889 carius
2291 3854 2395 3903 prae
2415 3854 2470 3887 se
2491 3836 2618 3887 serat

1496 3922 1660 3954 manu.
1695 3908 1888 3953 Famam
1897 3906 2183 3967 praeoendere
2200 3904 2249 3951 h.
2266 3912 2380 3951 ante
2393 3917 2446 3950 se
2458 3902 2586 3950 ferre
2601 3920 2614 3959 ς

1497 3985 1594 4033 quo
1611 3969 1799 4018 scilicet
1810 3984 1928 4044 apes
1941 3968 1994 4017 in
2007 3967 2316 4024 vestibulum,
2332 3966 2409 4014 vel
2426 3964 2616 4023 cellam,

1498 4034 1705 4083 aliamve
1726 4033 1852 4082 alvei
1879 4042 2070 4095 partem
2091 4030 2362 4105 abigantur,
2387 4028 2616 4093 favosque

1498 4096 1784 4147 eximendos
1805 4112 1836 4144 a
1857 4096 2078 4144 mellatio
2097 4095 2389 4157 relinquant.

1565 4162 1836 4210 231—235.
1874 4160 2000 4207 Sunt
2035 4158 2140 4207 haec
2174 4157 2475 4222 interposita.
2531 4157 2620 4207 Bi·

1498 4225 1552 4273 in
1571 4240 1699 4274 anno
1728 4224 1874 4272 mella
1900 4222 2195 4279 eximuntur,
2215 4236 2331 4271 vere
2358 4231 2617 4279 transacto,

1499 4299 1551 4338 et
1571 4289 1702 4401 ciza
1725 4287 2083 4365 aequinoctium.
2109 4286 2277 4397 o‘113ene
2309 4286 2620 4397 mqssentiibus

1499 4369 1622 4403 conc
1685 4369 1742 4401 o:
1777 4368 1830 4400 m
1865 4366 1960 4399 rim
2076 4366 2108 4399 u
2211 4366 2341 4399 nunc
2435 4365 2467 4398 n

1500 4434 1620 4483 apes
1641 4426 1758 4467 sunt
1771 4367 1945 4480 ἕνεκα
1963 4366 2125 4475 ¹rti'ellle,
2147 4414 2236 4463 sod
2257 4414 2354 4463 favi
2371 4421 2488 4463 sunt
2507 4364 2622 4476 ἐξ
