3050 4934
431 239 557 303 178

1224 226 1950 294 GEORGICON

601 386 836 450 Ambae
867 404 1048 459 auro,
1082 383 1272 466 pictis
1300 381 1599 444 incinctoe
1628 377 1907 464 pellibus
1936 380 2180 456 ambae3

601 486 826 570 Atque
861 482 1157 568 Ephyre,
1189 493 1386 566 atque
1418 481 1611 565 Opia,
1642 492 1711 544 et
1740 477 1905 543 Asia
1933 480 2271 564 Deiopea3

601 587 695 651 Et
726 585 991 650 tandem
1020 584 1252 668 positis
1283 582 1474 646 velox
1506 579 1846 645 Arethusa
1876 581 2151 664 sagittis·

429 691 561 755 345
604 688 786 753 Inter
811 709 974 770 quas
1005 707 1228 748 curam
1254 682 1565 766 Clymene
1595 682 1907 745 narrabat
1934 675 2191 744 inanem

605 788 909 863 Vulcani,
945 785 1314 869 Martisque
1343 782 1533 848 dolos
1562 793 1632 846 et
1662 781 1879 846 dulcia
1906 780 2120 858 ἧπτες

611 891 808 975 Aque
842 888 1027 952 Chao
1059 887 1300 950 densos
1329 883 1550 948 divfim
1582 884 1967 947 numerabat
1994 903 2266 945 amores·

607 991 906 1056 Carmine
940 1009 1071 1072 quo
1099 997 1314 1070 captae
1343 986 1499 1049 dum
1532 983 1694 1048 fusis
1724 982 1937 1047 mollia
1966 1005 2172 1067 pensa

612 1090 1008 1166 Devolvunt,
1039 1089 1274 1154 iterum
1303 1097 1628 1150 maternas
1658 1083 1915 1168 impulit
1942 1105 2135 1148 aures

437 1196 568 1260 350
613 1193 866 1258 Luctus
891 1189 1180 1266 Aristaei,
1209 1188 1561 1271 vitreisque
1594 1185 1907 1250 sedilibus
1938 1207 2159 1250 omnes

613 1295 1076 1376 Obstupuere3
1126 1291 1242 1354 sed
1275 1299 1424 1352 ante
1455 1287 1615 1351 alias
1648 1285 1985 1351 Arethusa
2016 1307 2275 1351 sorores

617 1395 1056 1479 Prospiciens,
1089 1413 1338 1455 summa
1365 1389 1606 1452 flavum
1634 1399 1835 1472 caput
1862 1387 2097 1452 extulit
2126 1387 2322 1451 unda.

614 1496 707 1560 Et
737 1492 1000 1580 procul:
1051 1493 1114 1557 Ο
1146 1492 1390 1575 gemitu
1419 1512 1549 1554 non
1581 1489 1825 1553 frustra
1852 1489 2169 1552 exterrita
2190 1497 2399 1562 tanto,

614 1596 871 1680 Cyrene
904 1609 1110 1668 soror,
1142 1594 1286 1677 ipse
1309 1593 1450 1667 tibi,
1483 1601 1599 1654 tua
1628 1591 1907 1654 maxima
1936 1612 2115 1667 cura,

445 1699 574 1763 355
620 1696 864 1761 Tristis
896 1693 1222 1757 Aristaeus
1253 1691 1459 1756 Penei
1489 1691 1799 1775 genitoris
1830 1691 1915 1755 ad
1948 1692 2189 1755 undam

619 1797 767 1860 Stat
795 1794 1159 1870 lacrimam,
1191 1804 1260 1857 et
1287 1803 1352 1856 te
1383 1790 1713 1856 crudelem
1742 1793 1997 1856 nomine
2027 1793 2207 1856 dicit.

625 1897 802 1960 Huic
833 1917 1150 1980 percussa
1177 1916 1347 1957 nova
1373 1903 1654 1957 mentem
1677 1890 2017 1958 formidine
2044 1904 2275 1969 mater,

624 1997 802 2073 Duc,
833 2018 976 2079 age,
1011 1996 1139 2059 duc
1167 1995 1252 2057 ad
1281 2017 1436 2070 nos;
1484 1992 1583 2057 fas
1612 1993 1705 2058 illi
1731 1992 1947 2057 limina
1973 1993 2193 2058 divfim

624 2097 956 2179 Tangere,
987 2097 1111 2158 ait:
1161 2094 1348 2158 simul
1375 2093 1506 2157 alta
1522 2095 1717 2178 jubet
1745 2095 2083 2160 discedere
2107 2095 2237 2160 late

452 2200 582 2264 360
625 2197 945 2273 Flumina,
977 2218 1109 2279 qua
1130 2195 1389 2279 juvenis
1421 2216 1688 2278 gressus
1720 2195 2009 2260 inferret.
2086 2196 2183 2260 At
2208 2194 2387 2259 illum

627 2298 915 2362 Curvata
943 2297 1008 2359 in
1038 2297 1272 2359 montis
1303 2295 1533 2360 faciem
1559 2295 1987 2361 >circumstetit
2014 2297 2211 2374 unda,

628 2398 1038 2483 Accepitque
1071 2398 1217 2462 sinu
1247 2407 1453 2473 vasto,
1484 2397 1787 2479 misitque
1819 2398 1943 2460 sub
1972 2419 2242 2460 amnem.

633 2499 913 2582 Jamque
947 2499 1208 2562 domum
1233 2497 1470 2562 mirans
1502 2497 1871 2580 genetricis,
1902 2506 1972 2560 et
1998 2495 2268 2562 humida
2295 2518 2519 2581 regna,

633 2600 1105 2685 Speluncisque
1134 2597 1314 2662 lacus
1347 2598 1624 2673 clausoS,
1654 2596 1967 2682 lucosque
2001 2609 2331 2676 sonantes,

459 2702 588 2766 365
633 2699 804 2776 Ibat,
835 2710 924 2776 et,
954 2701 1202 2782 ingenti
1230 2709 1410 2763 motu
1441 2697 1845 2782 stupefactus
1876 2721 2212 2782 aquarum,

463 2911 653 2962 Oceani
703 2911 831 2968 filiae,
890 2911 1106 2972 adeoque
1161 2919 1351 2959 coeterae
1403 2910 1581 2958 Nerei·
1646 2913 1899 2971 sumenda,
1918 2929 2031 2962 eum
2048 2923 2153 2962 rete
2172 2913 2489 2962 fabricaretur
2508 2927 2605 2976 quo
2628 2912 2767 2961 Mar-

465 2977 578 3032 des;
615 2991 736 3039 quas
754 2989 960 3023 numero
980 2975 1037 3031 L,
1057 2973 1167 3022 illas
1185 2983 1260 3021 ter
1277 2974 1412 3021 mille
1435 2975 1585 3022 fiiisse

463 3040 712 3089 tradimm.
770 3037 1033 3086 Communi
1077 3048 1242 3085 tamen
1281 3052 1374 3085 usu
1415 3053 1586 3086 omnes

468 3104 614 3152 dicte
633 3101 890 3151 Nereides.

531 3168 641 3213 342.
677 3168 837 3214 Amba
866 3168 1027 3212 cineta
1063 3168 1244 3212 auratis
1270 3172 1317 3212 et
1345 3167 1502 3226 pictis,
1537 3165 1585 3212 h.

463 3229 628 3287 variis,
645 3231 858 3290 pellibus,
879 3237 962 3276 tan
997 3243 1110 3276 uam
1134 3229 1392 3292 Nymphae,
1411 3236 1462 3276 et
1477 3226 1585 3290 qui-

468 3293 581 3342 dem
605 3291 904 3341 venatrices:
941 3244 1001 3339 02³.
1022 3307 1068 3338 v.
1093 3293 1203 3338 344.

533 3357 643 3404 343.
692 3357 812 3403 Asia
846 3369 877 3402 a
917 3363 1077 3402 tractu
1110 3353 1304 3417 Lydiae:
1339 3354 1439 3402 vid.
1481 3369 1588 3418 sup.

465 3423 589 3470 Geo.
613 3419 647 3477 i,
673 3421 784 3467 383.

534 3486 644 3532 344.
681 3485 916 3531 Arethusa
935 3483 1076 3540 velox,
1102 3496 1220 3544 ergo
1235 3490 1289 3529 et
1307 3481 1415 3546 ipsa
1435 3497 1583 3530 vena-

465 3547 582 3605 trix,
615 3562 727 3596 cum
747 3545 859 3594 Clio
883 3555 935 3593 et
955 3545 1125 3593 Beroe.
1179 3547 1352 3594 Positis
1384 3549 1587 3609 sagittis,

471 3629 581 3675 quae
597 3621 699 3659 tum
718 3610 1010 3673 deposuerat
1025 3625 1165 3658 arcus
1181 3629 1193 3665 ς
1215 3625 1328 3658 nam
1347 3609 1592 3658 assidebat

469 3675 578 3724 eolo
592 3685 696 3723 tum
711 3673 840 3722 inter
851 3681 1066 3722 creteras.
1103 3673 1381 3722 Dicendum
1395 3685 1484 3731 est,
1534 3689 1587 3721 o-

470 3749 574 3788 etas
588 3737 850 3788 omninoin
861 3737 1205 3802 Nympharum
1247 3737 1475 3786 eneribus
1485 3689 1587 3786 dis·

473 3801 732 3852 cernendis
741 3817 840 3849 non
855 3800 1036 3863 ubique
1049 3815 1160 3849 esse
1171 3817 1228 3849 so
1246 3816 1328 3849 ere
1341 3801 1460 3850 satis
1473 3802 1588 3850 sub-

471 3866 583 3915 tiles
602 3882 658 3915 ac
677 3865 950 3928 diligentes,
973 3873 1024 3912 et
1038 3865 1293 3928 Nymphas
1310 3865 1518 3913 fontium
1542 3873 1595 3914 et

471 3931 689 3978 amnium
711 3929 846 3978 silvis
870 3937 922 3976 et
945 3927 1162 3986 saltibus,
1188 3937 1358 3976 contra
1379 3945 1496 3977 vero
1527 3944 1590 3977 ex

472 3995 721 4042 montibus
743 4001 796 4042 et
813 3991 1018 4042 saltibus
1035 3992 1268 4042 deductas
1291 3993 1508 4042 Orcadas
1541 4002 1593 4042 et

476 4057 524 4105 N
529 4073 690 4132 apaees
711 4055 954 4107 venationi
980 4055 1243 4106 immisceri
1265 4057 1484 4120 adeoque
1509 4073 1587 4106 sa-

470 4120 610 4183 gittis
627 4130 678 4169 et
689 4122 896 4169 arcubus
912 4120 1104 4168 instrui.
1160 4121 1238 4169 Ita
1251 4120 1414 4169 Diana
1433 4123 1589 4186 Nym-

470 4185 595 4297 {¹²⁸⁸
631 4184 904 4232 venatrices
941 4199 1006 4232 ex
1043 4183 1311 4232 Oceaninis
1351 4185 1472 4248 legit
1509 4202 1586 4250 ap.

515 4247 663 4306 allim.
687 4247 742 4294 in
765 4247 910 4295 Dian.
935 4249 1014 4294 42.

539 4313 648 4368 345,
675 4312 783 4358 346.
821 4314 992 4359 Curam
1021 4315 1202 4360 inanem
1245 4313 1452 4370 Vulcani,
1483 4323 1585 4362 stu-

469 4374 606 4423 dium
635 4374 687 4421 in
722 4375 1024 4422 observando
1059 4376 1281 4424 adultero
1317 4386 1367 4424 et
1403 4377 1589 4426 ultione

1650 2985 1749 3022 tem
1766 2991 1879 3024 cum
1894 2978 2089 3026 Venere
2109 2977 2425 3042 opprimeret.
2480 2979 2657 3024 Martis
2676 2980 2774 3025 doli

1649 3039 1781 3087 haud
1801 3040 1949 3089 dubie
1966 3041 2097 3090 idem
2115 3051 2288 3090 notant
2302 3041 2431 3103 quod
2446 3043 2605 3089 dulcia
2611 3039 2770 3104 sarta,

1650 3117 1763 3150 cum
1787 3105 1913 3152 clam
1938 3105 2161 3155 Vulcano
2182 3107 2370 3154 fierent.

1718 3167 1829 3217 347.
1876 3172 2303 3228 Demos—ames,
2342 3171 2552 3226 crebros,
2594 3184 2775 3232 magno

1654 3245 1857 3341 nuanero
1876 3241 1925 3279 et
1942 3232 2089 3296 longa
2107 3235 2400 3284 narrationis
2422 3234 2547 3282 serie
2570 3243 2773 3296 pertex-

1654 3307 1717 3341 en
1752 3309 1821 3342 os.

1720 3359 1830 3405 848.
1865 3361 1987 3407 Dum
2005 3360 2135 3421 fissis
2156 3365 2311 3412 mollia
2334 3379 2479 3423 pensa
2500 3363 2773 3410 Devolount.

1654 3421 1931 3470 Devolvere
1962 3433 2037 3470 est
2060 3425 2299 3473 volvendo
2328 3426 2585 3482 deducere,
2606 3425 2712 3474 scil.
2747 3442 2775 3474 e

1650 3485 1758 3533 colo
1778 3485 1914 3534 fiasis.
1971 3490 2181 3544 Peneum,
2206 3498 2393 3536 eertum
2414 3490 2541 3538 lanae
2561 3489 2772 3554 pondus,

1652 3549 1781 3611 quod
1794 3549 1989 3598 mulieri
2000 3560 2135 3599 certo
2150 3560 2367 3615 tempore
2381 3554 2597 3602 nendum
2614 3554 2771 3617 assig-

1654 3622 1813 3661 natur.

1720 3679 1830 3736 350,
1856 3681 1966 3726 351.
2010 3681 2171 3728 Vitrea
2191 3683 2373 3738 sedilia,
2398 3696 2529 3729 nunc
2556 3681 2773 3745 proprie,

1654 3755 1685 3788 e
1700 3740 1841 3789 vitro.
1877 3745 2060 3792 Sorores
2073 3754 2220 3808 poeta
2230 3744 2415 3792 dixisse
2428 3745 2633 3802 videtur,
2648 3762 2773 3808 qua-

1656 3813 1800 3854 tenus
1822 3822 1990 3855 omnes
2014 3809 2143 3872 Nym
2180 3810 2257 3857 hae
2279 3808 2519 3857 Nereides
2541 3808 2618 3856 vel
2643 3811 2773 3858 Oce-

1656 3868 1826 3917 anides
1848 3869 1999 3918 fuisse
2019 3871 2123 3920 inte
2160 3872 2229 3934 igi
2252 3883 2470 3936 possunt.

1720 3935 1992 3984 355—357.
2026 3938 2403 3998 Perwigenitoris
2420 3938 2648 4000 Cyrenes.
2676 3937 2778 3985 Sed

1655 4007 1945 4060 perpetuum
1982 4014 2270 4062 magnorum
2315 4001 2590 4056 fluviorum,
2616 4009 2775 4061 pater,

1652 4065 1846 4124 genitor.
1901 4066 2095 4112 Nomius
2132 4067 2261 4122 dicit,
2306 4066 2539 4122 nominat,
2578 4064 2779 4128 poetica

1655 4125 1956 4190 periphrasi:
1994 4128 2052 4176 cf.
2070 4129 2183 4177 AEn.
2208 4130 2297 4189 xii,
2317 4131 2427 4178 652.
2462 4127 2773 4190 Novasormi-

1652 4191 1774 4247 dine,
1799 4192 2071 4255 rependas.

1656 4316 1667 4326 ι
1720 4255 1993 4330 seo-{362
2014 4259 2140 4332 ,αμα
2158 4273 2213 4306 se
2238 4257 2435 4320 juvenis
2466 4273 2555 4322 per
2588 4256 2779 4332 fontem

1652 4323 2307 4443 fflffiffiffl‘zffii
2322 4337 2779 4450 ,zffimqmffpzffi'ff
