3050 4934
873 869 1460 955 VIRGILII
1520 871 1858 955 VITA.

217 1419 370 1466 Atto

217 1497 270 1547 U.
291 1499 352 1548 c.

215 1595 354 1661 684.
401 1581 628 1664 Ama
685 1597 1022 1666 christum
1081 1613 1306 1667 natum
1347 1601 1594 1681 70,1‹1.
1639 1601 1917 1668 Octobr.
1962 1597 2283 1686 Virgilius
2316 1599 2528 1664 Andi-

462 1715 612 1794 bus,
641 1718 786 1802 agri
812 1716 1159 1784 Mantuani
1185 1720 1350 1799 vieo,
1379 1721 1693 1785 nascitur.

219 1828 354 1894 689.
405 1829 498 1905 Q.
529 1831 850 1899 Horatius
877 1835 1186 1901 nascitur.

217 1947 357 2013 691.
405 1948 486 2014 C.
519 1949 838 2017 Octavius
867 1954 1174 2018 nascitur.

217 2065 356 2130 705.
403 2067 700 2133 Catullus
729 2069 910 2135 obiit.
982 2069 1287 2135 Tibullus
1309 2070 1617 2136 nascitur.

219 2183 356 2248 710.
403 2181 582 2250 Ante
601 2183 678 2251 C.
699 2185 796 2250 N.
813 2186 922 2264 44,
945 2185 1046 2252 Id.
1068 2186 1332 2254 Martiis
1350 2185 1569 2253 Julius
1591 2186 1817 2252 Caesar
1834 2185 2172 2252 occiditur.
2220 2185 2299 2250 C.
2322 2186 2526 2252 Octa-

463 2303 627 2382 vius,
659 2303 940 2369 Coesaris
967 2303 1184 2370 haeres
1209 2306 1571 2384 institutae,
1594 2303 1948 2390 Apollonia
1975 2303 2257 2369 Romam
2282 2303 2496 2370 rediit.

220 2419 359 2484 711.
407 2415 582 2484 Ludi
609 2420 676 2486 in
701 2419 866 2486 Julii
896 2419 1178 2488 Coesaris
1205 2421 1522 2489 honorem
1546 2423 1792 2488 habiti:
1838 2422 1971 2488 vid.
2007 2420 2155 2488 Ecl.
2188 2423 2282 2499 ix,
2313 2421 2421 2485 47.

383 2537 661 2604 Ovidius
687 2551 758 2605 et
787 2539 1176 2626 Propertius
1203 2551 1582 2607 naseuntur.

389 2653 644 2721 Bellum
669 2655 1072 2724 Mutinense.

383 2771 452 2837 V
479 2772 619 2840 Cal.
653 2773 974 2840 Decemb.
1026 2774 1130 2840 M.
1177 2774 1500 2860 Lepidus,
1536 2773 1637 2838 M.
1666 2771 2021 2868 Antonius,
2066 2784 2135 2837 et
2178 2771 2257 2836 C.
2296 2770 2521 2838 Coesar

466 2891 870 2958 Octavianus
897 2894 1022 2958 sub
1043 2891 1564 2958 Triumvirorum
1592 2891 1848 2956 nomine
1880 2890 2121 2975 Remp.
2154 2901 2498 2975 occupant.

383 3007 448 3072 V
479 3007 582 3074 Id.
615 3008 936 3076 Decemb.
969 3007 1204 3075 Cicero
1232 3009 1574 3094 occiditur,
1604 3003 1813 3074 annos
1836 3007 1927 3072 64
1952 3017 2167 3072 natus.

381 3123 646 3191 Asinius
677 3124 888 3192 Pollio
919 3125 1154 3191 Gauioe
1182 3124 1533 3212 Cisalpinae
1562 3125 1885 3210 (adeoque
1930 3145 2091 3210 agro
2135 3121 2528 3209 Mantuano)

465 3245 549 3309 ab
571 3243 862 3310 Antonio
893 3244 1242 3330 proefectus
1273 3255 1396 3310 est.

223 3361 363 3423 712.
407 3359 541 3426 cal.
573 3361 844 3428 Januar.
879 3361 970 3426 D.
1004 3359 1166 3427 Julii
1206 3362 1486 3428 Caesaris
1534 3360 1917 3426 ἀποθέωσις
1966 3358 2529 3425 solenniter‘insti-

465 3489 606 3544 tuta
634 3490 766 3556 est3
813 3501 852 3542 a
879 3499 1012 3564 quo
1041 3489 1333 3564 tempore
1385 3477 1789 3544 Octavianus
1820 3477 1993 3542 Dim·
2022 3476 2243 3542 Filius
2274 3476 2521 3543 dictus:

465 3595 592 3660 vid.
625 3594 784 3662 AEn.
818 3597 904 3674 vi,
934 3596 1082 3660 793.

381 3707 574 3778 Anno
624 3712 762 3778 fere
811 3724 1119 3791 exeunte,
1162 3725 1494 3799 pugnatur
1542 3713 1628 3776 ad
1686 3709 2049 3796 Philippos.
2142 3711 2405 3776 Caesare
2458 3713 2524 3776 in

463 3829 712 3896 ltaliam
739 3831 1082 3909 redeunte,
1115 3852 1418 3917 agrorum
1461 3828 1942 3914 municipalium
1985 3831 2157 3896 inter
2184 3839 2525 3896 veteranos

461 3947 830 4014 distributio
873 3948 1046 4015 facta
1089 3959 1224 4015 est:
1270 3949 1445 4014 unde
1489 3949 1789 4034 ingentes
1834 3969 1953 4033 per
1998 3947 2247 4014 Italiam
2286 3949 2518 4015 turbae.

461 4063 806 4132 calamitas
827 4066 958 4132 ista
981 4067 1174 4132 etiam
1198 4067 1284 4131 ad
1315 4065 1713 4132 Mantuanos
1737 4077 1806 4131 et
1830 4065 2177 4150 Virgilium
2200 4068 2518 4152 pervenit.

377 4183 700 4268 Sequente
745 4205 916 4250 anno
945 4182 1262 4270 Virgilius
1306 4183 1585 4249 Romam
1631 4182 1963 4269 profectus
2008 4193 2133 4260 est,
2178 4195 2245 4249 et
2274 4183 2521 4250 Caesari

457 4303 969 4380 commendatus,
1001 4321 1195 4387 agros
1227 4321 1380 4367 suos
1410 4303 1687 4386 recepitz
1734 4300 1864 4365 vid.
1900 4300 2045 4366 Eel.
2079 4304 2099 4366 i
2130 4313 2197 4367 et
2225 4304 2314 4366 ix.

217 4417 352 4482 714.
400 4417 686 4487 Pollione
743 4418 1052 4497 Consule,
1108 4417 1332 4485 Caesar
1387 4419 1791 4485 Scriboniam
1846 4443 2117 4487 uxorem
2171 4421 2395 4497 duxit3
2454 4433 2519 4484 et
