3050 4934
1153 265 1495 330 LIBER
1544 266 1768 331 VIII.
1851 295 1856 298 ·

2491 266 2618 330 477

480 409 574 474 Et
604 412 763 474 vitta
792 423 1040 477 comtos
1070 412 1273 478 voluit
1301 415 1713 499 praetender'e
1743 437 1988 494 ramos;

474 509 635 575 Non
663 513 968 596 equidem
996 515 1287 592 extimui,
1321 513 1626 579 Danafim
1655 517 1832 600 quod
1864 517 2122 594 ductor,
2155 526 2222 580 et
2249 515 2488 595 Arcas,

309 611 433 675 130
478 612 809 696 Quodque
838 615 924 678 ab
954 617 1157 700 stirpe
1184 615 1359 680 fores
1391 618 1663 700 geminis
1695 619 2078 700 conjunctus
2109 617 2402 696 Atridis;

478 713 613 776 Sed
644 737 787 778 mea
814 737 918 779 me
950 717 1177 793 virtus,
1211 728 1279 781 et
1308 729 1534 782 sancta
1563 717 1824 782 oracula
1853 717 2096 804 divum,
2220 795 2233 800 ,

477 813 884 900 cognatique
915 828 1161 900 patres,
1193 828 1309 881 tua
1338 817 1527 882 terris
1559 819 1766 881 didita
1794 817 1986 895 fama,
2162 807 2171 810 ’

476 915 894 1000 conjunxere
926 919 1066 994 tibi,
1099 930 1165 983 et
1192 919 1344 982 fatis
1376 940 1572 1003 egere
1602 919 1946 983 volentem.

476 1016 856 1094 DardanuS,
890 1018 1103 1083 Iliacae
1133 1021 1380 1104 primus
1411 1031 1601 1103 pater
1631 1021 1810 1084 urbis
1841 1031 1908 1084 et
1937 1032 2188 1098 auctor,

312 1116 433 1180 135
478 1116 769 1195 Electra,
800 1129 875 1182 ut
907 1118 1094 1183 Graii
1120 1119 1493 1204 perhibent,
1527 1119 1868 1185 Atlantide
1901 1133 2142 1200 cretuS,

475 1218 848 1284 Advehitur
876 1220 1212 1299 Teum-083
1259 1220 1592 1286 Electram
1622 1244 1959 1287 maxumus
1991 1221 2182 1288 Atlas

477 1319 731 1398 Edidit,
764 1321 1067 1385 aetherios
1097 1321 1369 1386 humero
1398 1323 1509 1406 qui
1543 1323 1820 1387 sustinet
1850 1325 2066 1388 orbes·

474 1421 687 1486 Vobis
719 1422 1091 1488 Mercurius
1122 1435 1311 1507 pater
1341 1434 1466 1500 est,
1497 1446 1694 1507 quem
1723 1426 2002 1488 candida
2032 1424 2213 1488 Maia

474 1522 761 1607 Cyllenae
788 1523 1004 1607 gelido
1034 1535 1421 1609 conceptum
1449 1526 1690 1589 vertice
1719 1524 1924 1603 fudit;

306 1623 429 1686 140
471 1620 568 1688 At
599 1623 865 1703 Maiam,
897 1626 1135 1690 auditis
1168 1627 1221 1689 si
1253 1627 1608 1710 quidquam
1639 1627 1984 1703 credimuS,
2018 1626 2233 1705 Atlas,

472 1725 657 1790 Idem
687 1725 879 1790 Atlas
907 1737 1201 1811 generat,
1234 1726 1381 1792 coeli
1413 1727 1525 1810 qui
1557 1728 1773 1791 sidera
1802 1727 1989 1792 tollit.

472 1827 583 1892 Sic
613 1849 820 1911 genus
852 1830 1187 1893 amborum
1218 1829 1452 1894 scindit
1482 1850 1554 1892 se
1584 1829 1898 1912 sanguine
1928 1830 2013 1892 ab
2043 1827 2202 1893 uno:

472 1927 599 1992 His
631 1929 862 2007 fretus„
894 1952 1022 1994 non
1050 1929 1325 2014 legatOS,
1360 1952 1571 2013 neque
1603 1931 1810 2014 prima
1839 1953 1958 2014 per
1986 1941 2192 1995 artem

470 2030 905 2096 Tentamenta
936 2033 1032 2096 tui
1060 2033 1318 2117 pepigi:
1366 2053 1489 2108 me,
1521 2054 1624 2095 me
1656 2032 1820 2115 ipse,
1851 2054 2194 2116 meumque

305 2131 429 2195 145
473 2130 713 2216 Objeci
742 2144 963 2216 caput,
994 2144 1063 2196 et
1092 2131 1372 2217 supplex
1400 2133 1485 2195 ad
1516 2131 1734 2195 limina
1763 2134 1930 2198 veni.

474 2232 661 2296 Gens
688 2233 941 2309 eadem,
970 2255 1119 2316 quae
1147 2243 1238 2308 te,
1269 2232 1517 2296 crudeli
1545 2232 1808 2296 Daunia
1836 2233 2009 2298 bello

470 2333 879 2417 Insequitur:
926 2354 1047 2396 nos
1082 2334 1137 2396 si
1165 2331 1431 2417 pellant,
1462 2333 1621 2396 nihil
1651 2333 1830 2398 afore
1861 2336 2162 2413 credunt,

958 2497 1197 2546 rehendit.
1280 2495 1419 2544 Nihil

955 2571 1137 2611 ornate.

296 2515 387 2563 pro
426 2497 649 2563 simplici,
684 2514 881 2546 manum

297 2563 507 2628 mplius
528 2563 589 2612 ad
610 2579 823 2638 sensnm,
844 2579 869 2611 s

368 2630 473 2676 128.
512 2630 701 2685 comtos,
724 2627 885 2692 simpl.
908 2643 999 2691 pro
1015 2635 1224 2674 ornatos.
1273 2625 1318 2672 A
1340 2640 1417 2674 re-

1486 2495 1626 2553 filia's,
1653 2495 1913 2544 Dardanus
1934 2513 1964 2544 a
1993 2499 2118 2547 Jove
2149 2509 2199 2546 et
2231 2499 2442 2560 Electra,
2473 2503 2610 2553 Mer-

1483 2559 1649 2634 curius
1684 2574 1714 2607 a
1749 2561 1779 2608 J
1783 2575 1878 2644 ovq
1913 2571 1965 2609 et
2002 2561 2140 2637 Moaia
2173 2572 2336 2637 natus,
2376 2574 2432 2614 ut
2469 2569 2614 2616 modo

1482 2624 1709 2682 vidimus,
1735 2634 1785 2672 et
1807 2634 1861 2672 ut
1882 2641 1998 2673 mox
2018 2626 2248 2675 disertius
2271 2640 2447 2678 narrat.
2493 2635 2610 2680 Con-

296 2691 478 2756 ligione
500 2692 649 2740 ritum
666 2691 865 2740 ductum
888 2707 993 2740 esse
1016 2691 1327 2739 manifestum
1347 2689 1416 2746 fit,
1469 2687 1673 2750 junxere
1706 2689 1755 2736 h.
1791 2688 2038 2738 adduxere
2079 2707 2171 2749 me,
2205 2699 2261 2740 ut
2294 2707 2373 2740 me
2404 2695 2494 2743 tibi
2524 2696 2609 2744 ad-

297 2771 326 2806 e
344 2755 479 2805 vittis
494 2772 581 2805 seu
598 2756 767 2804 infulis
780 2756 935 2804 laneis
954 2755 1323 2804 obvolventibus
1338 2769 1416 2802 ra-

298 2837 431 2870 mum
458 2821 777 2884 oleagineum.
834 2821 1070 2883 Adeoque
1102 2817 1275 2878 ἱκέτης,
1300 2834 1415 2881 sup-

296 2885 411 2950 plex
425 2885 594 2942 factus,
610 2901 701 2960 per
722 2900 857 2933 sacra
874 2894 925 2932 et
941 2884 1057 2932 deos
1075 2899 1127 2932 se
1144 2882 1419 2994 supplicare

296 2959 525 2999 testatum
549 2949 768 2998 faciebat.
827 2948 961 2998 Hinc
984 2947 1185 2996 omnino
1224 2947 1415 3004 cedens,

294 3015 445 3079 pacis,
470 3023 520 3062 et
541 3013 797 3078 legationis
829 3012 1104 3077 symbolum
1126 3023 1201 3060 est
1221 3012 1413 3059 factum.

365 3079 471 3126 130.
506 3081 582 3126 Ab
605 3082 751 3139 stirpe
778 3080 974 3142 geminis
994 3076 1259 3140 conjunctus
1279 3079 1414 3124 Atri-

294 3147 381 3190 dis.
457 3141 775 3205 cognationis
824 3141 1005 3204 gradus
1060 3157 1166 3189 esse
1213 3151 1417 3204 potuere

292 3207 486 3271 pluresz
532 3221 623 3281 nec
654 3205 751 3253 dici
787 3214 948 3269 potest
983 3219 1241 3279 quemnam
1274 3215 1419 3267 poeta

294 3279 735 3382 {Zsst‘ufivffln‘aessw
743 3269 1417 3406 ὄξῗῑιῖἒῗὲῗιέζέἐῗιῗιῗὲ

292 3415 321 3446 ει
343 3400 469 3447 Jove
491 3399 772 3446 ducebatur.
830 3397 959 3446 Tum
986 3412 1014 3444 a
1036 3396 1296 3452 sororibus,
1322 3396 1414 3443 At-

290 3462 439 3512 lantis
468 3462 673 3521 filiabus,
706 3471 757 3510 et
778 3461 1008 3510 Evander
1030 3470 1081 3509 et
1098 3459 1286 3509 Atridae
1318 3460 1415 3506 ori-

291 3527 412 3576 undi
448 3537 613 3582 erant3
654 3528 717 3575 ab
747 3525 921 3574 iisdem
957 3525 1172 3574 Atlantis
1208 3523 1414 3580 filiabus,

292 3591 517 3640 Pleiadas
536 3600 724 3648 vocant,
748 3591 845 3638 alia
869 3589 1093 3653 cognatio
1114 3605 1228 3636 mox
1252 3605 1293 3636 v.
1324 3589 1417 3634 134

290 3673 393 3718 sqq.
434 3655 563 3704 inter
601 3654 887 3703 Evandrum
926 3665 977 3702 et
1016 3655 1225 3701 AEneam
1261 3651 1413 3700 dedu-

288 3721 444 3775 citur;
494 3735 611 3768 nam
655 3718 917 3767 Dardanus
958 3718 1155 3766 Electra
1194 3724 1245 3764 et
1288 3717 1414 3764 Jove

288 3795 448 3841 natus,
470 3784 701 3832 Evander
720 3793 885 3831 autem
905 3782 1156 3838 Mercurii,
1180 3781 1259 3829 cui
1282 3779 1418 3828 Maia

290 3857 458 3906 mater,
482 3848 614 3897 filius
646 3847 1005 3922 perhibebatur.
1064 3845 1301 3919 Praeclare
1327 3860 1414 3894 au-

292 3923 391 3962 tem
414 3922 465 3961 et
496 3912 749 3976 ingeniose
878 3921 928 3959 ta
958 3911 1049 3959 hac
1070 3925 1265 3973 genens
1298 3925 1413 3958 eon·

279 3977 537 4040 junctione
560 3977 713 4025 utitur
746 3992 775 4024 a
830 3991 1000 4024 causas
1029 3974 1256 4024 amicitiae
1288 3973 1418 4023 inter

290 4042 575 4092 Evandrum
598 4051 649 4090 et
670 4042 907 4104 Trojanos
930 4040 1173 4088 serendas.

374 4108 642 4154 131-133.
692 4107 805 4154 Mea
836 4109 998 4162 virtus,
1039 4103 1241 4179 respicit
1278 4103 1414 4161 illud,

286 4189 375 4220 non
396 4174 601 4228 extimui,
632 4169 942 4226 confidentia,
968 4179 1017 4218 et
1050 4169 1199 4217 ammi
1238 4167 1418 4216 fiducia

287 4251 353 4284 ex
385 4251 507 4284 meae
542 4234 735 4284 virtutis
773 4233 1085 4290 conscientia,
1117 4247 1262 4294 quam
1296 4245 1412 4280 ean-

286 4300 399 4348 dem
423 4299 616 4348 confido
634 4298 763 4362 apud
788 4307 835 4346 te
862 4297 969 4345 loco
991 4296 1153 4359 aliquo
1176 4305 1227 4344 et
1247 4304 1411 4370 aucto-

286 4365 433 4412 ritate
469 4364 689 4412 habitum
722 4362 796 4410 iri.
858 4363 1061 4410 Orac-ula
1096 4363 1249 4408 divam
1286 4374 1315 4406 a
1336 4360 1413 4406 Sn-

288 4428 417 4492 bylla
436 4438 648 4492 accepta.
696 4430 891 4490 Cognati
905 4435 1079 4488 patres,
1098 4441 1187 4490 per
1204 4423 1419 4472 Atlantis

1478 2755 1688 2816 jungere
1727 2755 1962 2802 studeam.
2053 2757 2296 2814 Volentem,
2346 2758 2616 2808 Homerico

1483 2833 1634 2875 more,
1659 2833 1755 2881 quo
1775 2819 1912 2890 ιἑκὼν
1945 2817 2137 2868 ἀέκοντί
2167 2837 2228 2881 γε
2257 2823 2382 2883 θυμῷ
2413 2823 2609 2871 obvium

1483 2890 1571 2929 est.
2625 2903 2630 2908 “

1554 2947 1820 2994 134—136.
1865 2947 2153 2996 Dardanus:
2190 2949 2250 2998 cf.
2287 2948 2369 2997 lib.
2403 2949 2474 3008 iii,
2517 2952 2608 3003 167

1481 3025 1552 3072 sq.
1609 3013 1869 3058 Advehitur
1903 3013 2096 3060 Teucros
2127 3013 2175 3060 h.
2205 3013 2266 3060 sd
2287 3013 2530 3070 Teucros;
2566 3032 2605 3064 s.

1481 3073 1739 3132 Troadem,
1764 3091 1908 3138 quam
1931 3077 2123 3125 Teucer
2153 3086 2258 3125 tum
2285 3080 2494 3138 tenebat,
2520 3080 2604 3128 ad-

1482 3147 1651 3190 vectus
1681 3148 1782 3194 est:
1820 3141 2080 3190 Dardanus
2113 3141 2178 3189 ibi
2212 3142 2499 3192 Dardanum
2521 3159 2604 3192 ur-

1480 3204 1594 3251 bem
1636 3203 1866 3261 condidit,
1911 3205 2015 3254 Ilus
2054 3216 2218 3254 autem
2257 3207 2387 3256 filius
2429 3207 2604 3256 Ilium:

1480 3267 1718 3316 hactenus
1739 3267 1901 3330 itaque
1919 3279 2064 3333 poeta
2080 3269 2243 3319 dicere
2257 3271 2430 3334 potuit,
2449 3275 2607 3321 Iliaca

1476 3335 1656 3393 primus
1672 3340 1813 3394 pater
1833 3337 1961 3381 urbis
1981 3341 2028 3382 et
2049 3341 2222 3382 auctor.

1552 3397 1820 3443 143-145.
1856 3397 2082 3446 Praeclari
2103 3414 2285 3447 versus.
2327 3399 2478 3448 Hunc
2497 3415 2607 3449 amo

1482 3459 1845 3523 amplectorque
1880 3460 2117 3511 AEneam!
2171 3464 2200 3511 J
2207 3478 2362 3526 ungez
2403 3481 2491 3512 non
2519 3481 2603 3524 pe-

1474 3527 1579 3586 pigi
1603 3532 1880 3572 tentamenta
1904 3529 1984 3599 tui·
1993 3529 2148 3586 μήπω
2165 3543 2252 3587 per
2275 3530 2448 3602 legatos
2465 3544 2606 3589 neque

1474 3604 1562 3699 τες
1584 3595 2120 3726 missust?
2144 3591 2606 3718 ‘saxeam

1478 3731 1580 3762 non
1620 3724 1695 3763 est
1733 3731 1927 3779 pacisci,
1967 3716 2054 3764 sed
2092 3717 2257 3780 figere,
2293 3719 2605 3776 constituere,

1480 3779 1668 3834 ἕπει-ες
1703 3795 1767 3828 ex
1797 3795 1868 3838 eo,
1892 3780 2022 3843 quod
2052 3785 2212 3844 pangi,
2249 3782 2348 3846 figi,
2380 3782 2610 3832 dicuntur

1482 3859 1541 3892 ea
1575 3859 1683 3907 quae
1715 3844 1911 3893 decreta
1951 3855 2080 3903 sunt,
2119 3846 2266 3896 etiam
2301 3857 2418 3896 sunt
2449 3857 2604 3911 pacta.

1480 3911 1574 3957 Per
1619 3917 1764 3958 artem
1807 3909 1869 3958 ad
1913 3910 2116 3958 consilia
2158 3921 2301 3960 cauta
2341 3921 2392 3960 et
2434 3911 2609 3960 callida

1482 3982 1716 4038 spectare,
1749 3973 1924 4036 quibus
1959 3975 2160 4024 alterius
2194 3975 2494 4025 voluntatem
2531 3977 2609 4025 vel

1481 4038 2218 4166 :ittssssfflz‘zzgessbssssgtzsszz
2247 4039 2492 4152 qmssassssnn
2519 4041 2604 4154 ἐξ·

1482 4166 1617 4228 Ξφὰς
1655 4166 1750 4228 ’γὰρ
1780 4165 2058 4230 παρθέμενοι
2091 4167 2308 4230 κεφαλὰς
2344 4169 2517 4234 Odyss.
2555 4173 2606 4229 β,

1482 4231 1593 4288 237,
1619 4240 1669 4278 et
1691 4230 1850 4292 ψυχὰς
1869 4229 2149 4292 παρθέμενοι
2171 4232 2343 4296 Odyss-
2369 4249 2422 4292 Ὺ,
2447 4235 2523 4285 74.

1551 4295 1657 4342 146.
1699 4297 1820 4342 Gens
1851 4297 2054 4353 Daunia,
2089 4295 2194 4346 sive
2226 4314 2257 4345 a
2287 4307 2427 4361 patre
2450 4300 2605 4349 Turni

1482 4359 1675 4416 Dauno,
1709 4359 1813 4406 sive
1835 4375 1866 4406 a
1887 4369 2052 4408 vetere
2088 4360 2174 4408 ino
2203 4362 2382 4411 Dauno
2410 4365 2606 4428 Apuliae

1483 4422 1748 4480 conditore,
1773 4437 1803 4471 a
1823 4439 1920 4485 quo
1940 4439 1997 4472 ea
2021 4425 2216 4474 Daunia
2238 4426 2367 4476 dieta
2390 4439 2477 4477 est.
