<?xml version="1.0" encoding="UTF-8"?>
<!DOCTYPE html PUBLIC "-//W3C//DTD XHTML 1.0 Transitional//EN"
    "http://www.w3.org/TR/xhtml1/DTD/xhtml1-transitional.dtd">
<html xmlns="http://www.w3.org/1999/xhtml" xml:lang="en" lang="en">
 <head>
  <title>
</title>
<meta http-equiv="Content-Type" content="text/html;charset=utf-8" />
  <meta name='ocr-system' content='tesseract 3.04.00' />
  <meta name='ocr-capabilities' content='ocr_page ocr_carea ocr_par ocr_line ocrx_word'/>
</head>
<body>
  <div class='ocr_page' id='page_1' title='image "./publiivirgiliim00unkngoog_0409.png"; bbox 0 0 3050 4934; ppageno 0'>
   <div class='ocr_carea' id='block_1_1' title="bbox 487 227 620 292">
    <p class='ocr_par' dir='ltr' id='par_1_1' title="bbox 487 227 620 292">
     <span class='ocr_line' id='line_1_1' title="bbox 487 227 620 292; baseline 0 0"><span class='ocrx_word' id='word_1_1' title='bbox 487 227 620 292; x_wconf 80' lang='lat'><strong>398</strong></span> 
     </span>
    </p>
   </div>
   <div class='ocr_carea' id='block_1_2' title="bbox 1379 221 1907 288">
    <p class='ocr_par' dir='ltr' id='par_1_2' title="bbox 1379 221 1907 288">
     <span class='ocr_line' id='line_1_2' title="bbox 1379 221 1907 288; baseline -0.002 -1"><span class='ocrx_word' id='word_1_2' title='bbox 1379 221 1907 288; x_wconf 87' lang='lat' dir='ltr'>AENEIDOS</span> 
     </span>
    </p>
   </div>
   <div class='ocr_carea' id='block_1_3' title="bbox 493 371 2687 2873">
    <p class='ocr_par' dir='ltr' id='par_1_3' title="bbox 494 371 2161 447">
     <span class='ocr_line' id='line_1_3' title="bbox 494 371 2161 447; baseline -0.001 -9"><span class='ocrx_word' id='word_1_3' title='bbox 494 375 619 447; x_wconf 88' lang='grc'><strong>160</strong></span> <span class='ocrx_word' id='word_1_4' title='bbox 662 373 880 438; x_wconf 83' lang='lat' dir='ltr'><strong>Multa</strong></span> <span class='ocrx_word' id='word_1_5' title='bbox 906 374 1076 437; x_wconf 88' lang='lat' dir='ltr'><strong>inter</strong></span> <span class='ocrx_word' id='word_1_6' title='bbox 1107 395 1252 436; x_wconf 87' lang='lat' dir='ltr'><strong>sese</strong></span> <span class='ocrx_word' id='word_1_7' title='bbox 1281 371 1460 436; x_wconf 85' lang='lat' dir='ltr'><strong>vario</strong></span> <span class='ocrx_word' id='word_1_8' title='bbox 1491 391 1788 436; x_wconf 81' lang='lat' dir='ltr'><strong>sermone</strong></span> <span class='ocrx_word' id='word_1_9' title='bbox 1820 371 2161 436; x_wconf 76' lang='lat' dir='ltr'><strong>serebant:</strong></span> 
     </span>
    </p>

    <p class='ocr_par' dir='ltr' id='par_1_4' title="bbox 662 472 2687 657">
     <span class='ocr_line' id='line_1_4' title="bbox 663 472 2687 557; baseline 0 -19"><span class='ocrx_word' id='word_1_10' title='bbox 663 475 882 547; x_wconf 85' lang='lat' dir='ltr'><strong>Quem</strong></span> <span class='ocrx_word' id='word_1_11' title='bbox 911 475 1155 539; x_wconf 85' lang='lat' dir='ltr'><strong>socium</strong></span> <span class='ocrx_word' id='word_1_12' title='bbox 1183 473 1545 538; x_wconf 80' lang='lat' dir='ltr'><strong>exanimem</strong></span> <span class='ocrx_word' id='word_1_13' title='bbox 1574 481 1779 547; x_wconf 86' lang='lat' dir='ltr'><strong>vates,</strong></span> <span class='ocrx_word' id='word_1_14' title='bbox 1808 472 1989 555; x_wconf 88' lang='lat' dir='ltr'><strong>quod</strong></span> <span class='ocrx_word' id='word_1_15' title='bbox 2018 494 2259 557; x_wconf 87' lang='lat' dir='ltr'><strong>corpus</strong></span> <span class='ocrx_word' id='word_1_16' title='bbox 2288 473 2687 538; x_wconf 87' lang='lat' dir='ltr'><strong>humandum</strong></span> 
     </span>
     <span class='ocr_line' id='line_1_5' title="bbox 662 572 2306 657; baseline -0.001 -19"><span class='ocrx_word' id='word_1_17' title='bbox 662 575 956 639; x_wconf 86' lang='lat' dir='ltr'><strong>Diceret.</strong></span> <span class='ocrx_word' id='word_1_18' title='bbox 1031 574 1257 657; x_wconf 84' lang='lat' dir='ltr'><strong>Atque</strong></span> <span class='ocrx_word' id='word_1_19' title='bbox 1286 573 1376 638; x_wconf 92' lang='lat' dir='ltr'><strong>illi</strong></span> <span class='ocrx_word' id='word_1_20' title='bbox 1407 572 1737 638; x_wconf 80' lang='lat' dir='ltr'><strong>Misenum</strong></span> <span class='ocrx_word' id='word_1_21' title='bbox 1766 573 1833 636; x_wconf 88' lang='lat' dir='ltr'><strong>in</strong></span> <span class='ocrx_word' id='word_1_22' title='bbox 1859 572 2077 638; x_wconf 88' lang='lat' dir='ltr'><strong>littore</strong></span> <span class='ocrx_word' id='word_1_23' title='bbox 2112 575 2306 650; x_wconf 87' lang='lat' dir='ltr'><strong>sicc0,</strong></span> 
     </span>
    </p>

    <p class='ocr_par' dir='ltr' id='par_1_5' title="bbox 662 674 2261 758">
     <span class='ocr_line' id='line_1_6' title="bbox 662 674 2261 758; baseline 0.001 -20"><span class='ocrx_word' id='word_1_24' title='bbox 662 675 759 739; x_wconf 90' lang='lat' dir='ltr'><strong>Ut</strong></span> <span class='ocrx_word' id='word_1_25' title='bbox 787 697 1047 751; x_wconf 85' lang='lat' dir='ltr'><strong>venere,</strong></span> <span class='ocrx_word' id='word_1_26' title='bbox 1079 675 1302 738; x_wconf 83' lang='lat' dir='ltr'><strong>vident</strong></span> <span class='ocrx_word' id='word_1_27' title='bbox 1329 674 1597 758; x_wconf 85' lang='lat' dir='ltr'><strong>indigna</strong></span> <span class='ocrx_word' id='word_1_28' title='bbox 1624 683 1831 736; x_wconf 87' lang='lat' dir='ltr'><strong>morte</strong></span> <span class='ocrx_word' id='word_1_29' title='bbox 1863 684 2261 756; x_wconf 80' lang='lat' dir='ltr'><strong>peremtum3</strong></span> 
     </span>
    </p>

    <p class='ocr_par' dir='ltr' id='par_1_6' title="bbox 661 775 2348 859">
     <span class='ocr_line' id='line_1_7' title="bbox 661 775 2348 859; baseline 0 -19"><span class='ocrx_word' id='word_1_30' title='bbox 661 777 990 841; x_wconf 81' lang='lat' dir='ltr'><strong>Misenum</strong></span> <span class='ocrx_word' id='word_1_31' title='bbox 1018 775 1370 853; x_wconf 86' lang='lat' dir='ltr'><strong>AEoliden;</strong></span> <span class='ocrx_word' id='word_1_32' title='bbox 1416 797 1549 858; x_wconf 88' lang='lat' dir='ltr'><strong>quo</strong></span> <span class='ocrx_word' id='word_1_33' title='bbox 1576 797 1707 840; x_wconf 89' lang='lat' dir='ltr'><strong>non</strong></span> <span class='ocrx_word' id='word_1_34' title='bbox 1738 777 2155 859; x_wconf 66' lang='lat' dir='ltr'><strong>praestantior</strong></span> <span class='ocrx_word' id='word_1_35' title='bbox 2182 777 2348 841; x_wconf 87' lang='lat' dir='ltr'><strong>alter</strong></span> 
     </span>
    </p>

    <p class='ocr_par' dir='ltr' id='par_1_7' title="bbox 497 876 2495 1348">
     <span class='ocr_line' id='line_1_8' title="bbox 497 876 2343 959; baseline -0.001 -19"><span class='ocrx_word' id='word_1_36' title='bbox 497 879 618 941; x_wconf 88' lang='lat'><strong>165</strong></span> <span class='ocrx_word' id='word_1_37' title='bbox 663 878 829 943; x_wconf 88' lang='lat' dir='ltr'><strong>AEre</strong></span> <span class='ocrx_word' id='word_1_38' title='bbox 861 880 1031 942; x_wconf 89' lang='lat' dir='ltr'><strong>ciere</strong></span> <span class='ocrx_word' id='word_1_39' title='bbox 1062 878 1258 954; x_wconf 85' lang='lat' dir='ltr'><strong>viros,</strong></span> <span class='ocrx_word' id='word_1_40' title='bbox 1289 876 1707 959; x_wconf 87' lang='lat' dir='ltr'><strong>Martemque</strong></span> <span class='ocrx_word' id='word_1_41' title='bbox 1738 877 2097 941; x_wconf 79' lang='lat' dir='ltr'><strong>accendere</strong></span> <span class='ocrx_word' id='word_1_42' title='bbox 2126 888 2343 940; x_wconf 87' lang='lat' dir='ltr'><strong>cantu.</strong></span> 
     </span>
     <span class='ocr_line' id='line_1_9' title="bbox 662 977 2495 1061; baseline -0.001 -19"><span class='ocrx_word' id='word_1_43' title='bbox 662 979 971 1044; x_wconf 84' lang='lat' dir='ltr'><strong>Hectoris</strong></span> <span class='ocrx_word' id='word_1_44' title='bbox 1001 979 1108 1042; x_wconf 90' lang='lat' dir='ltr'><strong>hic</strong></span> <span class='ocrx_word' id='word_1_45' title='bbox 1137 979 1354 1061; x_wconf 83' lang='lat' dir='ltr'><strong>magni</strong></span> <span class='ocrx_word' id='word_1_46' title='bbox 1383 977 1599 1042; x_wconf 85' lang='lat' dir='ltr'><strong>fuerat</strong></span> <span class='ocrx_word' id='word_1_47' title='bbox 1628 999 1881 1056; x_wconf 87' lang='lat' dir='ltr'><strong>comes;</strong></span> <span class='ocrx_word' id='word_1_48' title='bbox 1929 979 2225 1044; x_wconf 85' lang='lat' dir='ltr'><strong>Hectora.</strong></span> <span class='ocrx_word' id='word_1_49' title='bbox 2252 980 2495 1044; x_wconf 89' lang='lat' dir='ltr'><strong>circum</strong></span> 
     </span>
     <span class='ocr_line' id='line_1_10' title="bbox 662 1078 2132 1164; baseline -0.001 -20"><span class='ocrx_word' id='word_1_50' title='bbox 662 1081 757 1145; x_wconf 86' lang='lat' dir='ltr'><strong>Et</strong></span> <span class='ocrx_word' id='word_1_51' title='bbox 783 1079 945 1144; x_wconf 90' lang='lat' dir='ltr'><strong>lituo</strong></span> <span class='ocrx_word' id='word_1_52' title='bbox 973 1103 1228 1164; x_wconf 84' lang='lat' dir='ltr'><strong>pugnas</strong></span> <span class='ocrx_word' id='word_1_53' title='bbox 1257 1079 1526 1162; x_wconf 85' lang='lat' dir='ltr'><strong>insignis</strong></span> <span class='ocrx_word' id='word_1_54' title='bbox 1558 1079 1783 1142; x_wconf 85' lang='lat' dir='ltr'><strong>obibat</strong></span> <span class='ocrx_word' id='word_1_55' title='bbox 1810 1090 1879 1142; x_wconf 89' lang='lat' dir='ltr'><strong>et</strong></span> <span class='ocrx_word' id='word_1_56' title='bbox 1906 1078 2132 1143; x_wconf 85' lang='lat' dir='ltr'><strong>hasta:</strong></span> 
     </span>
     <span class='ocr_line' id='line_1_11' title="bbox 665 1177 2294 1264; baseline -0.001 -19"><span class='ocrx_word' id='word_1_57' title='bbox 665 1181 1024 1264; x_wconf 86' lang='lat' dir='ltr'><strong>Postquam</strong></span> <span class='ocrx_word' id='word_1_58' title='bbox 1053 1180 1230 1244; x_wconf 85' lang='lat' dir='ltr'><strong>illum</strong></span> <span class='ocrx_word' id='word_1_59' title='bbox 1257 1181 1386 1244; x_wconf 84' lang='lat' dir='ltr'><strong>vita</strong></span> <span class='ocrx_word' id='word_1_60' title='bbox 1413 1179 1619 1242; x_wconf 88' lang='lat' dir='ltr'><strong>victor</strong></span> <span class='ocrx_word' id='word_1_61' title='bbox 1652 1177 1950 1262; x_wconf 87' lang='lat' dir='ltr'><strong>spoliavit</strong></span> <span class='ocrx_word' id='word_1_62' title='bbox 1978 1179 2294 1256; x_wconf 85' lang='lat' dir='ltr'><strong>Achilles,</strong></span> 
     </span>
     <span class='ocr_line' id='line_1_12' title="bbox 663 1279 2091 1348; baseline -0.001 -3"><span class='ocrx_word' id='word_1_63' title='bbox 663 1282 1004 1348; x_wconf 87' lang='lat' dir='ltr'><strong>Dardanio</strong></span> <span class='ocrx_word' id='word_1_64' title='bbox 1031 1281 1266 1346; x_wconf 82' lang='lat' dir='ltr'><strong>AEneoe</strong></span> <span class='ocrx_word' id='word_1_65' title='bbox 1297 1301 1442 1344; x_wconf 84' lang='lat' dir='ltr'><strong>sese</strong></span> <span class='ocrx_word' id='word_1_66' title='bbox 1473 1279 1863 1344; x_wconf 83' lang='lat' dir='ltr'><strong>fortissimus</strong></span> <span class='ocrx_word' id='word_1_67' title='bbox 1894 1279 2091 1344; x_wconf 85' lang='lat' dir='ltr'><strong>heros</strong></span> 
     </span>
    </p>

    <p class='ocr_par' dir='ltr' id='par_1_8' title="bbox 496 1378 2152 1470">
     <span class='ocr_line' id='line_1_13' title="bbox 496 1378 2152 1470; baseline -0.001 -25"><span class='ocrx_word' id='word_1_68' title='bbox 496 1383 618 1470; x_wconf 74' lang='grc'><strong>170</strong></span> <span class='ocrx_word' id='word_1_69' title='bbox 661 1381 1036 1447; x_wconf 83' lang='lat' dir='ltr'><strong>Addiderat</strong></span> <span class='ocrx_word' id='word_1_70' title='bbox 1067 1381 1332 1457; x_wconf 86' lang='lat' dir='ltr'><strong>socium,</strong></span> <span class='ocrx_word' id='word_1_71' title='bbox 1365 1403 1496 1443; x_wconf 89' lang='lat' dir='ltr'><strong>non</strong></span> <span class='ocrx_word' id='word_1_72' title='bbox 1525 1378 1834 1444; x_wconf 83' lang='lat' dir='ltr'><strong>inferiora</strong></span> <span class='ocrx_word' id='word_1_73' title='bbox 1864 1393 2152 1446; x_wconf 73' lang='lat' dir='ltr'><strong>secutuS.</strong></span> 
     </span>
    </p>

    <p class='ocr_par' dir='ltr' id='par_1_9' title="bbox 660 1481 2499 1867">
     <span class='ocr_line' id='line_1_14' title="bbox 662 1481 2499 1568; baseline -0.001 -21"><span class='ocrx_word' id='word_1_74' title='bbox 662 1483 798 1547; x_wconf 92' lang='lat' dir='ltr'><strong>Sed</strong></span> <span class='ocrx_word' id='word_1_75' title='bbox 827 1495 986 1556; x_wconf 87' lang='lat' dir='ltr'><strong>tum,</strong></span> <span class='ocrx_word' id='word_1_76' title='bbox 1017 1483 1186 1568; x_wconf 75' lang='lat' dir='ltr'><strong>forte</strong></span> <span class='ocrx_word' id='word_1_77' title='bbox 1215 1503 1374 1546; x_wconf 86' lang='lat' dir='ltr'><strong>cava</strong></span> <span class='ocrx_word' id='word_1_78' title='bbox 1401 1481 1561 1546; x_wconf 89' lang='lat' dir='ltr'><strong>dum</strong></span> <span class='ocrx_word' id='word_1_79' title='bbox 1588 1492 1901 1564; x_wconf 84' lang='lat' dir='ltr'><strong>personat</strong></span> <span class='ocrx_word' id='word_1_80' title='bbox 1930 1504 2195 1565; x_wconf 85' lang='lat' dir='ltr'><strong>aequora</strong></span> <span class='ocrx_word' id='word_1_81' title='bbox 2225 1484 2499 1560; x_wconf 86' lang='lat' dir='ltr'><strong>concha,</strong></span> 
     </span>
     <span class='ocr_line' id='line_1_15' title="bbox 661 1582 2227 1660; baseline -0.001 -13"><span class='ocrx_word' id='word_1_82' title='bbox 661 1583 976 1660; x_wconf 75' lang='lat' dir='ltr'><strong>DemenS,</strong></span> <span class='ocrx_word' id='word_1_83' title='bbox 1007 1594 1076 1646; x_wconf 87' lang='lat' dir='ltr'><strong>et</strong></span> <span class='ocrx_word' id='word_1_84' title='bbox 1101 1593 1300 1646; x_wconf 87' lang='lat' dir='ltr'><strong>cantu</strong></span> <span class='ocrx_word' id='word_1_85' title='bbox 1327 1592 1516 1646; x_wconf 84' lang='lat' dir='ltr'><strong>vocat</strong></span> <span class='ocrx_word' id='word_1_86' title='bbox 1544 1582 1611 1645; x_wconf 91' lang='lat' dir='ltr'><strong>in</strong></span> <span class='ocrx_word' id='word_1_87' title='bbox 1640 1583 1991 1646; x_wconf 80' lang='lat' dir='ltr'><strong>certamina</strong></span> <span class='ocrx_word' id='word_1_88' title='bbox 2018 1583 2227 1660; x_wconf 78' lang='lat' dir='ltr'><strong>(livea,</strong></span> 
     </span>
     <span class='ocr_line' id='line_1_16' title="bbox 665 1682 2477 1766; baseline -0.001 -19"><span class='ocrx_word' id='word_1_89' title='bbox 665 1683 966 1748; x_wconf 86' lang='lat' dir='ltr'><strong>AEmulus</strong></span> <span class='ocrx_word' id='word_1_90' title='bbox 997 1693 1344 1766; x_wconf 85' lang='lat' dir='ltr'><strong>exceptum</strong></span> <span class='ocrx_word' id='word_1_91' title='bbox 1373 1682 1611 1746; x_wconf 87' lang='lat' dir='ltr'><strong>Triton</strong></span> <span class='ocrx_word' id='word_1_92' title='bbox 1638 1683 1719 1763; x_wconf 89' lang='lat' dir='ltr'><strong>(si</strong></span> <span class='ocrx_word' id='word_1_93' title='bbox 1748 1683 2017 1746; x_wconf 87' lang='lat' dir='ltr'><strong>credere</strong></span> <span class='ocrx_word' id='word_1_94' title='bbox 2050 1683 2314 1766; x_wconf 86' lang='lat' dir='ltr'><strong>dignum</strong></span> <span class='ocrx_word' id='word_1_95' title='bbox 2344 1684 2477 1764; x_wconf 84' lang='lat' dir='ltr'><strong>est)</strong></span> 
     </span>
     <span class='ocr_line' id='line_1_17' title="bbox 660 1783 2251 1867; baseline -0.002 -18"><span class='ocrx_word' id='word_1_96' title='bbox 660 1785 841 1849; x_wconf 86' lang='lat' dir='ltr'><strong>Inter</strong></span> <span class='ocrx_word' id='word_1_97' title='bbox 869 1807 1028 1848; x_wconf 86' lang='lat' dir='ltr'><strong>saxa</strong></span> <span class='ocrx_word' id='word_1_98' title='bbox 1056 1785 1260 1848; x_wconf 81' lang='lat' dir='ltr'><strong>virum</strong></span> <span class='ocrx_word' id='word_1_99' title='bbox 1291 1804 1600 1867; x_wconf 88' lang='lat' dir='ltr'><strong>spumosa</strong></span> <span class='ocrx_word' id='word_1_100' title='bbox 1626 1783 2027 1846; x_wconf 82' lang='lat' dir='ltr'><strong>immerserat</strong></span> <span class='ocrx_word' id='word_1_101' title='bbox 2054 1784 2251 1846; x_wconf 84' lang='lat' dir='ltr'><strong>unda.</strong></span> 
     </span>
    </p>

    <p class='ocr_par' dir='ltr' id='par_1_10' title="bbox 495 1880 2419 2369">
     <span class='ocr_line' id='line_1_18' title="bbox 495 1880 2377 1970; baseline -0.002 -20"><span class='ocrx_word' id='word_1_102' title='bbox 495 1888 614 1950; x_wconf 82' lang='lat'><strong>175</strong></span> <span class='ocrx_word' id='word_1_103' title='bbox 660 1886 846 1970; x_wconf 87' lang='lat' dir='ltr'><strong>Ergo</strong></span> <span class='ocrx_word' id='word_1_104' title='bbox 875 1907 1099 1950; x_wconf 88' lang='lat' dir='ltr'><strong>omnes</strong></span> <span class='ocrx_word' id='word_1_105' title='bbox 1129 1903 1364 1966; x_wconf 86' lang='lat' dir='ltr'><strong>magno</strong></span> <span class='ocrx_word' id='word_1_106' title='bbox 1393 1883 1639 1946; x_wconf 90' lang='lat' dir='ltr'><strong>circum</strong></span> <span class='ocrx_word' id='word_1_107' title='bbox 1664 1880 1947 1946; x_wconf 83' lang='lat' dir='ltr'><strong>clamore</strong></span> <span class='ocrx_word' id='word_1_108' title='bbox 1978 1881 2377 1958; x_wconf 78' lang='lat' dir='ltr'><strong>fremebant3</strong></span> 
     </span>
     <span class='ocr_line' id='line_1_19' title="bbox 659 1981 2265 2077; baseline -0.003 -26"><span class='ocrx_word' id='word_1_109' title='bbox 659 1987 1000 2070; x_wconf 85' lang='lat' dir='ltr'><strong>Praecipue</strong></span> <span class='ocrx_word' id='word_1_110' title='bbox 1031 1987 1180 2069; x_wconf 86' lang='lat' dir='ltr'><strong>pius</strong></span> <span class='ocrx_word' id='word_1_111' title='bbox 1211 1983 1480 2046; x_wconf 76' lang='lat' dir='ltr'><strong>AEneaS.</strong></span> <span class='ocrx_word' id='word_1_112' title='bbox 1536 1981 1737 2077; x_wconf 38' lang='lat' dir='ltr'><strong>,Tum</strong></span> <span class='ocrx_word' id='word_1_113' title='bbox 1756 1983 1945 2065; x_wconf 88' lang='lat' dir='ltr'><strong>jussa</strong></span> <span class='ocrx_word' id='word_1_114' title='bbox 1976 1982 2265 2066; x_wconf 80' lang='lat' dir='ltr'><strong>Sibyllae,</strong></span> 
     </span>
     <span class='ocr_line' id='line_1_20' title="bbox 657 2083 2419 2168; baseline -0.003 -17"><span class='ocrx_word' id='word_1_115' title='bbox 657 2087 860 2150; x_wconf 84' lang='lat' dir='ltr'><strong>Haud</strong></span> <span class='ocrx_word' id='word_1_116' title='bbox 892 2109 1092 2162; x_wconf 86' lang='lat' dir='ltr'><strong>mora,</strong></span> <span class='ocrx_word' id='word_1_117' title='bbox 1125 2085 1436 2149; x_wconf 87' lang='lat' dir='ltr'><strong>festinant</strong></span> <span class='ocrx_word' id='word_1_118' title='bbox 1463 2083 1723 2160; x_wconf 75' lang='lat' dir='ltr'><strong>fienteS,</strong></span> <span class='ocrx_word' id='word_1_119' title='bbox 1754 2105 2061 2167; x_wconf 87' lang='lat' dir='ltr'><strong>aramque</strong></span> <span class='ocrx_word' id='word_1_120' title='bbox 2092 2083 2419 2168; x_wconf 87' lang='lat' dir='ltr'><strong>sepulchri</strong></span> 
     </span>
     <span class='ocr_line' id='line_1_21' title="bbox 659 2183 2377 2270; baseline -0.001 -20"><span class='ocrx_word' id='word_1_121' title='bbox 659 2187 1032 2270; x_wconf 87' lang='lat' dir='ltr'><strong>Congerere</strong></span> <span class='ocrx_word' id='word_1_122' title='bbox 1063 2185 1430 2259; x_wconf 76' lang='lat' dir='ltr'><strong>arboribus,</strong></span> <span class='ocrx_word' id='word_1_123' title='bbox 1459 2183 1759 2268; x_wconf 88' lang='lat' dir='ltr'><strong>coeloque</strong></span> <span class='ocrx_word' id='word_1_124' title='bbox 1790 2185 2073 2249; x_wconf 89' lang='lat' dir='ltr'><strong>educere</strong></span> <span class='ocrx_word' id='word_1_125' title='bbox 2104 2197 2377 2250; x_wconf 86' lang='lat' dir='ltr'><strong>certant.</strong></span> 
     </span>
     <span class='ocr_line' id='line_1_22' title="bbox 658 2283 2328 2369; baseline 0.001 -19"><span class='ocrx_word' id='word_1_126' title='bbox 658 2286 801 2350; x_wconf 86' lang='lat' dir='ltr'><strong>Itur</strong></span> <span class='ocrx_word' id='word_1_127' title='bbox 831 2288 896 2350; x_wconf 91' lang='lat' dir='ltr'><strong>in</strong></span> <span class='ocrx_word' id='word_1_128' title='bbox 925 2283 1255 2369; x_wconf 86' lang='lat' dir='ltr'><strong>antiquam</strong></span> <span class='ocrx_word' id='word_1_129' title='bbox 1283 2283 1527 2361; x_wconf 84' lang='lat' dir='ltr'><strong>silvam,</strong></span> <span class='ocrx_word' id='word_1_130' title='bbox 1562 2284 1819 2360; x_wconf 74' lang='lat' dir='ltr'><strong>stabula</strong></span> <span class='ocrx_word' id='word_1_131' title='bbox 1846 2285 1979 2350; x_wconf 87' lang='lat' dir='ltr'><strong>alta</strong></span> <span class='ocrx_word' id='word_1_132' title='bbox 2009 2285 2328 2352; x_wconf 82' lang='lat' dir='ltr'><strong>ferarum:</strong></span> 
     </span>
    </p>

    <p class='ocr_par' dir='ltr' id='par_1_11' title="bbox 493 2385 2333 2471">
     <span class='ocr_line' id='line_1_23' title="bbox 493 2385 2333 2471; baseline 0.002 -21"><span class='ocrx_word' id='word_1_133' title='bbox 493 2388 613 2451; x_wconf 91' lang='grc'><strong>180</strong></span> <span class='ocrx_word' id='word_1_134' title='bbox 658 2385 1104 2452; x_wconf 86' lang='lat' dir='ltr'><strong>Procumbunt</strong></span> <span class='ocrx_word' id='word_1_135' title='bbox 1133 2387 1374 2471; x_wconf 80' lang='lat' dir='ltr'><strong>piceae3</strong></span> <span class='ocrx_word' id='word_1_136' title='bbox 1421 2397 1609 2450; x_wconf 88' lang='lat' dir='ltr'><strong>sonat</strong></span> <span class='ocrx_word' id='word_1_137' title='bbox 1638 2387 1767 2450; x_wconf 85' lang='lat' dir='ltr'><strong>icta</strong></span> <span class='ocrx_word' id='word_1_138' title='bbox 1800 2388 2137 2452; x_wconf 78' lang='lat' dir='ltr'><strong>securibus</strong></span> <span class='ocrx_word' id='word_1_139' title='bbox 2166 2388 2333 2465; x_wconf 82' lang='lat' dir='ltr'><strong>ilex;</strong></span> 
     </span>
    </p>

    <p class='ocr_par' dir='ltr' id='par_1_12' title="bbox 653 2486 2361 2873">
     <span class='ocr_line' id='line_1_24' title="bbox 657 2486 2195 2572; baseline 0 -20"><span class='ocrx_word' id='word_1_140' title='bbox 657 2488 714 2552; x_wconf 88' lang='lat' dir='ltr'><strong>F</strong></span> <span class='ocrx_word' id='word_1_141' title='bbox 715 2490 1128 2572; x_wconf 85' lang='lat' dir='ltr'><strong>raxineaeque</strong></span> <span class='ocrx_word' id='word_1_142' title='bbox 1159 2487 1380 2552; x_wconf 79' lang='lat' dir='ltr'><strong>trabes</strong></span> <span class='ocrx_word' id='word_1_143' title='bbox 1411 2488 1633 2552; x_wconf 86' lang='lat' dir='ltr'><strong>cuneis</strong></span> <span class='ocrx_word' id='word_1_144' title='bbox 1666 2497 1735 2552; x_wconf 92' lang='lat' dir='ltr'><strong>et</strong></span> <span class='ocrx_word' id='word_1_145' title='bbox 1761 2486 1963 2552; x_wconf 84' lang='lat' dir='ltr'><strong>fissile</strong></span> <span class='ocrx_word' id='word_1_146' title='bbox 1994 2489 2195 2552; x_wconf 84' lang='lat' dir='ltr'><strong>robur</strong></span> 
     </span>
     <span class='ocr_line' id='line_1_25' title="bbox 659 2586 2361 2677; baseline -0.001 -24"><span class='ocrx_word' id='word_1_147' title='bbox 659 2589 1026 2666; x_wconf 79' lang='lat' dir='ltr'><strong>Scinditur3</strong></span> <span class='ocrx_word' id='word_1_148' title='bbox 1073 2586 1426 2652; x_wconf 88' lang='lat' dir='ltr'><strong>advolvunt</strong></span> <span class='ocrx_word' id='word_1_149' title='bbox 1453 2587 1751 2670; x_wconf 80' lang='lat' dir='ltr'><strong>ingentes</strong></span> <span class='ocrx_word' id='word_1_150' title='bbox 1782 2589 2111 2677; x_wconf 80' lang='lat' dir='ltr'><strong>montibus</strong></span> <span class='ocrx_word' id='word_1_151' title='bbox 2145 2611 2361 2653; x_wconf 89' lang='lat' dir='ltr'><strong>ornos.</strong></span> 
     </span>
     <span class='ocr_line' id='line_1_26' title="bbox 653 2687 2140 2772; baseline 0.001 -20"><span class='ocrx_word' id='word_1_152' title='bbox 653 2688 802 2752; x_wconf 91' lang='lat' dir='ltr'><strong>Nec</strong></span> <span class='ocrx_word' id='word_1_153' title='bbox 829 2711 960 2752; x_wconf 92' lang='lat' dir='ltr'><strong>non</strong></span> <span class='ocrx_word' id='word_1_154' title='bbox 991 2688 1242 2752; x_wconf 87' lang='lat' dir='ltr'><strong>AEneas</strong></span> <span class='ocrx_word' id='word_1_155' title='bbox 1275 2709 1478 2770; x_wconf 85' lang='lat' dir='ltr'><strong>opera</strong></span> <span class='ocrx_word' id='word_1_156' title='bbox 1503 2689 1675 2751; x_wconf 87' lang='lat' dir='ltr'><strong>inter</strong></span> <span class='ocrx_word' id='word_1_157' title='bbox 1708 2687 1863 2751; x_wconf 87' lang='lat' dir='ltr'><strong>talia</strong></span> <span class='ocrx_word' id='word_1_158' title='bbox 1890 2690 2140 2772; x_wconf 86' lang='lat' dir='ltr'><strong>primus</strong></span> 
     </span>
     <span class='ocr_line' id='line_1_27' title="bbox 656 2788 2321 2873; baseline 0.001 -20"><span class='ocrx_word' id='word_1_159' title='bbox 656 2788 982 2856; x_wconf 86' lang='lat' dir='ltr'><strong>Hortatur</strong></span> <span class='ocrx_word' id='word_1_160' title='bbox 1007 2791 1239 2867; x_wconf 81' lang='lat' dir='ltr'><strong>socios,</strong></span> <span class='ocrx_word' id='word_1_161' title='bbox 1271 2789 1671 2872; x_wconf 86' lang='lat' dir='ltr'><strong>paribusque</strong></span> <span class='ocrx_word' id='word_1_162' title='bbox 1702 2789 2061 2873; x_wconf 86' lang='lat' dir='ltr'><strong>accingitur</strong></span> <span class='ocrx_word' id='word_1_163' title='bbox 2091 2791 2321 2869; x_wconf 83' lang='lat' dir='ltr'><strong>armis3</strong></span> 
     </span>
    </p>
   </div>
   <div class='ocr_carea' id='block_1_4' title="bbox 477 2969 1611 4440">
    <p class='ocr_par' dir='ltr' id='par_1_13' title="bbox 484 2969 1611 3222">
     <span class='ocr_line' id='line_1_28' title="bbox 554 2969 1605 3032; baseline -0.003 -13"><span class='ocrx_word' id='word_1_164' title='bbox 554 2971 660 3029; x_wconf 81' lang='lat'><strong>160,</strong></span> <span class='ocrx_word' id='word_1_165' title='bbox 687 2971 793 3019; x_wconf 82' lang='lat'><strong>161.</strong></span> <span class='ocrx_word' id='word_1_166' title='bbox 829 2971 928 3020; x_wconf 83' lang='lat' dir='ltr'><strong>Pro</strong></span> <span class='ocrx_word' id='word_1_167' title='bbox 957 2969 1160 3032; x_wconf 78' lang='lat' dir='ltr'><strong>vulgari,</strong></span> <span class='ocrx_word' id='word_1_168' title='bbox 1191 2983 1440 3016; x_wconf 77' lang='lat' dir='ltr'><strong>sermones</strong></span> <span class='ocrx_word' id='word_1_169' title='bbox 1471 2983 1605 3017; x_wconf 80' lang='lat' dir='ltr'><strong>sere-</strong></span> 
     </span>
     <span class='ocr_line' id='line_1_29' title="bbox 486 3033 1611 3098; baseline -0.001 -16"><span class='ocrx_word' id='word_1_170' title='bbox 486 3036 604 3082; x_wconf 86' lang='lat' dir='ltr'><strong>bant</strong></span> <span class='ocrx_word' id='word_1_171' title='bbox 629 3050 780 3098; x_wconf 81' lang='lat' dir='ltr'><strong>super</strong></span> <span class='ocrx_word' id='word_1_172' title='bbox 799 3034 949 3081; x_wconf 80' lang='lat' dir='ltr'><strong>variis</strong></span> <span class='ocrx_word' id='word_1_173' title='bbox 973 3035 1132 3082; x_wconf 85' lang='lat' dir='ltr'><strong>rebus.</strong></span> <span class='ocrx_word' id='word_1_174' title='bbox 1192 3033 1436 3080; x_wconf 76' lang='lat' dir='ltr'><strong>Caeterum</strong></span> <span class='ocrx_word' id='word_1_175' title='bbox 1459 3033 1611 3081; x_wconf 88' lang='lat' dir='ltr'><strong>miror</strong></span> 
     </span>
     <span class='ocr_line' id='line_1_30' title="bbox 484 3095 1609 3160; baseline -0.001 -14"><span class='ocrx_word' id='word_1_176' title='bbox 484 3113 572 3146; x_wconf 87' lang='lat' dir='ltr'><strong>cur</strong></span> <span class='ocrx_word' id='word_1_177' title='bbox 610 3113 709 3146; x_wconf 91' lang='lat' dir='ltr'><strong>non</strong></span> <span class='ocrx_word' id='word_1_178' title='bbox 747 3097 800 3144; x_wconf 90' lang='lat' dir='ltr'><strong>in</strong></span> <span class='ocrx_word' id='word_1_179' title='bbox 837 3096 1057 3145; x_wconf 84' lang='lat' dir='ltr'><strong>Palinuri</strong></span> <span class='ocrx_word' id='word_1_180' title='bbox 1096 3095 1396 3160; x_wconf 80' lang='lat' dir='ltr'><strong>insepultum</strong></span> <span class='ocrx_word' id='word_1_181' title='bbox 1431 3113 1609 3160; x_wconf 75' lang='lat' dir='ltr'><strong>corpus</strong></span> 
     </span>
     <span class='ocr_line' id='line_1_31' title="bbox 485 3159 1128 3222; baseline -0.003 -14"><span class='ocrx_word' id='word_1_182' title='bbox 485 3161 669 3210; x_wconf 86' lang='lat' dir='ltr'><strong>incidat</strong></span> <span class='ocrx_word' id='word_1_183' title='bbox 691 3161 864 3208; x_wconf 81' lang='lat' dir='ltr'><strong>AEneae</strong></span> <span class='ocrx_word' id='word_1_184' title='bbox 885 3159 1128 3222; x_wconf 78' lang='lat' dir='ltr'><strong>cogitatio.</strong></span> 
     </span>
    </p>

    <p class='ocr_par' dir='ltr' id='par_1_14' title="bbox 477 3223 1611 4358">
     <span class='ocr_line' id='line_1_32' title="bbox 553 3223 1611 3273; baseline 0 -1"><span class='ocrx_word' id='word_1_185' title='bbox 553 3225 659 3272; x_wconf 82' lang='lat'><strong>162.</strong></span> <span class='ocrx_word' id='word_1_186' title='bbox 697 3225 776 3272; x_wconf 89' lang='lat' dir='ltr'><strong>De</strong></span> <span class='ocrx_word' id='word_1_187' title='bbox 809 3224 1005 3272; x_wconf 87' lang='lat' dir='ltr'><strong>Miseno</strong></span> <span class='ocrx_word' id='word_1_188' title='bbox 1035 3223 1362 3271; x_wconf 81' lang='lat' dir='ltr'><strong>narrationem</strong></span> <span class='ocrx_word' id='word_1_189' title='bbox 1395 3224 1611 3273; x_wconf 84' lang='lat' dir='ltr'><strong>intexuit</strong></span> 
     </span>
     <span class='ocr_line' id='line_1_33' title="bbox 483 3287 1608 3406; baseline 0.001 -6"><span class='ocrx_word' id='word_1_190' title='bbox 483 3287 1060 3406; x_wconf 55' lang='lat'><strong>53313‘01’3503233</strong></span> <span class='ocrx_word' id='word_1_191' title='bbox 1093 3287 1608 3402; x_wconf 52' lang='grc' dir='ltr'><strong>ἓξὲἶῑὲἑῗζωηέζεῗὲζ</strong></span> 
     </span>
     <span class='ocr_line' id='line_1_34' title="bbox 482 3415 1608 3474; baseline 0.001 -10"><span class='ocrx_word' id='word_1_192' title='bbox 482 3417 632 3465; x_wconf 70' lang='lat' dir='ltr'><strong>finisse</strong></span> <span class='ocrx_word' id='word_1_193' title='bbox 665 3416 824 3474; x_wconf 81' lang='lat' dir='ltr'><strong>tradit,</strong></span> <span class='ocrx_word' id='word_1_194' title='bbox 860 3416 911 3464; x_wconf 89' lang='lat' dir='ltr'><strong>in</strong></span> <span class='ocrx_word' id='word_1_195' title='bbox 933 3416 1025 3464; x_wconf 86' lang='lat' dir='ltr'><strong>hoc</strong></span> <span class='ocrx_word' id='word_1_196' title='bbox 1047 3415 1256 3463; x_wconf 80' lang='lat' dir='ltr'><strong>Homeri</strong></span> <span class='ocrx_word' id='word_1_197' title='bbox 1285 3417 1361 3464; x_wconf 80' lang='lat' dir='ltr'><strong>sui</strong></span> <span class='ocrx_word' id='word_1_198' title='bbox 1395 3418 1608 3465; x_wconf 86' lang='lat' dir='ltr'><strong>auctori-</strong></span> 
     </span>
     <span class='ocr_line' id='line_1_35' title="bbox 483 3479 1609 3545; baseline 0.001 -17"><span class='ocrx_word' id='word_1_199' title='bbox 483 3489 636 3529; x_wconf 81' lang='lat' dir='ltr'><strong>tatem</strong></span> <span class='ocrx_word' id='word_1_200' title='bbox 667 3480 876 3536; x_wconf 80' lang='lat' dir='ltr'><strong>deserit3</strong></span> <span class='ocrx_word' id='word_1_201' title='bbox 911 3497 1023 3529; x_wconf 87' lang='lat' dir='ltr'><strong>cum</strong></span> <span class='ocrx_word' id='word_1_202' title='bbox 1051 3479 1276 3542; x_wconf 83' lang='lat' dir='ltr'><strong>Trojanis</strong></span> <span class='ocrx_word' id='word_1_203' title='bbox 1309 3482 1609 3545; x_wconf 72' lang='lat' dir='ltr'><strong>temporibus</strong></span> 
     </span>
     <span class='ocr_line' id='line_1_36' title="bbox 483 3543 1609 3594; baseline 0.002 -2"><span class='ocrx_word' id='word_1_204' title='bbox 483 3561 576 3592; x_wconf 84' lang='lat' dir='ltr'><strong>nec</strong></span> <span class='ocrx_word' id='word_1_205' title='bbox 616 3547 782 3594; x_wconf 81' lang='lat' dir='ltr'><strong>tubam</strong></span> <span class='ocrx_word' id='word_1_206' title='bbox 817 3557 910 3594; x_wconf 83' lang='lat' dir='ltr'><strong>nee</strong></span> <span class='ocrx_word' id='word_1_207' title='bbox 947 3545 1124 3594; x_wconf 81' lang='lat' dir='ltr'><strong>lituum</strong></span> <span class='ocrx_word' id='word_1_208' title='bbox 1163 3543 1418 3592; x_wconf 81' lang='lat' dir='ltr'><strong>inventum</strong></span> <span class='ocrx_word' id='word_1_209' title='bbox 1458 3545 1609 3594; x_wconf 77' lang='lat' dir='ltr'><strong>fuisse</strong></span> 
     </span>
     <span class='ocr_line' id='line_1_37' title="bbox 483 3609 1607 3674; baseline 0.001 -17"><span class='ocrx_word' id='word_1_210' title='bbox 483 3609 601 3658; x_wconf 71' lang='lat' dir='ltr'><strong>natis</strong></span> <span class='ocrx_word' id='word_1_211' title='bbox 629 3619 832 3658; x_wconf 75' lang='lat' dir='ltr'><strong>constet.</strong></span> <span class='ocrx_word' id='word_1_212' title='bbox 892 3609 1075 3659; x_wconf 77' lang='lat' dir='ltr'><strong>Maluit</strong></span> <span class='ocrx_word' id='word_1_213' title='bbox 1100 3609 1252 3674; x_wconf 79' lang='lat' dir='ltr'><strong>igitur</strong></span> <span class='ocrx_word' id='word_1_214' title='bbox 1273 3618 1325 3656; x_wconf 85' lang='lat' dir='ltr'><strong>et</strong></span> <span class='ocrx_word' id='word_1_215' title='bbox 1353 3609 1433 3658; x_wconf 82' lang='lat' dir='ltr'><strong>hio</strong></span> <span class='ocrx_word' id='word_1_216' title='bbox 1458 3609 1607 3672; x_wconf 73' lang='lat' dir='ltr'><strong>tragi-</strong></span> 
     </span>
     <span class='ocr_line' id='line_1_38' title="bbox 481 3673 1605 3736; baseline 0.002 -16"><span class='ocrx_word' id='word_1_217' title='bbox 481 3689 564 3720; x_wconf 76' lang='lat' dir='ltr'><strong>cos</strong></span> <span class='ocrx_word' id='word_1_218' title='bbox 587 3673 738 3735; x_wconf 84' lang='lat' dir='ltr'><strong>sequi.</strong></span> <span class='ocrx_word' id='word_1_219' title='bbox 795 3673 1052 3723; x_wconf 87' lang='lat' dir='ltr'><strong>Tritonem</strong></span> <span class='ocrx_word' id='word_1_220' title='bbox 1077 3683 1224 3722; x_wconf 83' lang='lat' dir='ltr'><strong>cantu</strong></span> <span class='ocrx_word' id='word_1_221' title='bbox 1246 3683 1480 3736; x_wconf 79' lang='lat' dir='ltr'><strong>provocat</strong></span> <span class='ocrx_word' id='word_1_222' title='bbox 1504 3673 1605 3722; x_wconf 80' lang='lat' dir='ltr'><strong>Mi-</strong></span> 
     </span>
     <span class='ocr_line' id='line_1_39' title="bbox 481 3737 1609 3794; baseline 0 -8"><span class='ocrx_word' id='word_1_223' title='bbox 481 3748 642 3786; x_wconf 71' lang='lat' dir='ltr'><strong>senus.</strong></span> <span class='ocrx_word' id='word_1_224' title='bbox 721 3738 832 3794; x_wconf 80' lang='lat' dir='ltr'><strong>Hoc</strong></span> <span class='ocrx_word' id='word_1_225' title='bbox 878 3738 1216 3786; x_wconf 80' lang='lat' dir='ltr'><strong>adumbratum</strong></span> <span class='ocrx_word' id='word_1_226' title='bbox 1260 3753 1322 3785; x_wconf 76' lang='lat' dir='ltr'><strong>ex</strong></span> <span class='ocrx_word' id='word_1_227' title='bbox 1365 3737 1609 3786; x_wconf 75' lang='lat' dir='ltr'><strong>similibus</strong></span> 
     </span>
     <span class='ocr_line' id='line_1_40' title="bbox 483 3799 1607 3865; baseline 0.002 -17"><span class='ocrx_word' id='word_1_228' title='bbox 483 3801 840 3850; x_wconf 73' lang='lat' dir='ltr'><strong>narrationibus</strong></span> <span class='ocrx_word' id='word_1_229' title='bbox 871 3802 1002 3865; x_wconf 81' lang='lat' dir='ltr'><strong>apud</strong></span> <span class='ocrx_word' id='word_1_230' title='bbox 1033 3812 1223 3850; x_wconf 79' lang='lat' dir='ltr'><strong>veteres</strong></span> <span class='ocrx_word' id='word_1_231' title='bbox 1252 3813 1436 3864; x_wconf 79' lang='lat' dir='ltr'><strong>poetas,</strong></span> <span class='ocrx_word' id='word_1_232' title='bbox 1471 3810 1523 3850; x_wconf 88' lang='lat' dir='ltr'><strong>et</strong></span> <span class='ocrx_word' id='word_1_233' title='bbox 1554 3799 1607 3850; x_wconf 90' lang='lat' dir='ltr'><strong>in</strong></span> 
     </span>
     <span class='ocr_line' id='line_1_41' title="bbox 484 3865 1604 3929; baseline 0.002 -17"><span class='ocrx_word' id='word_1_234' title='bbox 484 3865 670 3928; x_wconf 74' lang='lat' dir='ltr'><strong>vulgari</strong></span> <span class='ocrx_word' id='word_1_235' title='bbox 689 3865 960 3929; x_wconf 77' lang='lat' dir='ltr'><strong>priscorum</strong></span> <span class='ocrx_word' id='word_1_236' title='bbox 985 3865 1236 3913; x_wconf 89' lang='lat' dir='ltr'><strong>hominum</strong></span> <span class='ocrx_word' id='word_1_237' title='bbox 1259 3880 1484 3913; x_wconf 84' lang='lat' dir='ltr'><strong>sermone</strong></span> <span class='ocrx_word' id='word_1_238' title='bbox 1506 3866 1604 3914; x_wconf 80' lang='lat' dir='ltr'><strong>fre-</strong></span> 
     </span>
     <span class='ocr_line' id='line_1_42' title="bbox 479 3928 1605 3992; baseline -0.001 -14"><span class='ocrx_word' id='word_1_239' title='bbox 479 3938 779 3992; x_wconf 85' lang='lat' dir='ltr'><strong>quentatum,</strong></span> <span class='ocrx_word' id='word_1_240' title='bbox 803 3939 860 3976; x_wconf 90' lang='lat' dir='ltr'><strong>ut</strong></span> <span class='ocrx_word' id='word_1_241' title='bbox 891 3929 975 3978; x_wconf 83' lang='lat' dir='ltr'><strong>ille</strong></span> <span class='ocrx_word' id='word_1_242' title='bbox 1006 3929 1089 3991; x_wconf 92' lang='lat' dir='ltr'><strong>qui</strong></span> <span class='ocrx_word' id='word_1_243' title='bbox 1119 3929 1172 3976; x_wconf 89' lang='lat' dir='ltr'><strong>in</strong></span> <span class='ocrx_word' id='word_1_244' title='bbox 1197 3937 1301 3976; x_wconf 83' lang='lat' dir='ltr'><strong>arte</strong></span> <span class='ocrx_word' id='word_1_245' title='bbox 1332 3945 1421 3978; x_wconf 79' lang='lat' dir='ltr'><strong>sua</strong></span> <span class='ocrx_word' id='word_1_246' title='bbox 1441 3928 1605 3977; x_wconf 81' lang='lat' dir='ltr'><strong>excel-</strong></span> 
     </span>
     <span class='ocr_line' id='line_1_43' title="bbox 479 3993 1609 4056; baseline 0 -15"><span class='ocrx_word' id='word_1_247' title='bbox 479 3993 616 4052; x_wconf 84' lang='lat' dir='ltr'><strong>leret,</strong></span> <span class='ocrx_word' id='word_1_248' title='bbox 641 3994 785 4042; x_wconf 78' lang='lat' dir='ltr'><strong>modo</strong></span> <span class='ocrx_word' id='word_1_249' title='bbox 815 4003 971 4042; x_wconf 86' lang='lat' dir='ltr'><strong>artem</strong></span> <span class='ocrx_word' id='word_1_250' title='bbox 993 4009 1024 4041; x_wconf 80' lang='lat' dir='ltr'><strong>a</strong></span> <span class='ocrx_word' id='word_1_251' title='bbox 1053 3993 1146 4041; x_wconf 81' lang='lat' dir='ltr'><strong>diis</strong></span> <span class='ocrx_word' id='word_1_252' title='bbox 1179 3993 1438 4056; x_wconf 75' lang='lat' dir='ltr'><strong>accepisse,</strong></span> <span class='ocrx_word' id='word_1_253' title='bbox 1461 3994 1609 4041; x_wconf 89' lang='lat' dir='ltr'><strong>modo</strong></span> 
     </span>
     <span class='ocr_line' id='line_1_44' title="bbox 479 4057 1603 4106; baseline 0 -1"><span class='ocrx_word' id='word_1_254' title='bbox 479 4073 538 4105; x_wconf 85' lang='lat' dir='ltr'><strong>ea</strong></span> <span class='ocrx_word' id='word_1_255' title='bbox 575 4067 680 4106; x_wconf 83' lang='lat' dir='ltr'><strong>arte</strong></span> <span class='ocrx_word' id='word_1_256' title='bbox 719 4073 832 4106; x_wconf 85' lang='lat' dir='ltr'><strong>cum</strong></span> <span class='ocrx_word' id='word_1_257' title='bbox 869 4057 966 4106; x_wconf 81' lang='lat' dir='ltr'><strong>diis</strong></span> <span class='ocrx_word' id='word_1_258' title='bbox 1009 4057 1305 4106; x_wconf 87' lang='lat' dir='ltr'><strong>contendere</strong></span> <span class='ocrx_word' id='word_1_259' title='bbox 1345 4057 1603 4105; x_wconf 80' lang='lat' dir='ltr'><strong>diceretur.</strong></span> 
     </span>
     <span class='ocr_line' id='line_1_45' title="bbox 480 4121 1603 4187; baseline 0 -18"><span class='ocrx_word' id='word_1_260' title='bbox 480 4125 708 4170; x_wconf 71' lang='lat' dir='ltr'><strong>AEolo&#39;dem</strong></span> <span class='ocrx_word' id='word_1_261' title='bbox 741 4122 955 4187; x_wconf 80' lang='lat' dir='ltr'><strong>appellat</strong></span> <span class='ocrx_word' id='word_1_262' title='bbox 979 4122 1242 4179; x_wconf 78' lang='lat' dir='ltr'><strong>Misenum,</strong></span> <span class='ocrx_word' id='word_1_263' title='bbox 1269 4121 1402 4170; x_wconf 71' lang='grc' dir='ltr'><strong>1ΕοΙί</strong></span> <span class='ocrx_word' id='word_1_264' title='bbox 1431 4121 1603 4180; x_wconf 86' lang='lat' dir='ltr'><strong>fllium,</strong></span> 
     </span>
     <span class='ocr_line' id='line_1_46' title="bbox 479 4185 1605 4248; baseline 0.002 -16"><span class='ocrx_word' id='word_1_265' title='bbox 479 4194 707 4246; x_wconf 79' lang='lat' dir='ltr'><strong>tanquam</strong></span> <span class='ocrx_word' id='word_1_266' title='bbox 733 4187 950 4248; x_wconf 79' lang='lat' dir='ltr'><strong>ejusdem</strong></span> <span class='ocrx_word' id='word_1_267' title='bbox 974 4186 1106 4234; x_wconf 85' lang='lat' dir='ltr'><strong>AEoli</strong></span> <span class='ocrx_word' id='word_1_268' title='bbox 1139 4185 1354 4247; x_wconf 78' lang='lat' dir='ltr'><strong>Trojani&#39;</strong></span> <span class='ocrx_word' id='word_1_269' title='bbox 1371 4201 1516 4248; x_wconf 83' lang='lat' dir='ltr'><strong>quem</strong></span> <span class='ocrx_word' id='word_1_270' title='bbox 1552 4187 1605 4234; x_wconf 89' lang='lat' dir='ltr'><strong>in</strong></span> 
     </span>
     <span class='ocr_line' id='line_1_47' title="bbox 477 4248 1602 4358; baseline 0.001 -63"><span class='ocrx_word' id='word_1_271' title='bbox 477 4263 644 4358; x_wconf 51' lang='lat' dir='ltr'><strong>{gg-na</strong></span> <span class='ocrx_word' id='word_1_272' title='bbox 665 4259 776 4297; x_wconf 87' lang='lat' dir='ltr'><strong>cum</strong></span> <span class='ocrx_word' id='word_1_273' title='bbox 802 4250 990 4298; x_wconf 81' lang='lat' dir='ltr'><strong>Latinis</strong></span> <span class='ocrx_word' id='word_1_274' title='bbox 1024 4250 1308 4299; x_wconf 82' lang='lat' dir='ltr'><strong>occubuisse</strong></span> <span class='ocrx_word' id='word_1_275' title='bbox 1329 4259 1496 4299; x_wconf 83' lang='lat' dir='ltr'><strong>narrat</strong></span> <span class='ocrx_word' id='word_1_276' title='bbox 1517 4248 1602 4308; x_wconf 81' lang='lat' dir='ltr'><strong>xii,</strong></span> 
     </span>
    </p>

    <p class='ocr_par' dir='ltr' id='par_1_15' title="bbox 548 4375 1603 4440">
     <span class='ocr_line' id='line_1_48' title="bbox 548 4375 1603 4440; baseline 0.005 -18"><span class='ocrx_word' id='word_1_277' title='bbox 548 4375 813 4425; x_wconf 80' lang='lat'><strong>170-174,</strong></span> <span class='ocrx_word' id='word_1_278' title='bbox 865 4381 966 4425; x_wconf 83' lang='lat' dir='ltr'><strong>Non</strong></span> <span class='ocrx_word' id='word_1_279' title='bbox 1001 4379 1220 4440; x_wconf 70' lang='lat' dir='ltr'><strong>inferiora</strong></span> <span class='ocrx_word' id='word_1_280' title='bbox 1251 4389 1431 4428; x_wconf 66' lang='lat' dir='ltr'><strong>secutus</strong></span> <span class='ocrx_word' id='word_1_281' title='bbox 1459 4381 1603 4428; x_wconf 80' lang='lat' dir='ltr'><strong>docte</strong></span> 
     </span>
    </p>
   </div>
   <div class='ocr_carea' id='block_1_5' title="bbox 1668 2971 2855 4428">
    <p class='ocr_par' dir='ltr' id='par_1_16' title="bbox 1672 2971 2801 3657">
     <span class='ocr_line' id='line_1_49' title="bbox 1675 2971 2801 3036; baseline 0.007 -20"><span class='ocrx_word' id='word_1_282' title='bbox 1675 2979 1725 3016; x_wconf 81' lang='lat' dir='ltr'><strong>et</strong></span> <span class='ocrx_word' id='word_1_283' title='bbox 1762 2971 2047 3019; x_wconf 76' lang='lat' dir='ltr'><strong>Graecorum</strong></span> <span class='ocrx_word' id='word_1_284' title='bbox 2081 2987 2231 3030; x_wconf 85' lang='lat' dir='ltr'><strong>more,</strong></span> <span class='ocrx_word' id='word_1_285' title='bbox 2272 2987 2363 3036; x_wconf 81' lang='lat' dir='ltr'><strong>pm</strong></span> <span class='ocrx_word' id='word_1_286' title='bbox 2400 2973 2697 3033; x_wconf 81' lang='lat' dir='ltr'><strong>inferiorem,</strong></span> <span class='ocrx_word' id='word_1_287' title='bbox 2736 2975 2801 3024; x_wconf 66' lang='grc' dir='ltr'><strong>τὰ</strong></span> 
     </span>
     <span class='ocr_line' id='line_1_50' title="bbox 1673 3034 2796 3097; baseline 0.004 -16"><span class='ocrx_word' id='word_1_288' title='bbox 1673 3034 1817 3091; x_wconf 66' lang='grc' dir='ltr'><strong><em>ἥττω,</em></strong></span> <span class='ocrx_word' id='word_1_289' title='bbox 1854 3049 1943 3097; x_wconf 80' lang='lat' dir='ltr'><strong>pro</strong></span> <span class='ocrx_word' id='word_1_290' title='bbox 1975 3035 2065 3084; x_wconf 70' lang='grc' dir='ltr'><strong>τὸν</strong></span> <span class='ocrx_word' id='word_1_291' title='bbox 2096 3035 2289 3093; x_wconf 70' lang='grc' dir='ltr'><strong><em>ἥττονα.</em></strong></span> <span class='ocrx_word' id='word_1_292' title='bbox 2351 3038 2559 3086; x_wconf 81' lang='lat' dir='ltr'><strong>AEneam</strong></span> <span class='ocrx_word' id='word_1_293' title='bbox 2592 3039 2796 3088; x_wconf 71' lang='lat' dir='ltr'><strong>Hectori</strong></span> 
     </span>
     <span class='ocr_line' id='line_1_51' title="bbox 1674 3098 2798 3226; baseline 0.006 -16"><span class='ocrx_word' id='word_1_294' title='bbox 1674 3098 2365 3226; x_wconf 49' lang='lat'><strong>533323133231333·</strong></span> <span class='ocrx_word' id='word_1_295' title='bbox 2410 3104 2798 3216; x_wconf 52' lang='grc' dir='ltr'><strong>ἭἪῈ</strong></span> 
     </span>
     <span class='ocr_line' id='line_1_52' title="bbox 1677 3226 2797 3296; baseline 0.005 -22"><span class='ocrx_word' id='word_1_296' title='bbox 1677 3226 1997 3274; x_wconf 84' lang='lat' dir='ltr'><strong>Homericum</strong></span> <span class='ocrx_word' id='word_1_297' title='bbox 2020 3227 2226 3285; x_wconf 68' lang='grc' dir='ltr'><strong>Νήπωςί</strong></span> <span class='ocrx_word' id='word_1_298' title='bbox 2272 3229 2335 3277; x_wconf 89' lang='lat' dir='ltr'><strong>Ili</strong></span> <span class='ocrx_word' id='word_1_299' title='bbox 2420 3235 2470 3288; x_wconf 81' lang='grc' dir='ltr'><strong>β,</strong></span> <span class='ocrx_word' id='word_1_300' title='bbox 2494 3233 2573 3288; x_wconf 76' lang='lat'><strong>88,</strong></span> <span class='ocrx_word' id='word_1_301' title='bbox 2596 3241 2652 3278; x_wconf 89' lang='lat' dir='ltr'><strong>et</strong></span> <span class='ocrx_word' id='word_1_302' title='bbox 2670 3245 2797 3296; x_wconf 66' lang='lat' dir='ltr'><strong>sepe</strong></span> 
     </span>
     <span class='ocr_line' id='line_1_53' title="bbox 1674 3290 2798 3358; baseline 0.005 -20"><span class='ocrx_word' id='word_1_303' title='bbox 1674 3290 1733 3338; x_wconf 81' lang='lat' dir='ltr'><strong>al.</strong></span> <span class='ocrx_word' id='word_1_304' title='bbox 1815 3294 2082 3352; x_wconf 65' lang='lat' dir='ltr'><strong>Exceptum,</strong></span> <span class='ocrx_word' id='word_1_305' title='bbox 2148 3292 2208 3340; x_wconf 79' lang='lat' dir='ltr'><strong>cf.</strong></span> <span class='ocrx_word' id='word_1_306' title='bbox 2266 3309 2375 3358; x_wconf 85' lang='lat' dir='ltr'><strong>sup.</strong></span> <span class='ocrx_word' id='word_1_307' title='bbox 2432 3294 2503 3352; x_wconf 86' lang='lat' dir='ltr'><strong>iii,</strong></span> <span class='ocrx_word' id='word_1_308' title='bbox 2574 3298 2685 3354; x_wconf 73' lang='lat'>332,</span> <span class='ocrx_word' id='word_1_309' title='bbox 2744 3306 2798 3344; x_wconf 81' lang='lat' dir='ltr'><strong>ut</strong></span> 
     </span>
     <span class='ocr_line' id='line_1_54' title="bbox 1675 3352 2794 3416; baseline 0.006 -14"><span class='ocrx_word' id='word_1_310' title='bbox 1675 3352 1991 3416; x_wconf 69' lang='grc' dir='ltr'><strong>ὑποδέχεσθαι</strong></span> <span class='ocrx_word' id='word_1_311' title='bbox 2036 3356 2242 3405; x_wconf 79' lang='lat' dir='ltr'><strong>insidiis.</strong></span> <span class='ocrx_word' id='word_1_312' title='bbox 2314 3359 2441 3406; x_wconf 85' lang='lat' dir='ltr'><strong>Puta</strong></span> <span class='ocrx_word' id='word_1_313' title='bbox 2486 3369 2651 3408; x_wconf 83' lang='lat' dir='ltr'><strong>autem</strong></span> <span class='ocrx_word' id='word_1_314' title='bbox 2698 3361 2794 3408; x_wconf 78' lang='lat' dir='ltr'><strong>Mi-</strong></span> 
     </span>
     <span class='ocr_line' id='line_1_55' title="bbox 1674 3420 2797 3484; baseline 0.007 -20"><span class='ocrx_word' id='word_1_315' title='bbox 1674 3433 1849 3466; x_wconf 76' lang='lat' dir='ltr'><strong>senum</strong></span> <span class='ocrx_word' id='word_1_316' title='bbox 1898 3420 2101 3483; x_wconf 75' lang='lat' dir='ltr'><strong>scopulo</strong></span> <span class='ocrx_word' id='word_1_317' title='bbox 2146 3421 2467 3484; x_wconf 79' lang='lat' dir='ltr'><strong>promontorii</strong></span> <span class='ocrx_word' id='word_1_318' title='bbox 2502 3423 2797 3472; x_wconf 76' lang='lat' dir='ltr'><strong>insidentem</strong></span> 
     </span>
     <span class='ocr_line' id='line_1_56' title="bbox 1675 3483 2797 3561; baseline 0.006 -31"><span class='ocrx_word' id='word_1_319' title='bbox 1675 3485 1791 3530; x_wconf 72' lang='lat' dir='ltr'><strong>tuba</strong></span> <span class='ocrx_word' id='word_1_320' title='bbox 1830 3483 2094 3533; x_wconf 79' lang='lat' dir='ltr'><strong>cecinisse:</strong></span> <span class='ocrx_word' id='word_1_321' title='bbox 2137 3485 2229 3532; x_wconf 79' lang='lat' dir='ltr'><strong>boc</strong></span> <span class='ocrx_word' id='word_1_322' title='bbox 2272 3495 2419 3549; x_wconf 82' lang='lat' dir='ltr'><strong>poeta</strong></span> <span class='ocrx_word' id='word_1_323' title='bbox 2464 3497 2695 3561; x_wconf 64' lang='lat' dir='ltr'><strong>tanquam</strong></span> <span class='ocrx_word' id='word_1_324' title='bbox 2736 3487 2797 3536; x_wconf 73' lang='lat' dir='ltr'><strong>ad</strong></span> 
     </span>
     <span class='ocr_line' id='line_1_57' title="bbox 1672 3547 2793 3616; baseline 0.006 -23"><span class='ocrx_word' id='word_1_325' title='bbox 1672 3547 2034 3610; x_wconf 78' lang='lat' dir='ltr'><strong>provocandum</strong></span> <span class='ocrx_word' id='word_1_326' title='bbox 2056 3548 2310 3598; x_wconf 79' lang='lat' dir='ltr'><strong>Tritonem</strong></span> <span class='ocrx_word' id='word_1_327' title='bbox 2342 3549 2523 3598; x_wconf 77' lang='lat' dir='ltr'><strong>factum</strong></span> <span class='ocrx_word' id='word_1_328' title='bbox 2555 3561 2793 3616; x_wconf 79' lang='lat' dir='ltr'><strong>interpre-</strong></span> 
     </span>
     <span class='ocr_line' id='line_1_58' title="bbox 1674 3619 1817 3657; baseline -0.007 0"><span class='ocrx_word' id='word_1_329' title='bbox 1674 3619 1817 3657; x_wconf 78' lang='lat' dir='ltr'><strong>tatur.</strong></span> 
     </span>
    </p>

    <p class='ocr_par' dir='ltr' id='par_1_17' title="bbox 1671 3673 2799 3932">
     <span class='ocr_line' id='line_1_59' title="bbox 1751 3673 2799 3744; baseline 0.009 -24"><span class='ocrx_word' id='word_1_330' title='bbox 1751 3673 1857 3724; x_wconf 83' lang='lat'><strong>177.</strong></span> <span class='ocrx_word' id='word_1_331' title='bbox 1908 3679 2057 3724; x_wconf 71' lang='lat' dir='ltr'><strong>Aram</strong></span> <span class='ocrx_word' id='word_1_332' title='bbox 2094 3679 2326 3738; x_wconf 68' lang='lat' dir='ltr'><strong>sepulchri</strong></span> <span class='ocrx_word' id='word_1_333' title='bbox 2368 3677 2625 3741; x_wconf 81' lang='lat' dir='ltr'><strong>exquisite,</strong></span> <span class='ocrx_word' id='word_1_334' title='bbox 2670 3681 2799 3744; x_wconf 83' lang='lat' dir='ltr'><strong>quod</strong></span> 
     </span>
     <span class='ocr_line' id='line_1_60' title="bbox 1673 3740 2794 3803; baseline 0.007 -18"><span class='ocrx_word' id='word_1_335' title='bbox 1673 3753 1717 3786; x_wconf 80' lang='lat' dir='ltr'><strong>v.</strong></span> <span class='ocrx_word' id='word_1_336' title='bbox 1744 3740 1839 3785; x_wconf 79' lang='lat'><strong>215</strong></span> <span class='ocrx_word' id='word_1_337' title='bbox 1872 3743 2099 3802; x_wconf 72' lang='lat' dir='ltr'><strong>ingentem</strong></span> <span class='ocrx_word' id='word_1_338' title='bbox 2126 3757 2295 3803; x_wconf 71' lang='lat' dir='ltr'><strong>pyram</strong></span> <span class='ocrx_word' id='word_1_339' title='bbox 2316 3757 2347 3790; x_wconf 83' lang='lat' dir='ltr'><strong>a</strong></span> <span class='ocrx_word' id='word_1_340' title='bbox 2376 3741 2545 3790; x_wconf 65' lang='lat' dir='ltr'><strong>formae</strong></span> <span class='ocrx_word' id='word_1_341' title='bbox 2566 3744 2794 3792; x_wconf 79' lang='lat' dir='ltr'><strong>similitu-</strong></span> 
     </span>
     <span class='ocr_line' id='line_1_61' title="bbox 1672 3801 2798 3872; baseline 0.006 -23"><span class='ocrx_word' id='word_1_342' title='bbox 1672 3801 1801 3850; x_wconf 86' lang='lat' dir='ltr'><strong>dine.</strong></span> <span class='ocrx_word' id='word_1_343' title='bbox 1859 3805 1963 3852; x_wconf 86' lang='lat' dir='ltr'><strong>Ara</strong></span> <span class='ocrx_word' id='word_1_344' title='bbox 1996 3814 2075 3852; x_wconf 82' lang='lat' dir='ltr'><strong>est</strong></span> <span class='ocrx_word' id='word_1_345' title='bbox 2106 3805 2265 3860; x_wconf 76' lang='lat' dir='ltr'><strong>omnis</strong></span> <span class='ocrx_word' id='word_1_346' title='bbox 2297 3806 2443 3864; x_wconf 79' lang='lat' dir='ltr'><strong>basis,</strong></span> <span class='ocrx_word' id='word_1_347' title='bbox 2468 3817 2519 3855; x_wconf 83' lang='lat' dir='ltr'><strong>et</strong></span> <span class='ocrx_word' id='word_1_348' title='bbox 2552 3808 2600 3855; x_wconf 78' lang='lat' dir='ltr'><strong>h.</strong></span> <span class='ocrx_word' id='word_1_349' title='bbox 2625 3808 2656 3855; x_wconf 92' lang='grc'><strong>1.</strong></span> <span class='ocrx_word' id='word_1_350' title='bbox 2692 3809 2798 3872; x_wconf 78' lang='lat' dir='ltr'><strong>ipsa</strong></span> 
     </span>
     <span class='ocr_line' id='line_1_62' title="bbox 1671 3867 2797 3932; baseline 0.008 -19"><span class='ocrx_word' id='word_1_351' title='bbox 1671 3881 1805 3930; x_wconf 82' lang='lat' dir='ltr'><strong>pyra,</strong></span> <span class='ocrx_word' id='word_1_352' title='bbox 1828 3867 1909 3915; x_wconf 83' lang='lat' dir='ltr'><strong>cui</strong></span> <span class='ocrx_word' id='word_1_353' title='bbox 1930 3867 2199 3932; x_wconf 82' lang='lat' dir='ltr'><strong>imponitur</strong></span> <span class='ocrx_word' id='word_1_354' title='bbox 2218 3871 2548 3920; x_wconf 83' lang='lat' dir='ltr'><strong>cremandum.</strong></span> <span class='ocrx_word' id='word_1_355' title='bbox 2609 3873 2797 3922; x_wconf 73' lang='lat' dir='ltr'><strong>Iterum</strong></span> 
     </span>
    </p>

    <p class='ocr_par' dir='ltr' id='par_1_18' title="bbox 1690 3931 2793 4043">
     <span class='ocr_line' id='line_1_63' title="bbox 1754 3931 2793 4008; baseline 0.009 -30"><span class='ocrx_word' id='word_1_356' title='bbox 1754 3941 1817 4008; x_wconf 45' lang='lat' dir='ltr'><strong>&#39;ta</strong></span> <span class='ocrx_word' id='word_1_357' title='bbox 1838 3931 2045 3984; x_wconf 82' lang='lat' dir='ltr'><strong>multum</strong></span> <span class='ocrx_word' id='word_1_358' title='bbox 2068 3943 2269 3982; x_wconf 77' lang='lat' dir='ltr'><strong>ornatus</strong></span> <span class='ocrx_word' id='word_1_359' title='bbox 2297 3935 2350 3982; x_wconf 86' lang='lat' dir='ltr'><strong>in</strong></span> <span class='ocrx_word' id='word_1_360' title='bbox 2376 3951 2433 3984; x_wconf 86' lang='lat' dir='ltr'><strong>re</strong></span> <span class='ocrx_word' id='word_1_361' title='bbox 2462 3936 2601 3984; x_wconf 86' lang='lat' dir='ltr'><strong>tenui</strong></span> <span class='ocrx_word' id='word_1_362' title='bbox 2622 3953 2793 3986; x_wconf 83' lang='lat' dir='ltr'><strong>cumu-</strong></span> 
     </span>
     <span class='ocr_line' id='line_1_64' title="bbox 1690 4007 1803 4043; baseline 0 0"><span class='ocrx_word' id='word_1_363' title='bbox 1690 4007 1803 4043; x_wconf 76' lang='lat' dir='ltr'><strong>avit.</strong></span> 
     </span>
    </p>

    <p class='ocr_par' dir='ltr' id='par_1_19' title="bbox 1668 4061 2855 4427">
     <span class='ocr_line' id='line_1_65' title="bbox 1738 4061 2795 4128; baseline 0.009 -22"><span class='ocrx_word' id='word_1_364' title='bbox 1738 4061 2007 4107; x_wconf 68' lang='grc'><strong>180-184.</strong></span> <span class='ocrx_word' id='word_1_365' title='bbox 2032 4063 2185 4109; x_wconf 78' lang='lat' dir='ltr'><strong>Piceae</strong></span> <span class='ocrx_word' id='word_1_366' title='bbox 2200 4063 2399 4127; x_wconf 84' lang='lat' dir='ltr'><strong>proprie</strong></span> <span class='ocrx_word' id='word_1_367' title='bbox 2418 4065 2469 4112; x_wconf 86' lang='lat' dir='ltr'><strong>in</strong></span> <span class='ocrx_word' id='word_1_368' title='bbox 2486 4064 2619 4128; x_wconf 72' lang='lat' dir='ltr'><strong>rogis</strong></span> <span class='ocrx_word' id='word_1_369' title='bbox 2635 4065 2795 4114; x_wconf 79' lang='lat' dir='ltr'><strong>locum</strong></span> 
     </span>
     <span class='ocr_line' id='line_1_66' title="bbox 1668 4123 2792 4192; baseline 0.007 -22"><span class='ocrx_word' id='word_1_370' title='bbox 1668 4123 1863 4171; x_wconf 82' lang='lat' dir='ltr'><strong>habent.</strong></span> <span class='ocrx_word' id='word_1_371' title='bbox 1906 4127 2197 4188; x_wconf 70' lang='lat' dir='ltr'><strong>Aeet‘ngiwr,</strong></span> <span class='ocrx_word' id='word_1_372' title='bbox 2214 4125 2478 4188; x_wconf 60' lang='grc' dir='ltr'><strong>ὁπλίζει-αι,</strong></span> <span class='ocrx_word' id='word_1_373' title='bbox 2496 4129 2711 4192; x_wconf 74' lang='lat' dir='ltr'><strong>accingit</strong></span> <span class='ocrx_word' id='word_1_374' title='bbox 2726 4145 2792 4178; x_wconf 74' lang='lat' dir='ltr'><strong>ae.</strong></span> 
     </span>
     <span class='ocr_line' id='line_1_67' title="bbox 1670 4187 2791 4258; baseline 0.006 -24"><span class='ocrx_word' id='word_1_375' title='bbox 1670 4187 1921 4250; x_wconf 72' lang='lat' dir='ltr'><strong>Sag-acite!-</strong></span> <span class='ocrx_word' id='word_1_376' title='bbox 1945 4198 2109 4238; x_wconf 81' lang='lat' dir='ltr'><strong>autem</strong></span> <span class='ocrx_word' id='word_1_377' title='bbox 2130 4199 2275 4254; x_wconf 82' lang='lat' dir='ltr'><strong>poeta</strong></span> <span class='ocrx_word' id='word_1_378' title='bbox 2296 4192 2594 4254; x_wconf 78' lang='lat' dir='ltr'><strong>excogitavit</strong></span> <span class='ocrx_word' id='word_1_379' title='bbox 2614 4209 2791 4258; x_wconf 73' lang='lat' dir='ltr'><strong>oppor-</strong></span> 
     </span>
     <span class='ocr_line' id='line_1_68' title="bbox 1670 4251 2792 4319; baseline 0.007 -20"><span class='ocrx_word' id='word_1_380' title='bbox 1670 4251 1929 4301; x_wconf 75' lang='lat' dir='ltr'><strong>tunitatem</strong></span> <span class='ocrx_word' id='word_1_381' title='bbox 1972 4253 2273 4319; x_wconf 68' lang='lat' dir='ltr'><strong>reperiendae</strong></span> <span class='ocrx_word' id='word_1_382' title='bbox 2312 4257 2499 4305; x_wconf 80' lang='lat' dir='ltr'><strong>arboris</strong></span> <span class='ocrx_word' id='word_1_383' title='bbox 2542 4257 2792 4316; x_wconf 68' lang='lat' dir='ltr'><strong>mirabilia,</strong></span> 
     </span>
     <span class='ocr_line' id='line_1_69' title="bbox 1669 4315 2855 4427; baseline 0.008 -64"><span class='ocrx_word' id='word_1_384' title='bbox 1669 4315 1907 4427; x_wconf 51' lang='lat' dir='ltr'><strong>{astudio</strong></span> <span class='ocrx_word' id='word_1_385' title='bbox 1936 4319 2152 4368; x_wconf 65' lang='lat' dir='ltr'><strong>materiae</strong></span> <span class='ocrx_word' id='word_1_386' title='bbox 2172 4320 2517 4382; x_wconf 63' lang='lat' dir='ltr'><strong>conquirenda</strong></span> <span class='ocrx_word' id='word_1_387' title='bbox 2536 4322 2600 4370; x_wconf 79' lang='lat' dir='ltr'><strong>ad</strong></span> <span class='ocrx_word' id='word_1_388' title='bbox 2622 4337 2791 4386; x_wconf 78' lang='lat' dir='ltr'><strong>rogum</strong></span> <span class='ocrx_word' id='word_1_389' title='bbox 2850 4367 2855 4372; x_wconf 83' lang='grc'><em>,</em></span> 
     </span>
    </p>

    <p class='ocr_par' dir='ltr' id='par_1_20' title="bbox 1728 4395 1868 4428">
     <span class='ocr_line' id='line_1_70' title="bbox 1728 4395 1868 4428; baseline 0 0"><span class='ocrx_word' id='word_1_390' title='bbox 1728 4395 1868 4428; x_wconf 73' lang='lat' dir='ltr'><strong>ueni.</strong></span> 
     </span>
    </p>
   </div>
  </div>
 </body>
</html>
