3050 4934
497 256 630 320 574

1389 253 1918 322 AENEIDOS

671 405 994 472 Viximus.
1071 403 1212 470 Aut
1240 405 1436 470 hodie
1467 406 1675 471 victor
1705 403 1911 489 spolia
1938 401 2047 467 illa
2076 405 2347 466 cruenta

673 507 766 571 Et
795 518 996 591 caput
1025 507 1258 571 AEneae
1285 507 1557 583 referes,
1590 505 1925 589 Lausique
1954 501 2255 568 dolorum

671 607 866 672 Ultor
891 610 1022 672 eris
1049 629 1340 684 mecum3
1389 617 1526 685 aut,
1556 608 1769 692 aperit
1798 607 1855 670 si
1882 603 2059 669 nulla
2086 603 2253 666 viam
2278 603 2400 678 vis,

497 709 626 772 865
670 709 1044 773 Occumbes
1071 711 1340 793 pariter.
1413 707 1655 792 Neque
1684 708 1879 784 euim,
1908 703 2281 780 fortissime,
2310 703 2511 766 credo

667 809 870 874 Jussa
899 807 1108 874 aliena
1135 810 1370 893 pati-et
1397 809 1695 874 dominos
1725 807 2083 891 dignabere
2110 803 2431 868 Teucros.

673 909 904 988 Dixin
951 921 1020 975 et
1045 919 1366 994 exceptus
1395 921 1585 994 tergo
1612 919 1925 973 consueta
1951 905 2187 970 locavit

671 1010 998 1088 Membra,
1025 1031 1386 1094 manusque
1413 1010 1637 1074 ambas
1656 1007 1893 1093 jaculis
1922 1007 2212 1072 oneravit
2240 1007 2485 1082 acutis;

671 1111 836 1176 AEre
865 1122 1064 1195 caput
1090 1110 1372 1194 fiilgens,
1405 1111 1731 1194 cristaque
1762 1109 2057 1173 hirsutus
2083 1108 2341 1191 equina.

500 1214 632 1276 870
675 1213 784 1278 Sic
813 1233 1076 1277 cursum
1101 1211 1170 1275 in
1197 1211 1446 1275 medios
1477 1211 1749 1295 rapidus
1778 1209 1985 1273 dedit.
2062 1209 2331 1272 AEstuat
2358 1208 2587 1292 ingens

675 1312 830 1377 Uno
857 1313 924 1377 in
954 1311 1154 1376 corde
1183 1312 1400 1395 pudor
1427 1311 1763 1394 mixtoque
1788 1311 2041 1375 insania
2070 1310 2275 1386 luctu,

673 1413 712 1454 ¹*
729 1412 822 1476 Et
849 1411 1064 1476 Furiis
1094 1413 1377 1496 agitatus
1409 1433 1613 1489 amor,
1645 1423 1714 1475 et
1740 1412 2001 1477 conscia
2028 1412 2233 1476 virtus
2254 1419 2309 1488 ς·

674 1513 900 1598 Atque
929 1513 1036 1578 hic
1065 1513 1326 1576 AEnean
1355 1533 1591 1596 magna
1620 1523 1723 1576 ter
1750 1535 1909 1577 voce
1940 1513 2211 1576 vocavit.

676 1613 930 1679 AEneas
960 1613 1225 1696 agnovit
1251 1612 1444 1691 enim,
1476 1611 1799 1696 laetusque
1824 1623 2170 1696 precatur:

501 1717 630 1780 875
675 1714 785 1778 Sic
811 1725 1002 1800 pater
1029 1711 1136 1778 ille
1163 1711 1360 1777 defim
1389 1711 1605 1790 faciat,
1640 1715 1733 1778 sic
1760 1713 1933 1778 altus
1962 1711 2227 1798 Apollo,

676 1815 956 1900 Incipias
983 1813 1282 1878 conferre
1307 1835 1589 1878 manum.

676 1915 966 1980 Tantum
993 1913 1254 1991 effatus,
1285 1926 1355 1978 et
1381 1915 1619 1980 infesta
1648 1917 1824 1980 subit
1850 1916 2079 1979 obvius
2109 1913 2322 1978 hasta.

676 2017 794 2083 Ille
825 2029 1078 2082 autem:
1125 2015 1306 2090 Quid
1333 2039 1460 2093 me,
1493 2027 1745 2100 erepte,
1780 2015 2151 2092 saevissime,
2181 2027 2361 2092 nate,

677 2119 968 2183 Terres?
1015 2117 1158 2182 haec
1187 2119 1290 2182 via
1320 2116 1459 2181 sola
1487 2115 1613 2181 fuit
1640 2140 1771 2200 qua
1796 2117 2077 2202 perdere
2108 2139 2361 2200 posses.

503 2221 634 2284 880
675 2219 824 2284 Nec
853 2229 1124 2282 mortem
1151 2219 1516 2295 horremus,
1550 2239 1670 2283 nec
1696 2216 1915 2283 divfim
1940 2219 2266 2302 parcimus
2296 2217 2428 2282 ulli.

679 2320 952 2385 Desine.
1027 2319 1178 2384 Jam
1205 2321 1392 2384 venio
1421 2320 1796 2395 moriturus,
1828 2329 1897 2384 et
1923 2320 2067 2383 haec
2098 2319 2215 2383 tibi
2244 2331 2437 2404 porto

680 2420 878 2486 Dona
905 2421 1110 2506 prius.
1186 2421 1399 2498 Dixit,
1431 2421 1763 2505 telumque
1792 2421 2051 2486 intorsit
2078 2422 2143 2484 in
2178 2420 2471 2498 hosteim

679 2523 844 2598 Inde
875 2522 1054 2588 aliud
1083 2543 1283 2608 super
1310 2533 1508 2606 atque
1538 2521 1715 2586 aliud
1742 2521 2041 2606 figitque,
2071 2519 2369 2605 volatque

681 2625 938 2710 Ingenti
965 2645 1164 2707 gyro:
1211 2623 1328 2688 sed
1359 2623 1637 2687 sustinet
1666 2643 1905 2687 aureus
1934 2624 2154 2688 umbo.

505 2727 635 2791 885
678 2725 818 2791 Ter
847 2725 1090 2790 circum
1115 2723 1484 2788 adstantem
1511 2722 1709 2788 loevos
1738 2724 2053 2807 equitavit
2080 2725 2147 2788 in
2174 2725 2391 2800 orbes,

679 2826 848 2891 Tela
875 2848 1072 2890 mauu
1089 2825 1380 2910 jaciens3
1423 2835 1526 2888 ter
1556 2847 1775 2890 secum
1805 2823 2050 2889 Troius
2079 2825 2275 2890 heros

683 2927 1031 2991 Immanem
1061 2936 1263 2990 aerato
1292 2925 1663 2990 circumfert
1690 2927 1969 3009 tegmine
2002 2926 2243 2990 silvam.

683 3026 846 3090 Inde
875 3026 990 3090 ubi
1018 3037 1117 3090 tot
1145 3025 1423 3091 traxisse
1453 3047 1691 3104 moraS,
1723 3035 1823 3090 tot
1853 3026 2103 3112 spicula
2129 3027 2331 3092 taedet

681 3125 968 3204 Vellere,
999 3137 1069 3191 et
1097 3137 1369 3211 urgetur
1395 3149 1621 3212 pugna
1648 3150 2041 3213 congressus
2070 3130 2324 3214 iniqua3

509 3395 614 3446 scil.
639 3395 695 3443 in:
712 3393 846 3442 fluxa
863 3393 957 3441 hac
979 3407 1142 3441 rerum
1163 3391 1455 3441 conffitione.
1504 3394 1629 3441 Gra-

513 3462 590 3510 via
610 3458 868 3516 sententia,
893 3465 944 3506 et
963 3458 1011 3505 h.
1037 3456 1069 3504 l.
1093 3455 1294 3505 affectus
1313 3457 1472 3521 plena.

576 3525 670 3576 867
694 3539 796 3588 sqq.
833 3522 914 3571 Ad
934 3519 1180 3585 ἐνάργειαν
1200 3537 1230 3569 a
1251 3533 1398 3585 poeta
1417 3523 1635 3584 subjecta

510 3599 642 3648 aunt,
665 3599 720 3638 ut
755 3586 991 3636 Mezentii
1022 3587 1184 3650 imago
1210 3585 1432 3636 semibus
1453 3586 1634 3635 nostris

511 3656 610 3704 alte
631 3653 856 3702 insideat.

575 3719 685 3768 871.
723 3717 902 3774 Pudor,
935 3715 1082 3773 furor,
1115 3716 1289 3774 luctus,
1315 3731 1414 3764 una
1433 3724 1486 3763 et
1513 3731 1629 3763 con·-

502 3781 716 3858 junctim
757 3781 872 3844 (hoc
913 3779 1044 3855 enirn
1079 3789 1156 3828 est
1192 3797 1280 3856 aa?
1319 3783 1369 3826 in
1406 3783 1555 3836 corde,
1592 3780 1635 3828 si

509 3857 708 3963 ⁹⁶22}ss
719 3842 1632 3971 Ἣΐέιῗὶξέιθὲῒὴέἓᾛῖᾚω

509 3992 624 4025 uam
647 3975 931 4024 adversatur
961 3971 1055 4020 loci
1087 3971 1383 4028 rationibus3
1420 3983 1525 4020 tum
1546 3971 1631 4020 inf.

507 4040 598 4099 xii,
616 4041 711 4089 668
735 4039 912 4086 iterum
933 4035 1172 4085 occurrit:
1207 4035 1404 4084 tandem
1426 4037 1565 4084 deest
1583 4037 1637 4084 in

507 4102 860 4168 antiquissimis
883 4102 1029 4151 Rom«
1049 4101 1256 4156 Medic-3
1285 4109 1336 4149 at
1357 4100 1412 4148 iu
1435 4101 1634 4164 Meuag.

507 4169 894 4284 1033aner
913 4166 1130 4294 zamma}
1163 4233 1238 4278 aa·
1331 4227 1404 4278 ua
1439 4245 1528 4278 ue·
1576 4229 1636 4289 δὴ

509 4295 608 4358 γάρ
635 4315 728 4354 τοι,
769 4266 1033 4370 enin-{wero-
1101 4247 1296 4343 Faxitlx’
1325 4245 1441 4343 νει-ἓ
1473 4265 1546 4343 dl'l
1580 4303 1638 4343 ut

509 4373 672 4409 tecum
693 4359 926 4422 cong-redi
955 4359 1128 4407 liceat!
1175 4362 1315 4408 Altus
1347 4359 1528 4434 Apollo
1560 4369 1637 4408 est

511 4438 732 4485 magnus,
757 4433 814 4470 ut
839 4425 940 4484 jam
964 4422 1220 4484 aliquoties
1241 4433 1440 4472 novavit
1476 4425 1631 4472 Maro.

509 4491 646 4538 Sub-'c
669 4487 716 4534 h.
740 4487 772 4534 Ι.
795 4485 955 4548 simpl.
979 4486 1034 4543 it,
1055 4487 1277 4534 occurrit.

1763 3393 2036 3444 8⁷9—881.
2074 3396 2197 3442 'H'aec
2222 3397 2301 3442 via
2330 3397 2429 3442 tola
2453 3393 2555 3458 fids
2588 3411 2685 3458 qua
2712 3413 2827 3458 per-

1698 3461 1807 3506 dere
1836 3474 2004 3519 posses,
2040 3474 2109 3506 sc.
2148 3467 2263 3506 nato
2297 3467 2481 3522 erepto,
2524 3459 2615 3508 mii
2648 3470 2827 3510 mou-te.

1698 3525 1975 3570 Necdae'vam
2000 3525 2375 3584 ρανσᾶπιωιαὶς
2410 3531 2465 3571 ut
2497 3525 2561 3572 ab
2592 3540 2653 3572 eo
2680 3525 2827 3574 auxi-

1696 3586 1817 3634 lium
1871 3596 2211 3651 expectemusz
2258 3603 2465 3649 parcere,
2510 3603 2604 3652 pro
2644 3589 2829 3646 vereri,

1696 3659 1930 3707 metuere,
1954 3651 2173 3714 adeoque
2193 3651 2392 3701 omuino
2412 3667 2599 3700 mirare.
2650 3657 2831 3702 Ded-

1698 3725 1896 3764 terrere.

1765 3779 2035 3829 885—887.
2062 3781 2259 3828 Laevam
2280 3779 2332 3827 in
2350 3789 2538 3844 partem
2558 3795 2659 3828 uon
2676 3781 2829 3828 modo

1698 3843 1763 3892 ob
1784 3843 2055 3892 naturalem
2076 3843 2191 3906 equi
2218 3843 2401 3892 flexum
2430 3845 2484 3892 in
2516 3844 2711 3902 levum,
2734 3845 2829 3893 sed

1698 3907 1813 3956 ideo
1830 3905 2042 3956 maxime
2073 3908 2332 3970 equitabat.
2358 3917 2415 3956 ut
2444 3909 2551 3973 ipse
2582 3909 2711 3958 lava
2730 3909 2825 3957 cli-

1698 3987 1793 4036 peo
1828 3980 2001 4030 tecnas,
2042 3981 2093 4019 et
2134 3973 2309 4020 dextra
2346 3973 2590 4038 expedita,
2631 3973 2826 4030 AEneoe,

1702 4036 1785 4098 qui
1828 4035 1876 4083 ei
1914 4051 2109 4100 semper
2141 4053 2171 4084 a
2203 4037 2324 4085 laeva
2358 4037 2410 4085 ia
2448 4037 2683 4086 interiore
2713 4037 2829 4100 gyri

1701 4099 1817 4148 orbe
1848 4102 2021 4158 stabat,
2044 4100 2273 4150 dextrum
2304 4101 2433 4150 latus
2464 4110 2667 4166 peteret,
2690 4101 2829 4164 quod

1700 4179 1731 4213 a
1764 4163 1925 4229 clipeo
1959 4173 2143 4213 tectum
2178 4181 2279 4214 nou
2318 4175 2437 4214 erat.
2502 4165 2601 4214 Sed
2634 4165 2832 4215 AEueoe

1698 4228 1911 4294 clipeum
1933 4229 2226 4296 circumfert,
2249 4239 2303 4278 et
2330 4231 2463 4280 hunc
2482 4230 2677 4293 quidem
2700 4245 2825 4278 one-

1700 4303 1859 4343 ratum
1888 4294 2057 4343 infixis
2076 4295 2256 4344 hastis:
2292 4294 2337 4343 is
2356 4305 2618 4360 exceperat
2638 4303 2691 4343 ct
2710 4309 2827 4342 sus-

1702 4359 1915 4408 tinuerat
1937 4359 2045 4408 tela.

1736 4425 1875 4536 e(8¹89.
1912 4426 2077 4486 Pugna
2100 4427 2271 4486 iniqua,
2290 4437 2459 4474 contra
2480 4423 2695 4488 equitem
2716 4424 2829 4489 ipse

1700 4505 1733 4550 p
1798 4503 1863 4535 es.
