3050 4934
1270 244 1610 311 LIBER
1656 246 1787 314 IV.

2558 254 2679 317 187

365 386 493 449 525
538 387 871 468 Volveret,
902 391 1281 477 Eurydicen
1311 418 1439 459 vox
1466 397 1612 481 ipsa
1639 409 1709 461 et
1737 398 1972 483 frigida
2003 400 2242 485 lingua,

534 486 645 553 Ah
675 494 973 557 miseram
1004 494 1418 580 Eurydicen!
1466 499 1678 561 anima
1705 498 1994 583 fugiente
2025 505 2332 582 vocabat3

536 589 913 675 Eurydicen
940 606 1079 659 toto
1108 595 1479 662 referebant
1506 598 1770 665 flumine
1801 603 1982 685 ripae.

620 692 787 759 Haec
819 695 1137 761 Proteus:
1184 709 1253 763 et
1282 722 1353 764 se
1373 700 1560 785 jactu
1590 701 1776 765 dedit
1805 726 2030 788 aequor
2059 706 2124 768 in
2157 706 2391 785 altum3

534 793 815 880 Quaque
846 798 1051 875 dedit,
1084 812 1489 883 spumantem
1518 803 1761 866 undam
1793 805 1916 868 sub
1948 808 2188 870 vertice
2221 810 2429 871 torsit.

359 896 491 959 530
534 894 629 961 At
654 920 785 962 non
812 898 1104 983 Cyrene3
1152 925 1427 987 namque
1458 903 1630 967 ultro
1661 904 1862 969 affata
1891 908 2255 971 timentem:

532 997 733 1077 Nate,
765 998 917 1066 licet
946 1004 1165 1066 tristes
1196 1006 1407 1068 animo
1437 1005 1768 1089 deponere
1799 1016 2012 1072 curas.

533 1099 699 1165 Haec
730 1104 935 1165 omnis
966 1105 1173 1168 morbi
1200 1126 1433 1183 causa3
1479 1106 1631 1171 hinc
1663 1108 2028 1173 miserabile
2059 1110 2410 1194 Nymphae,

532 1200 696 1265 Cum
726 1203 963 1287 quibus
994 1203 1101 1268 illa
1130 1205 1365 1270 choros
1396 1205 1558 1271 lucis
1590 1208 1880 1291 agitabat
1909 1210 1974 1272 in
2005 1208 2176 1287 altis,

535 1301 827 1368 Exitium
854 1306 1087 1370 misere
1118 1308 1373 1391 apibuS.
1452 1308 1564 1371 Tu
1592 1330 1860 1373 munera
1889 1310 2168 1395 supplex

358 1402 489 1467 535
532 1402 765 1469 Tende
794 1414 1025 1489 petens
1059 1430 1307 1491 pacem,
1340 1419 1408 1472 et
1438 1408 1660 1473 faciles
1690 1432 1998 1475 venerare
2030 1412 2354 1495 Napaeas-3

532 1506 835 1591 Namque
867 1507 1119 1572 dabunt
1144 1510 1395 1573 veniam
1424 1512 1614 1587 votis,
1644 1512 1904 1593 irasque
1933 1513 2283 1577 remittent.

532 1607 668 1671 Sed
696 1608 929 1671 modus
958 1610 1187 1673 orandi
1215 1612 1327 1694 qui
1359 1611 1463 1687 sit,
1494 1612 1679 1694 prius
1709 1612 1936 1675 ordine
1968 1613 2198 1677 dicam.

529 1708 833 1781 Quatuor
862 1711 1131 1775 eximios
1162 1714 1499 1795 praestanti
1528 1734 1806 1796 corpore
1839 1724 2084 1789 tauros,

530 1809 665 1881 Qui
693 1810 813 1873 tibi
842 1833 1012 1875 nunc
1042 1812 1261 1876 viridis
1292 1812 1660 1896 depascunt
1689 1835 1936 1877 summa
1971 1814 2212 1897 Lycoei,

358 1910 486 1973 540
531 1909 789 1995 Delige,
821 1921 889 1974 et
916 1913 1159 1976 intacta
1186 1914 1457 1977 totidem
1488 1914 1738 1978 cervice
1759 1916 2095 1997 juvencaS.

527 2011 833 2084 Quatuor
857 2012 961 2075 his
992 2036 1140 2076 aras
1171 2013 1303 2077 alta
1331 2015 1417 2079 ad
1448 2013 1724 2078 delubra
1753 2016 2022 2079 dearum

527 2113 892 2190 Constitue,
925 2124 993 2178 et
1022 2136 1278 2179 sacrum
1297 2115 1546 2200 jugulis
1578 2116 1844 2181 demitte
1875 2140 2206 2195 cruorem3

527 2214 949 2298 Corporaque
980 2217 1123 2300 ipsa
1150 2218 1351 2280 boum
1380 2216 1692 2281 frondoso
1723 2218 1954 2282 desere
1985 2218 2153 2283 luce.

528 2314 711 2393 Post,
746 2317 859 2379 ubi
886 2338 1057 2379 nona
1087 2339 1241 2381 suos
1270 2315 1536 2381 Aurora
1567 2319 1926 2383 ostenderit
1953 2329 2159 2395 ortus,

356 2416 485 2481 545
527 2415 800 2481 Inferias
832 2414 1088 2501 Orphei
1122 2418 1394 2482 Lethaea
1424 2441 1752 2503 papavera
1779 2420 2018 2495 mitteS,

356 2615 818 2737 ffifflffiffize
840 2616 1479 2743 fflffizuissk’ffilffdssffi

348 2746 451 2805 jam
498 2744 699 2793 Navius
747 2743 799 2791 in
843 2744 1027 2809 Cypria
1072 2745 1229 2793 Iliade
1272 2745 1474 2802 dixerat,

360 2810 531 2855 coelum
548 2826 843 2856 marmoreum
858 2818 1035 2871 torques
1044 2818 1272 2872 gemmata
1289 2817 1473 2857 coercet.

356 2874 541 2920 Hebrus
560 2876 796 2936 OEagrius,
813 2875 874 2921 ab
891 2874 1088 2937 OEagro,
1104 2874 1327 2922 Thracia!
1344 2888 1473 2935 rege,

353 2936 539 3000 Orphei
634 2946 721 2985 tre.
777 2938 851 2985 Ca
886 2946 938 2985 ut
964 2938 1152 3013 Orphei
1183 2938 1235 2985 in
1263 2952 1397 2985 mare
1426 2948 1477 2983 et

352 3001 467 3049 binc
488 3000 540 3048 in
604 3002 774 3049 esbum
797 3002 857 3048 de
904 3011 1009 3050 tum
1029 3003 1193 3065 ibique
1214 2999 1473 3065 sepultum,

353 3066 537 3129 Hygin-
555 3066 693 3113 Poet.
712 3067 908 3113 Astron.
928 3066 979 3123 ii,
996 3066 1025 3117 7
1042 3087 1053 3121 3
1078 3066 1209 3114 unde
1227 3066 1296 3114 ibi
1312 3064 1476 3113 suavis

352 3130 669 3179 lusciniarum
682 3142 854 3178 cannis
868 3130 1091 3194 proditus
1106 3146 1133 3178 a
1169 3166 1181 3177 .
1197 3128 1361 3192 Antig.
1380 3130 1473 3177 Ca-

352 3204 469 3259 ryst.
486 3197 531 3243 5.
569 3194 714 3250 Quod
728 3194 788 3242 de
802 3194 986 3258 Orphei
1004 3204 1143 3242 tumu
1160 3194 1254 3241 oin
1268 3192 1479 3241 Thracia

356 3260 597 3308 tradidere
620 3257 703 3307 alii
726 3274 803 3323 ap.
830 3259 973 3306 Paus.
998 3258 1063 3315 ix,
1086 3260 1162 3315 80,
1186 3274 1233 3321 p.
1260 3258 1369 3306 769.

419 3326 529 3372 529.
578 3326 673 3371 Sub
712 3326 894 3379 vertice,
936 3336 1034 3370 non
1073 3320 1261 3383 capitis,
1296 3321 1383 3368 sed
1422 3330 1479 3368 ut

352 3388 497 3451 vulgo
541 3402 671 3437 nunc
711 3386 1043 3451 pronuntiant,
1086 3384 1283 3441 vortice,
1330 3400 1475 3447 quem

352 3462 485 3501 mota
508 3454 613 3514 ejus
636 3451 821 3499 insultu
842 3464 966 3511 aqua
994 3448 1178 3497 ciebat:
1216 3448 1332 3505 δίνη,
1357 3464 1473 3497 con-

354 3526 479 3565 torta
502 3516 554 3564 in
575 3530 629 3565 se
655 3531 793 3578 aqua.
856 3514 1007 3560 Torsit
1026 3516 1113 3561 aab
1142 3516 1323 3570 vertice,
1348 3513 1477 3575 quod

354 3580 543 3645 vulgari
572 3594 679 3635 usu,
704 3576 887 3625 vortice
919 3576 994 3624 vel
1027 3577 1079 3624 in
1112 3576 1371 3633 vorticem3
1408 3577 1477 3625 ita

350 3654 405 3693 ut
422 3654 592 3693 vortex
615 3644 766 3690 fleret.
818 3642 925 3689 Nec
944 3640 1069 3689 ratio
1086 3641 1238 3698 deest,
1254 3650 1338 3689 aut
1354 3656 1470 3689 ana-

352 3708 369 3756 l
435 3708 493 3756 ‘a.

370 3724 527 3819 οε230.
568 3774 635 3819 At
668 3788 753 3819 non
788 3774 963 3833 Cyrene
988 3772 1123 3832 jactu
1152 3784 1207 3817 se
1240 3768 1292 3816 in
1322 3768 1473 3817 altum

349 3836 485 3885 dedit
517 3844 567 3883 et
604 3834 761 3883 fllium
804 3834 1003 3896 reliquit
1038 3832 1229 3882 consilii
1262 3832 1473 3897 inopem.

352 3900 643 3965 Respiciunt
656 3914 750 3947 vsa.
768 3900 878 3956 423,
894 3901 1013 3954 4243
1038 3913 1247 3961 namque
1259 3897 1406 3945 ducto
1422 3896 1473 3944 in

350 3980 525 4030 specus
558 3972 609 4012 et
640 3962 873 4010 collocato
906 3963 958 4010 in
991 3962 1189 4011 latebris
1222 3961 1338 4020 filio,
1373 3965 1477 4023 ipsa

346 4032 511 4092 procia
530 4030 708 4076 nebulis
733 4030 923 4075 obscuro
948 4030 1125 4075 resistit
1147 4026 1199 4074 in
1230 4026 1339 4101 ipso
1368 4042 1473 4073 sco-

349 4094 479 4158 pulo.
516 4091 713 4141 Scilicet
728 4092 934 4140 Proteus
950 4090 1299 4139 internecionis
1312 4104 1475 4156 apum,

348 4161 493 4206 morbi
524 4174 709 4205 comm
730 4172 773 4203 v.
809 4156 918 4214 39⁷,
948 4164 1137 4203 tantum
1168 4172 1195 4203 e
1354 4164 1472 4213 erat,

348 4238 447 4271 non
470 4237 587 4269 vero
608 4220 815 4269 fortunat
838 4220 1120 4269 remedium.
1181 4220 1293 4267 Hoc
1320 4228 1475 4267 mater

348 4286 567 4349 subiicit:
592 4285 780 4334 scilicet
790 4285 947 4349 milpae
960 4284 1303 4349 expiationem,
1317 4284 1470 4346 Nym·

350 4352 557 4415 pharum
589 4348 913 4414 placationem
944 4348 1185 4398 sacrificio
1212 4356 1348 4396 certo
1376 4346 1475 4396 ritu

350 4414 585 4472 faciendo,
610 4424 661 4461 et
682 4413 881 4462 inferias
912 4414 1111 4477 Orpheo
1141 4421 1192 4461 et
1220 4410 1477 4476 Eurydice

1543 2617 1794 2671 ferendam
1829 2632 1926 2679 quo
1949 2616 2076 2665 facto
2098 2632 2162 2665 ex
2185 2618 2491 2667 victimarum
2511 2620 2664 2671 visce-

1543 2680 1677 2730 ribus
1697 2695 1823 2728 nova
1839 2681 2066 2730 examina
2085 2682 2332 2731 exoritura
2349 2694 2527 2733 essent.
2571 2686 2664 2735 Fa-

1543 2745 1744 2793 tendum
1778 2755 1867 2803 est,
1901 2760 1972 2803 ea,
2001 2761 2109 2807 qua!
2141 2762 2170 2794 a
2202 2756 2358 2796 matre
2391 2759 2665 2807 monentur,

1543 2808 1672 2857 haud
1693 2808 1858 2873 paullo
1878 2809 2102 2872 graviora
2129 2826 2236 2859 esse
2260 2812 2424 2861 Protei
2451 2814 2665 2863 monitis.

1608 2874 1880 2920 534-536.
1916 2876 2116 2923 Munera
2140 2879 2330 2938 supplex
2357 2879 2522 2936 Tende,
2551 2894 2665 2943 pro·

1543 2936 1702 2994 tende,
1713 2936 1832 2985 offer
1845 2954 2032 2987 munera
2045 2948 2222 2998 autem,
2239 2950 2296 2988 ut
2306 2940 2529 2999 honores,
2547 2958 2665 3005 quo-

1541 3016 1732 3063 cunque
1776 3001 1894 3050 deos
1943 3002 2190 3066 placamus
2234 3013 2320 3052 aut
2362 3019 2666 3055 veneramur.

1541 3067 1710 3113 Potens
1723 3082 1895 3127 pacem,
1917 3067 1962 3114 h.
1984 3077 2040 3114 ut
2056 3067 2283 3143 propitiae
2304 3068 2416 3116 sint.
2470 3072 2665 3129 Faciles,

1541 3129 1816 3193 placabiles.
1872 3133 2012 3189 Votis,
2033 3134 2262 3195 precibus
2283 3132 2436 3180 factis.

1609 3196 1718 3251 588,
1735 3196 1844 3243 539.
1865 3198 2070 3243 Eximius
2082 3197 2336 3260 proprium
2353 3196 2414 3245 de
2427 3197 2663 3254 victimisg

1543 3272 1622 3305 res
1641 3268 1768 3306 nota.
1827 3259 1850 3306 1
1855 3274 1887 3306 n
1909 3260 2088 3321 Lycaeo,
2106 3260 2328 3309 Arcadiae
2345 3270 2462 3309 noto
2483 3272 2663 3320 monte,

1543 3322 1784 3383 quomodo
1793 3322 2045 3381 Aristaeus,
2055 3325 2322 3373 Thessalioe
2330 3340 2472 3388 agros
2485 3326 2664 3384 colens,

1541 3394 1761 3433 armenta
1790 3387 1971 3435 habere
2002 3388 2172 3452 possit,
2195 3392 2306 3451 jure
2339 3389 2544 3439 miretur
2574 3390 2662 3438 ali-

1541 3449 1662 3511 quis.
1736 3450 1993 3500 Hactenus
2031 3453 2108 3501 sui
2153 3453 2330 3501 oblitus
2373 3463 2450 3501 est
2490 3464 2662 3517 poeta3

1541 3514 1635 3561 etsi
1673 3514 1804 3561 enim
1840 3530 1989 3579 supra
2021 3530 2133 3563 eum
2165 3516 2432 3565 Arcadium
2467 3518 2666 3565 heroem

1541 3577 1773 3635 ediderat,
1798 3592 1844 3624 v.
1869 3579 1980 3634 283,
2003 3594 2103 3625 non
2131 3586 2294 3626 tamen
2323 3594 2452 3627 nunc
2479 3594 2544 3627 ex
2566 3580 2662 3628 Ar-

1539 3640 1678 3689 cadia
1699 3640 2002 3689 arcessendae
2033 3650 2174 3688 erant
2193 3642 2405 3690 victima!
2431 3642 2482 3690 in
2505 3642 2661 3691 'Phes-

1540 3704 1724 3753 saliam.

1607 3771 1715 3816 540.
1745 3772 1928 3817 Intacta
1949 3771 2134 3827 cervice,
2151 3771 2284 3833 jugo,
2301 3778 2358 3817 ut
2381 3769 2538 3817 toties.
2586 3772 2666 3819 De

1544 3833 1734 3881 numeri
1773 3833 1933 3882 causis
1976 3848 2192 3896 quaerere
2237 3849 2336 3881 non
2375 3832 2517 3889 licet3
2566 3848 2666 3882 non

1541 3897 1696 3961 magis
1712 3897 1836 3946 forte
1855 3912 2000 3960 quam
2025 3898 2129 3947 Ecl.
2145 3914 2191 3956 v,
2208 3898 2286 3956 65,
2305 3906 2360 3945 ut
2378 3906 2537 3962 poeta,
2556 3912 2662 3946 cer-

1543 3971 1645 4010 tum
1682 3976 1938 4010 numerum
1973 3962 2150 4027 posuit.
2218 3963 2288 4009 At
2321 3961 2372 4010 in
2402 3961 2666 4010 novenario

1542 4041 1744 4074 numero
1761 4026 2046 4075 novendiale
2059 4040 2252 4073 sacrum
2263 4024 2478 4088 cogitare
2489 4024 2664 4089 potuit.

1607 4092 1717 4138 541.
1775 4094 1992 4147 Deorum,
2041 4090 2396 4153 Nympharum,
2450 4105 2495 4137 v.
2553 4091 2663 4137 582.

1542 4155 1722 4203 Omnia
1757 4155 1809 4202 in
1843 4154 1936 4201 boc
1969 4168 2112 4202 versu
2147 4154 2346 4217 proprie
2380 4153 2523 4201 dicta.
2586 4157 2669 4202 Aa

1539 4222 1732 4268 delubra
1754 4222 2034 4267 statuuntur
2059 4232 2170 4275 aroe,
2196 4227 2311 4266 ante
2337 4217 2587 4293 templum,
2611 4217 2666 4266 in

1539 4280 2345 4411 {tmfflsffiaffdiss‘ztffss‘
2367 4296 2480 4346 ‘¹¹²¹‘
2500 4282 2662 4347 ‘Mi’

1608 4414 1717 4469 545,
1747 4412 1855 4459 546.
1894 4414 2082 4461 Letkaea
2109 4428 2343 4474 papavera
2373 4412 2492 4461 Geo.
2522 4411 2555 4470 i,
2585 4411 2663 4473 78,
