3050 4934
1229 271 1570 336 LIBER
1615 269 1752 334 XI.

2438 267 2563 329 597

423 419 771 498 Hortatur,
804 423 1143 506 sociosque
1176 422 1417 498 duces;
1462 429 1534 483 et
1560 418 1776 502 pergit
1803 419 1870 481 in
1898 417 2176 481 hostem.

423 519 551 584 Est
579 543 779 585 curvo
808 521 1105 587 anfractu
1133 521 1355 596 valles,
1384 520 1802 584 accommoda
1829 518 2046 582 fraudi

421 619 901 707 Armorumque
930 623 1133 699 dolis3
1177 643 1373 706 quam
1400 622 1623 685 densis
1653 619 1998 684 frondibus
2027 629 2240 682 atrum

424 720 639 805 Urget
667 724 987 807 utrimque
1014 722 1222 800 latus;
1268 723 1481 786 tenuis
1510 743 1644 804 quo
1667 721 1896 784 semita
1923 720 2126 795 ducit,

251 819 380 884 525
422 819 874 906 Angustaeque
902 824 1122 888 ferunt
1151 823 1371 887 fauces
1402 823 1748 904 aditusque
1779 820 2058 904 maligni.

424 921 618 987 Hanc
646 945 845 1007 super
872 925 939 987 in
972 922 1253 1008 speculis
1286 943 1663 1004 summoque
1694 923 1760 984 in
1787 922 2030 984 vertice
2059 921 2296 983 montis

426 1021 737 1086 Planities
768 1025 991 1106 ignota
1009 1023 1211 1106 jacet,
1244 1023 1497 1105 tutique
1528 1031 1875 1104 receptus3

407 1121 561 1186 ‘Seu
588 1123 823 1187 dextra
852 1122 1141 1207 laevaque
1170 1123 1327 1186 velis
1357 1144 1700 1187 occurrere
1732 1143 2006 1206 pugnae3

427 1223 577 1288 Sive
608 1227 851 1289 instare
872 1226 1075 1310 jugis,
1106 1236 1176 1289 et
1203 1225 1477 1309 grandia
1505 1223 1766 1288 volvere
1797 1247 1974 1288 saxa.

250 1324 379 1387 530
421 1323 577 1388 Huc
595 1326 855 1408 juvenis
888 1335 1043 1390 nota
1070 1325 1281 1390 fertur
1307 1326 1576 1408 regione
1607 1326 1888 1402 viarum3

422 1423 851 1508 Arripuitque
882 1425 1115 1501 locum,
1142 1437 1211 1489 et
1241 1425 1415 1488 silvis
1444 1425 1686 1488 insedit
1713 1427 1972 1508 iniquis.

508 1523 821 1588 Velocem
847 1527 1097 1588 interea
1126 1525 1381 1608 superis
1410 1526 1475 1587 in
1508 1524 1774 1587 sedibus
1804 1525 2004 1607 Opim

424 1625 641 1689 Unam
670 1647 755 1689 ex
784 1626 1139 1709 virginibus
1172 1625 1362 1689 sociis
1394 1645 1708 1707 sacraque
1739 1635 2022 1700 caterva,

424 1724 893 1810 Compellabat,
926 1736 995 1789 et
1022 1725 1143 1788 has
1174 1727 1395 1788 tristes
1430 1723 1710 1788 Latonia
1739 1746 1932 1788 voces

250 1827 377 1891 535
423 1825 561 1890 Ore
593 1826 827 1889 dabat:
876 1825 1199 1889 Graditur
1226 1823 1469 1889 bellum
1497 1825 1586 1888 ad
1615 1823 1880 1889 crudele
1913 1825 2204 1903 Camilla,

420 1926 487 1991 O
518 1927 722 2009 virg0,
752 1937 821 1990 et
848 1927 1089 1990 nostris
1116 1927 1560 2010 nequidquam
1587 1926 1868 2009 cingitur
1895 1926 2110 2003 armiS,

422 2026 595 2091 Cara
620 2026 777 2090 mihi
806 2036 955 2091 ante
986 2026 1165 2091 alias.
1240 2027 1481 2110 Neque
1512 2028 1683 2090 enim
1711 2048 1918 2090 novus
1947 2028 2072 2090 iste
2105 2027 2342 2093 Dianae

423 2127 626 2191 Venit
654 2149 857 2203 amor,
892 2129 1237 2211 subitaque
1268 2128 1549 2191 animum
1579 2126 1924 2191 dulcedine
1949 2129 2170 2192 movit.

420 2228 659 2292 Pulsus
691 2228 776 2291 ob
806 2228 1107 2292 invidiam
1136 2248 1341 2310 regno
1368 2229 1668 2311 viresque
1701 2229 2020 2312 superbas

246 2441 553 2490 incedentem
586 2437 799 2487 mittitur
826 2439 1099 2502 Messapus,
1122 2437 1210 2512 qui
1238 2451 1369 2484 nunc

244 2520 345 2553 non
362 2519 475 2554 suas
496 2503 660 2569 copias
682 2502 769 2551 sed
792 2502 993 2551 Latinas
1014 2511 1065 2550 et
1086 2501 1370 2551 Tiburtinas

246 2579 431 2617 turmas
450 2577 698 2630 equestres
714 2565 863 2622 ducit,
884 2575 934 2614 et
949 2581 1061 2614 cum
1075 2581 1134 2614 eo
1148 2563 1367 2613 Camilla.

313 2635 409 2680 522
430 2648 534 2696 sqq.
572 2631 863 2681 Insidiarum
887 2631 1023 2680 locus
1044 2639 1095 2678 et
1121 2629 1247 2678 ratio
1274 2630 1365 2678 hu·-

238 2697 455 2759 jusmodi
476 2695 639 2744 animo
659 2695 1065 2758 repraesentanda.
1121 2693 1219 2742 Via
1243 2693 1366 2742 Tro·

238 2763 467 2836 janorum
511 2759 694 2822 agmini
736 2759 966 2822 pedestri,
1012 2757 1141 2820 quod
1186 2757 1369 2806 AEneas

243 2841 371 2938 22⁸3„
388 2823 893 2952 ‘1¹22‘ss‘1ssssss195‘112'ffl
896 2821 1369 2934 ⁵{t456213033⁸{„‘⁸fi{;

245 2961 351 3003 erat
380 2955 529 3009 souis,
564 2968 699 3000 curvo
730 2949 959 3012 anfractu,
992 2950 1191 2998 sinuoso
1220 2949 1366 3007 flexu,

242 3014 925 3142 ffitff‘ssssgsssaxffnffztiss
944 3014 1367 3142 ffaifflffl

396 3143 515 3192 dus:
550 3145 613 3192 ab
640 3153 847 3206 utraque
876 3141 1017 3191 vallis
1042 3151 1183 3207 parte
1214 3143 1364 3190 silvsa

300 3225 355 3258 as
396 3207 579 3257 insedit
618 3207 842 3256 Turum:
892 3207 1159 3269 equitatum
1200 3215 1365 3254 autem

246 3275 477 3338 Messapo
510 3283 563 3321 et
594 3271 801 3320 Camilla
837 3271 961 3320 duee
1000 3269 1267 3334 praemittit,
1308 3279 1367 3318 ut

242 3351 419 3386 manus
436 3351 552 3386 cum
572 3335 825 3400 premisso
846 3337 906 3384 ab
938 3335 1097 3383 AEnea
1130 3335 1361 3382 Etrusco-

242 3415 353 3450 rum
388 3400 606 3463 equitatu
648 3409 885 3458 conserat,
922 3400 1005 3462 qui
1042 3413 1133 3462 per
1164 3411 1363 3462 campo-

240 3481 351 3514 rum
403 3465 623 3512 lanitiem
644 3464 912 3520 incedebat,
933 3462 1225 3512 Tarchontis
1244 3461 1364 3510 duc-

244 3541 311 3578 tu.
422 3529 467 3577 ic
494 3543 660 3592 pugna
690 3527 927 3591 equestris
958 3527 1027 3584 fit,
1059 3527 1110 3574 in
1141 3541 1237 3589 qua
1268 3527 1363 3574 Ca-

240 3593 378 3642 milla
394 3607 536 3650 casa,
560 3592 749 3655 equites
774 3591 937 3640 Latini
970 3592 1163 3655 fugiunt
1191 3591 1253 3638 sd
1282 3605 1364 3638 ur-

240 3659 368 3707 bem.
424 3657 609 3707 Audita
630 3657 851 3705 Camillae
870 3656 1002 3704 caede
1029 3655 1367 3718 equitatusque

240 3721 369 3786 fuga,
400 3722 599 3769 'l'urnus
626 3721 831 3770 oonsilio
858 3719 1147 3768 insidiarum
1178 3721 1367 3783 abjecto

242 3801 305 3834 ex
325 3786 530 3835 saltibm
551 3785 761 3834 obsessis
788 3785 841 3832 in
872 3799 1099 3848 campum
1122 3783 1365 3860 procedit,

240 3859 297 3899 ut
324 3849 491 3914 fugam
525 3849 811 3898 Latinorum
844 3847 1063 3911 equitum
1094 3856 1248 3906 sistat,
1281 3863 1365 3896 ur-

242 3915 463 3978 bemque,
488 3929 551 3962 ne
574 3913 733 3978 primo
752 3913 953 3962 incursu
980 3912 1215 3976 capiatur,
1238 3929 1365 3978 prae·

240 3978 367 4027 sidio
382 3979 559 4028 firmet.
600 3979 713 4032 Quo
728 3977 856 4026 facto
876 3977 1059 4026 AEneas
1076 3976 1253 4026 liberas
1268 3977 1364 4026 sal-

242 4053 321 4091 tus
342 4042 590 4106 angustias
620 4053 845 4106 superate
878 4057 925 4090 v.
950 4043 1047 4091 896
1070 4057 1171 4104 sqq.

306 4109 579 4156 623—529.
618 4111 987 4160 Qum—aeram
1004 4126 1020 4154 .·
1054 4105 1177 4155 silva
1199 4106 1365 4163 densa,

240 4187 329 4236 per
344 4187 505 4234 quam,
522 4187 629 4234 qua,
649 4179 855 4235 angusta
873 4171 1049 4220 semita
1066 4179 1154 4218 est.
1194 4173 1369 4219 Aditus

240 4239 447 4300 maligni,
482 4237 691 4300 angusti,
738 4234 905 4299 exigui
925 4254 936 4292 ς
994 4249 1109 4292 non,
1156 4233 1363 4282 obscuri.

243 4302 301 4348 In
331 4303 528 4362 speculis
546 4319 563 4354 ,-
598 4301 651 4348 in
683 4301 821 4349 collis
854 4299 1051 4358 vertice,
1086 4307 1143 4346 ut
1174 4299 1363 4347 exorta.

246 4367 409 4426 Ignota
429 4365 669 4426 Troianis.
730 4365 850 4412 Erat
872 4363 915 4412 is
936 4364 1126 4427 planus,
1152 4363 1366 4425 adeoque

242 4428 374 4476 omni
394 4443 457 4476 ex
474 4437 613 4492 parte
631 4441 948 4492 opportunus,
972 4443 1058 4476 seu
1083 4427 1142 4476 ad
1162 4443 1363 4490 procur-

1430 2437 1654 2496 rendum,
1679 2441 1802 2494 5283
1837 2453 1926 2486 seu
1947 2438 2010 2486 ad
2029 2440 2412 2504 propulsandum
2437 2443 2552 2492 hos-

1434 2511 1547 2560 tem,
1572 2502 1615 2550 si
1649 2517 1880 2566 superare
1923 2501 2097 2550 collem
2133 2504 2305 2560 vellen
2339 2505 2444 2553 sive
2479 2509 2553 2554 ἰπ-

1431 2566 1714 2629 starejugis,
1735 2566 1796 2614 de
1808 2567 1927 2629 jugo
1946 2566 2154 2630 desuper
2173 2581 2348 2630 urgere
2364 2569 2556 2618 hostem

1432 2630 1763 2678 assultantem.

1500 2696 1610 2742 532.
1646 2694 1800 2742 Recte
1825 2695 2024 2742 Servius
2047 2694 2304 2743 transitum
2329 2705 2557 2761 tanquam

1432 2759 1694 2823 abruptum
1728 2767 1778 2806 et
1817 2757 1965 2806 nimis
2011 2757 2179 2806 tritum
2223 2773 2280 2807 re
2313 2761 2554 2810 rehendit.

1438 2826 1572 2884 Opim
1587 2833 1751 2872 autem
1769 2823 1818 2870 h.
1834 2823 1865 2870 l.
1885 2824 1934 2870 N
1937 2823 2166 2897 ympham
2185 2823 2264 2871 edi
2299 2824 2412 2872 itin
2431 2825 2552 2874 Dia·

1434 2901 1511 2934 nae
1529 2887 1799 2942 consortio;
1834 2903 1946 2935 cum
1966 2887 2084 2934 alias
2100 2886 2254 2950 ipsius
2274 2887 2449 2938 Dianae
2467 2905 2553 2939 no·

1434 2965 1548 2998 men
1583 2951 1743 3000 fuerit.
1815 2953 1968 3000 Juvat
2005 2959 2168 2999 autem
2206 2951 2330 3000 illud
2369 2963 2554 3013 notare,

1434 3015 1648 3064 Dianam
1679 3017 1727 3063 h.
1753 3016 1783 3063 1.
1816 3031 1928 3064 cum
1953 3017 2000 3064 N
2085 3015 2197 3080 phis
2229 3016 2345 3075 suis,
2380 3018 2556 3094 quibus

1432 3079 1569 3127 silvae
1591 3080 1749 3127 solent
1777 3095 1866 3144 pro
1898 3079 2002 3128 sedi
2035 3095 2094 3127 us
2123 3079 2375 3144 assignari,
2399 3097 2452 3130 in
2483 3085 2553 3130 0-

1432 3143 1597 3207 lympo
1615 3144 1800 3202 sedere,
1823 3145 1956 3193 unde
1978 3161 2024 3194 v.
2050 3145 2160 3202 595,
2187 3147 2296 3204 5⁹6,
2319 3147 2448 3211 Opis
2468 3146 2554 3195 de-

1427 3207 1562 3255 volat
1577 3207 1630 3255 in
1653 3217 1847 3256 terram.

1495 3271 1605 3318 536.
1649 3273 1837 3318 Nom-⁸⁰⁸
1871 3275 2026 3329 armis,
2051 3273 2225 3334 quibus
2260 3275 2466 3323 Camilla
2500 3276 2554 3324 in

1430 3349 1616 3382 morem
1640 3333 1816 3382 Dianae
1837 3343 1889 3382 et
1910 3335 2250 3399 Nympharum
2271 3337 2440 3386 utitur.

1496 3399 1594 3446 539
1615 3413 1716 3460 sqq.
1753 3399 1876 3454 Quae
1896 3399 2117 3461 sequitur
2139 3399 2352 3448 narratio
2369 3401 2432 3450 de
2454 3403 2549 3450 Ca-

1432 3460 1568 3510 milla
1585 3477 1648 3510 ex
1665 3461 1878 3524 antiquis
1904 3462 2138 3511 Italorum
2160 3463 2336 3511 fabulis
2353 3479 2442 3512 seu
2463 3481 2550 3513 an-

1432 3525 1624 3574 nalibus
1645 3525 1812 3590 petita,
1838 3537 1889 3574 et
1909 3527 2102 3590 egregie
2133 3526 2195 3574 ad
2225 3525 2411 3590 epicam
2434 3545 2552 3593 poe-

1432 3589 1509 3638 sin
1554 3590 1926 3648 accommodata,
1960 3605 2072 3638 cum
2113 3605 2170 3638 ea
2203 3591 2262 3638 τὸ
2295 3595 2557 3653 τερατῶδες

1432 3655 1622 3712 habeat,
1657 3654 1774 3702 dum
1807 3655 1924 3702 soevi
1965 3653 2158 3717 tyranni
2189 3654 2407 3704 animum
2441 3657 2556 3706 filie

1430 3733 1610 3781 mag-no
1633 3733 1797 3767 amore
1825 3727 2103 3767 contactum
2136 3719 2346 3768 exhibet.
2397 3723 2553 3770 Meta—

1424 3801 1531 3846 ρω,
1553 3783 1616 3830 de
1638 3799 1734 3845 quo
1755 3783 1834 3831 hic
1852 3783 2025 3846 agitur,
2049 3799 2140 3831 rex
2163 3783 2401 3842 Priverni,
2426 3787 2557 3849 quod

1434 3848 1724 3896 Volscorum
1773 3847 2006 3912 oppidum
2059 3847 2152 3896 fuit
2210 3848 2364 3909 (nunc
2419 3849 2556 3900 vicus

1435 3911 1674 3974 Piper-no),
1703 3916 1865 3974 pulsus
1887 3921 1992 3960 erat
2021 3915 2078 3960 ob
2109 3915 2330 3962 invidias·
2351 3917 2556 3976 viresqne

1431 3979 1666 4038 superbas,
1690 3976 1735 4025 h.
1763 3993 1805 4024 e.
1841 3977 2109 4040 potentiam
2137 3977 2350 4025 libertati
2372 3976 2556 4027 civium

1430 4041 1673 4089 infestam.
1752 4040 1960 4089 Camilla
2021 4041 2122 4090 fllia
2171 4057 2340 4090 secum
2393 4041 2554 4102 ducta,

1434 4106 1682 4154 Amasene
1701 4107 1916 4168 trajecto,
1938 4105 1990 4153 in
2010 4104 2146 4162 silvis
2163 4105 2389 4154 educavit
2405 4106 2558 4156 filiam

1432 4185 1572 4218 suam
1611 4169 1786 4218 Dianae
1821 4181 2163 4218 consecratam.
2223 4171 2339 4218 Non
2371 4170 2554 4235 impor-

1430 4243 1552 4282 tuna
1573 4245 1650 4282 est
1667 4234 1831 4282 fabula
1849 4233 1911 4281 ad
1928 4233 2207 4282 variandam
2225 4233 2556 4284 narrationem

1430 4299 1492 4346 de
1515 4298 1690 4346 bellico
1712 4313 1740 4346 a
1775 4307 1975 4362 paratu:
2013 4307 2062 4345 et
2077 4307 2212 4346 tenet
2229 4297 2446 4347 animum
2465 4315 2552 4349 ex-

1432 4363 1708 4426 pectatione
1745 4373 1934 4410 storum
1949 4361 2182 4410 Camillae.
2232 4363 2430 4411 Interea
2444 4365 2557 4413 huic

1434 4427 1654 4490 episodio
1677 4427 1846 4474 ultima
1871 4435 2029 4489 poetae
2051 4441 2222 4476 manus
2245 4441 2344 4475 non
2363 4428 2557 4477 admota
