3050 4934
458 218 587 279 628
1346 213 1881 279 AENEIDOS

634 361 823 427 Illum
853 362 1149 445 Tydides
1180 362 1307 427 alio
1338 384 1459 447 pro
1492 361 1730 427 talibus
1759 363 1936 426 ausis

631 461 877 528 Affeeit
906 465 1156 547 pretio;
1203 486 1325 527 nec
1351 464 1538 549 equis
1567 464 1864 546 adspirat
1890 460 2189 527 Achillis.

631 563 831 627 Hunc
860 562 1091 647 procul
1120 574 1193 627 ut
1220 586 1449 647 campo
1480 563 1752 628 Turnus
1779 563 2119 646 prospexit
2145 574 2416 645 aperto;

631 662 809 727 Ante
839 662 963 727 levi
982 663 1205 747 jaculo
1234 663 1502 747 longum
1532 686 1651 747 per
1681 664 1872 727 inane
1905 672 2194 737 secutus,

460 764 589 829 355
634 764 821 828 Sistit
852 786 1055 847 equos
1086 765 1367 846 bijuges,
1398 776 1467 827 et
1496 785 1696 827 curru
1729 761 1966 837 desilit,
1999 772 2198 844 atque

636 866 1001 929 Semianimi
1030 863 1347 947 lapsoque
1380 863 1778 946 supervenit,
1807 872 1898 937 et,
1925 862 2096 945 pede
2127 859 2294 926 collo

634 965 985 1049 ImpreSSO,
1019 965 1271 1029 dextrae
1300 985 1674 1029 mucronem
1701 972 2074 1044 extorquet,
2107 972 2176 1025 et
2203 960 2338 1025 alto

636 1066 1019 1151 Fulgentem
1050 1068 1241 1150 tingit
1261 1065 1532 1150 jugu103
1579 1075 1776 1147 atque
1807 1062 1950 1127 hoec
1978 1064 2246 1145 insuper
2275 1063 2494 1127 addit:

639 1168 772 1245 En,
804 1189 1019 1251 agros,
1050 1180 1142 1243 et,
1174 1188 1367 1249 quam
1395 1164 1592 1242 bello,
1627 1164 1942 1246 Trojane,
1971 1162 2219 1247 petisti,

464 1270 596 1333 360
638 1268 1031 1351 Hesperiam
1060 1268 1285 1331 metire
1304 1268 1574 1350 jacens:
1619 1266 1764 1329 hoec
1791 1264 2078 1347 praemia,
2108 1263 2222 1347 qui
2249 1286 2352 1327 me

636 1368 843 1433 Ferro
874 1368 1016 1431 ausi
1045 1377 1321 1441 tentare,
1352 1366 1610 1443 ferunt3
1659 1367 1752 1429 sic
1779 1366 2020 1429 moenia
2048 1365 2360 1428 condimt.

639 1468 817 1532 Huic
847 1468 1143 1559 comitem
1172 1466 1479 1531 Asbuten
1508 1466 1802 1550 conjecta
1833 1466 2106 1548 cuspide
2135 1465 2368 1541 mittit;

639 1568 1074 1651 Chloreaque,
1107 1568 1556 1651 Sybarimque,
1590 1566 1995 1649 Daretaque,
2028 1564 2708 1649 Thersilochumque3

641 1670 735 1734 Et
764 1669 1078 1733 sternacis
1110 1668 1261 1751 equi
1289 1666 1546 1751 lapsum
1577 1668 1827 1731 cervice
1857 1665 2278 1749 Thymoeten.

466 1772 597 1835 365
640 1768 745 1833 Ac
776 1765 953 1832 velut
983 1766 1205 1831 Edoni
1234 1766 1471 1831 Boreae
1500 1788 1650 1831 cum
1677 1767 1946 1850 spiritus
1977 1766 2112 1829 alto

641 1869 911 1934 Insonat
942 1868 1203 1952 AEgaeo,
1236 1868 1662 1951 sequiturque
1691 1868 1778 1931 ad
1807 1865 2028 1929 littora
2055 1864 2319 1941 fluctus,

640 1970 795 2042 Qua
826 1968 1001 2033 venti
1030 1968 1384 2032 incubuere
1409 1994 1426 2045 3
1474 1968 1696 2053 fugam
1725 1968 1885 2031 dant
1913 1962 2136 2029 nubila
2164 1964 2365 2029 coelo:

642 2071 751 2133 Sic
780 2069 1035 2143 Turn0,
1068 2089 1475 2151 quacumque
1504 2070 1671 2132 viam
1700 2079 1900 2144 secat,
1932 2068 2188 2150 agmina
2217 2068 2481 2143 cedunt,

638 2170 1119 2251 Conversaeque
1146 2177 1346 2232 ruunt
1374 2170 1546 2233 acies
1568 2195 1584 2245 3
1631 2167 1758 2231 fert
1785 2169 2068 2251 impetus
2097 2169 2332 2251 ipsum,

469 2273 599 2336 370
644 2271 738 2335 Et
766 2270 1028 2334 cristam
1056 2270 1335 2334 adverso
1363 2292 1560 2334 curru
1591 2270 1801 2354 quatit
1829 2292 1991 2333 aura
2017 2269 2358 2333 volantem.

641 2372 799 2435 Non
832 2369 978 2435 tulit
1004 2371 1350 2435 instantem
1381 2368 1688 2453 Phegeus
1719 2370 2074 2453 animisque
2103 2368 2514 2435 frementem:

642 2473 910 2557 Objecit
940 2493 1084 2535 sese
1116 2471 1201 2535 ad
1230 2494 1513 2547 currum,
1545 2482 1614 2535 et
1645 2472 2010 2555 spumantia
2035 2470 2236 2534 frenis

644 2574 787 2638 Ora
816 2574 1160 2637 citatorum
1189 2573 1425 2637 dextra
1454 2572 1732 2635 detorsit
1761 2592 2098 2654 equorum.

644 2674 825 2738 Dum
854 2672 1159 2748 trahitur,
1192 2674 1570 2756 pendetque
1589 2672 1795 2755 jug-is,
1825 2670 2002 2735 hunc
2029 2669 2161 2733 lata
2189 2680 2506 2735 retectum

474 2776 603 2839 375
649 2774 913 2839 Lancea
941 2774 1383 2856 consequitur,
1415 2772 1787 2855 rumpitque
1817 2771 2018 2834 infixa
2045 2770 2301 2835 bilicem

651 2874 971 2950 Loricam,
1002 2885 1071 2938 et
1100 2894 1418 2937 summum
1446 2874 1756 2956 degustat
1783 2868 2047 2935 vulnere
2077 2893 2340 2956 corpus.

542 3077 653 3123 352.
684 3076 787 3123 Nec
806 3077 933 3136 equis
955 3077 1167 3135 adspirat
1179 3077 1393 3133 Achillis,
1414 3083 1602 3123 mutato

480 3150 712 3203 tempore,
757 3154 847 3203 pro
890 3140 1163 3199 adspiravit,
1206 3139 1371 3203 paullo
1414 3138 1600 3187 durius.

478 3203 679 3252 Dictum
700 3218 813 3251 cum
834 3210 1059 3266 respectu
1080 3203 1143 3251 ad
1164 3220 1304 3251 aeuus
1319 3223 1334 3250 .·
1368 3211 1425 3252 ut
1446 3205 1551 3265 jam
1573 3219 1604 3253 a

477 3266 719 3317 Diomede
750 3266 1055 3331 deprehenso
1077 3266 1123 3314 ei
1156 3266 1395 3315 exciderit
1425 3282 1602 3331 magna

476 3332 562 3381 illa
593 3330 809 3389 audacia,
844 3346 938 3393 qua
960 3330 1171 3379 Achillis
1202 3346 1351 3393 equos
1383 3331 1476 3379 sibi
1508 3346 1600 3395 pro

476 3395 701 3445 mercede
738 3393 1087 3459 explorationis
1124 3402 1295 3458 pactus
1332 3404 1463 3443 erat:
1508 3410 1600 3443 nec

478 3470 582 3509 tum
622 3458 705 3507 ille
744 3458 954 3523 amplius
992 3458 1259 3522 adspiravit
1294 3458 1356 3506 ad
1392 3458 1601 3506 Achillis

478 3538 815 3635 qugs‘iz—Ssso.
856 3587 953 3634 Per
980 3585 1179 3649 longum
1200 3584 1414 3649 spatium
1436 3585 1602 3648 jaculo

474 3652 724 3700 insecutus
757 3665 784 3697 e
816 3649 1081 3723 longinquo
1106 3649 1387 3703 vulnerasse
1420 3658 1598 3714 putan-

474 3717 568 3765 dus
599 3722 687 3761 est.
748 3712 883 3761 Hine
916 3713 999 3761 ille
1026 3717 1304 3762 sennanim&
1326 3716 1600 3775 lapset-sque.-

476 3789 528 3829 et
548 3778 759 3834 Turnus,
783 3776 867 3838 qui
896 3777 1085 3825 hastam
1108 3792 1239 3825 nunc
1262 3792 1361 3824 non
1383 3777 1598 3835 haberet,

475 3858 741 3898 mmm,
764 3854 853 3888 seu
872 3839 1087 3903 gladium
1109 3840 1241 3889 illius
1262 3856 1412 3889 manu
1434 3850 1598 3889 extor-

476 3915 607 3971 quet,
641 3920 737 3968 quo
770 3918 882 3952 eum
908 3904 1114 3967 iugulet.
1173 3904 1371 3953 Desiliit
1403 3906 1602 3954 Turnus

475 3986 637 4028 curru,
661 3977 717 4017 ut
738 3982 869 4031 soepe
892 3976 1169 4043 pugnantes
1189 3968 1251 4016 de
1272 3969 1495 4017 curribus
1516 3984 1600 4017 eo-

476 4035 639 4085 minus
671 4049 729 4082 co
900 4046 992 4090 un,
1016 4046 1061 4081 v.
1086 4048 1127 4079 c.
1165 4030 1305 4080 Iliad.
1329 4048 1379 4092 γ,
1404 4034 1482 4089 29,
1512 4031 1600 4079 inf.

474 4114 521 4147 v.
542 4100 652 4146 681.
700 4099 861 4161 Tingit
884 4110 1049 4144 ensem
1055 4096 1239 4159 jugulo,
1260 4095 1482 4143 immittit
1502 4096 1600 4143 alte

390 4198 415 4217 .
476 4162 529 4209 in
545 4162 785 4223 jugulum,
808 4170 865 4208 ut
884 4160 1121 4223 sang-uine
1144 4158 1371 4223 tingatur.
1430 4162 1602 4208 Metire

474 4228 750 4285 Herpa-iam
768 4225 949 4286 jacens.
1006 4225 1191 4272 Amara
1216 4223 1405 4273 irrisio:
1440 4228 1600 4273 meurs

476 4302 619 4351 agros
639 4302 857 4350 corpore,
880 4302 1001 4349 quos
1023 4287 1163 4335 novis
1190 4287 1376 4337 colonis
1399 4288 1599 4351 Troiani

478 4350 639 4401 metiri
661 4359 711 4399 et
733 4350 979 4411 assignare
1002 4350 1243 4399 volebant.

1732 3073 2004 3126 365—370.
2053 3074 2204 3123 Velut
2237 3076 2420 3123 Boreas
2451 3076 2606 3125 nubes
2637 3076 2798 3141 fugat,

1665 3138 1736 3186 sic
1753 3139 1952 3187 Turnus
1972 3138 2070 3187 late
2091 3148 2206 3187 ante
2226 3154 2280 3187 se
2297 3140 2532 3202 Trojanos
2555 3139 2673 3203 agit.
2721 3145 2794 3190 13-

1666 3206 1808 3251 donus
1819 3202 2016 3259 Boreas,
2025 3202 2278 3251 Thracius.
2314 3203 2337 3251 1
2343 3205 2612 3253 neumbunt
2621 3214 2796 3255 autem

1666 3266 1916 3329 aquilones
1945 3266 2067 3314 mari
2097 3266 2270 3329 AEgaeo
2301 3266 2526 3331 inprimis
2556 3270 2796 3330 graviter,

1665 3342 1782 3379 sunt
1798 3330 1930 3377 enim
1947 3330 2000 3377 hi
2023 3330 2198 3378 etesioe.
2245 3333 2424 3393 Fugam
2441 3334 2569 3390 dant,
2587 3332 2794 3382 faciunt.

1670 3398 1918 3451 Conversa,
1941 3410 2029 3442 scu
2051 3408 2205 3442 versoe
2225 3394 2278 3442 in
2299 3394 2480 3458 fugam,
2503 3410 2591 3443 seu
2619 3399 2792 3445 uri-ba-

1666 3468 1755 3515 toe3
1789 3473 1850 3506 ex
1867 3459 2155 3506 κλονεῖσθαι
2210 3459 2408 3507 Poterat
2435 3468 2580 3523 poeta
2601 3461 2796 3524 vulgari

1665 3536 1801 3569 more
1831 3521 2028 3569 efferre:
2051 3520 2158 3583 sert
2185 3526 2378 3583 ἐκφάγω
2407 3526 2553 3584 ipsum
2583 3526 2796 3574 Adverso

1665 3602 1818 3643 ema,
1841 3593 1890 3632 et
1909 3588 2098 3633 cristam
2119 3591 2274 3648 quatit
2293 3602 2410 3635 aura
2431 3590 2638 3636 volantis.
2693 3588 2796 3638 Sed

1667 3648 1802 3697 vides
1843 3648 2066 3697 Maronis
2105 3650 2320 3699 studium
2363 3651 2697 3713 exquisitioris
2741 3664 2797 3701 et

1665 3712 1894 3761 doctioris
1923 3712 2170 3772 erationis,
2197 3714 2394 3763 cristam
2423 3718 2574 3763 volare
2600 3718 2798 3766 adverso

1665 3794 1807 3826 eterra
1824 3776 2043 3826 absolute
2063 3777 2252 3841 posuit:
2287 3779 2406 3827 dum
2419 3794 2592 3828 cumis
2612 3780 2794 3829 adver-

1665 3857 1750 3891 sus
1771 3850 1972 3889 ventum
1993 3842 2160 3889 fertur.

1731 3906 1842 3962 371,
1863 3904 1972 3955 372.
2009 3906 2144 3953 Vero
2159 3906 2437 3969 proximum
2459 3916 2536 3955 est
2560 3908 2792 3985 jungere,

1666 3972 1928 4031 spumantia
1950 3966 2107 4030 ,frenis
2137 3986 2233 4027 ora,
2266 3971 2315 4017 h.
2347 3970 2402 4018 in
2435 3970 2602 4030 stenis,
2641 3988 2792 4031 circa,

1731 4048 1757 4081 r
1775 4034 1928 4080 frena.
1986 4032 2034 4080 N
2038 4048 2118 4081 am
2149 4032 2346 4082 frenum
2367 4049 2542 4098 spuma
2559 4036 2659 4084 oris
2681 4052 2792 4086 ma-

1699 4104 1764 4145 et.

1731 4158 2004 4211 3⁷4—376.
2043 4160 2158 4208 Non
2191 4176 2218 4209 a
2252 4162 2436 4221 Turno,
2471 4162 2560 4211 sed
2589 4177 2620 4211 a
2651 4172 2796 4227 tergo

1664 4224 1932 4273 immissam
1957 4224 2154 4287 Phegeu
2179 4224 2329 4273 fuine
2355 4226 2547 4275 hastam
2578 4227 2796 4277 arbitror

1664 4290 1726 4337 ab
1757 4289 1868 4338 alio.
1927 4288 2152 4351 Phegeus
2177 4292 2350 4351 pendet
2367 4290 2507 4353 jug-b
2535 4292 2600 4339 ab
2632 4293 2788 4354 equis,

1666 4368 1785 4415 quos
1828 4352 1981 4401 frenis
2023 4352 2426 4417 apprehenderat,
2471 4370 2680 4418 cumque
2729 4356 2794 4405 iis
