3050 4934
462 252 592 315 520

1351 246 1882 313 AENEIDOS

636 399 843 465 Ocius
872 399 1163 463 adducto
1188 408 1503 482 torquens
1526 396 1762 463 hastile
1791 396 2056 476 lacerto,

634 500 1013 584 Suspiciens
1040 497 1237 565 altam
1264 498 1545 576 Lunam,
1579 500 1672 564 sic
1701 521 1858 565 voce
1889 512 2234 584 precatur:

635 601 769 678 Tu,
802 601 951 679 dea,
982 612 1057 667 tu
1082 622 1375 685 praesens
1400 611 1628 665 nostro
1658 622 1966 666 succurre
1996 600 2228 680 labori,

459 703 591 767 405
638 701 989 769 Astrorum
1014 703 1242 778 decuS,
1274 711 1344 765 et
1370 723 1704 766 nemorum
1735 701 2015 767 Latonia
2041 714 2300 780 custos3

636 803 709 867 Si
739 825 869 887 qua
898 805 1027 867 tuis
1058 824 1344 888 unquam
1372 824 1496 887 pro
1522 826 1628 868 me
1659 814 1848 888 pater
1876 803 2214 889 Hyrtacus
2241 806 2372 869 aris

634 904 835 969 Dona
862 903 1032 982 tulit,
1065 906 1121 968 si
1150 927 1280 988 qua
1306 905 1449 989 ipse
1477 905 1640 969 meis
1673 906 2013 969 venatibus
2043 907 2224 983 auxi,

637 1006 1045 1091 Suspendive
1076 1004 1281 1082 tholo,
1314 1016 1429 1069 aut
1456 1026 1642 1070 sacra
1669 1007 1756 1071 ad
1785 1005 2047 1090 fastigia
2075 1006 2227 1084 fixi3

635 1107 835 1172 Hunc
864 1108 1001 1171 sine
1032 1128 1135 1171 me
1167 1108 1433 1171 turbare
1461 1105 1750 1190 globum,
1781 1117 1850 1171 et
1877 1128 2039 1191 rege
2065 1106 2200 1173 tela
2225 1130 2346 1193 per
2371 1130 2588 1173 auras.

460 1210 593 1273 410
637 1209 953 1273 Dixerat:
999 1219 1067 1272 et
1096 1212 1236 1271 toto
1264 1208 1582 1271 connixus
1611 1229 1888 1292 corpore
1921 1208 2164 1273 ferrum

633 1310 934 1395 Conjicit.
1009 1308 1229 1374 Hasta
1256 1308 1477 1373 volans
1506 1311 1716 1374 noctis
1747 1309 2120 1375 diverberat
2149 1312 2436 1387 umbras,

638 1412 731 1476 Et
760 1412 937 1475 venit
964 1410 1175 1474 aversi
1204 1410 1271 1473 in
1298 1420 1556 1493 tergum
1585 1408 1935 1489 Sulmonis,
1965 1413 2184 1496 ibique

594 1592 609 1608 ⁰
633 1512 1007 1596 Frangitur,
1038 1532 1115 1575 ac
1144 1510 1303 1575 fisso
1334 1512 1569 1575 transit
1597 1514 1960 1596 praecordia
1983 1512 2180 1599 ligno.

636 1614 938 1680 Volvitur
967 1612 1073 1678 ille
1104 1613 1678 1693 vomenscalidum
1707 1617 1790 1680 de
1821 1628 2088 1707 pectore
2116 1616 2404 1701 βωῃςῃ..

456 1718 587 1782 415
630 1716 961 1802 Frigidus,
991 1727 1061 1780 et
1089 1714 1299 1801 longis
1331 1715 1721 1800 singultibus
1752 1716 1860 1782 ilia
1890 1717 2129 1803 pulsat.

632 1818 898 1883 Diversi
926 1818 1469 1901 circumspiciunt.
1549 1817 1700 1883 Hoc
1729 1821 1940 1885 acrior
1967 1820 2138 1885 idem

632 1920 811 1985 Ecce
840 1918 1017 1984 aliud
1050 1941 1297 1983 summa
1326 1918 1525 1985 telum
1554 1919 1837 1985 librabat
1863 1923 1949 1985 ab
1977 1944 2166 1999 aure3

613 2022 811 2087 Dum
840 2021 1190 2105 trepidant,
1222 2022 1297 2085 iit
1325 2020 1516 2085 hasta
1543 2022 1736 2107 Tago
1765 2044 1886 2107 per
1911 2032 2168 2107 tempus
2197 2034 2551 2109 utmmque

635 2123 960 2199 StridenS,
991 2122 1395 2206 trajectoque
1424 2121 1619 2187 haesit
1647 2123 1974 2208 tepefacta
2003 2125 2295 2190 cerebro.
2383 2178 2398 2189 .

457 2225 587 2290 420
630 2224 831 2288 Saevit
860 2233 1051 2286 atrox
1080 2220 1425 2300 Volscens,
1452 2246 1576 2289 nec
1605 2225 1718 2289 teli
1749 2226 2066 2310 conspicit
2093 2248 2369 2311 usquam

630 2322 1013 2401 Auctorem,
1043 2346 1165 2387 nec
1196 2346 1327 2408 quo
1359 2346 1430 2389 se
1462 2325 1702 2390 ardens
1733 2328 2074 2392 immittere
2105 2329 2335 2411 possit.

630 2426 741 2491 Tu
770 2438 985 2491 tamen
1014 2425 1263 2489 interea
1290 2423 1502 2489 calido
1531 2426 1689 2491 mihi
1719 2428 2032 2511 sanguine
2061 2449 2293 2512 poenas

630 2527 975 2593 Persolves
1006 2527 1366 2603 amborum,
1396 2527 1640 2610 inquit;
1691 2527 1878 2593 simul
1907 2551 2064 2593 ense
2095 2529 2353 2595 recluso

630 2630 780 2695 Ibat
808 2630 873 2693 in
905 2627 1285 2712 Euryalum.
1347 2626 1523 2691 Tum
1553 2650 1708 2693 vero
1738 2632 2116 2709 exterrituS,
2147 2654 2368 2698 amens

457 2734 588 2798 425
633 2730 1011 2798 Conclamat
1037 2729 1282 2807 Nisus3
1328 2751 1449 2794 nec
1482 2752 1554 2794 se
1583 2729 1794 2795 celare
1827 2733 2114 2797 tenebris

631 2832 957 2918 Amplius,
990 2843 1105 2896 aut
1133 2842 1385 2896 tantum
1412 2833 1628 2915 potuit
1657 2830 1950 2916 perferre
1981 2833 2307 2900 dolorem:

630 2937 771 3012 Me,
804 2958 904 2999 me
936 2934 1189 3016 (adsum
1220 2934 1333 3017 qui
1362 2932 1534 3017 feci),
1567 2936 1631 2998 in
1663 2957 1764 2998 me
1794 2938 2154 3002 convertite
2183 2938 2448 3016 ferrum,

630 3039 695 3102 Ο
728 3034 998 3101 Rutuli!
1046 3058 1189 3100 mea
1218 3035 1397 3100 fraus
1430 3036 1672 3114 omnis3
1705 3034 1865 3099 nihil
1893 3038 2018 3103 iste
2047 3061 2169 3103 nec
2200 3063 2424 3117 ausus,

628 3140 777 3205 Nec
808 3139 1063 3224 potuit;
1108 3137 1343 3203 coelum
1372 3138 1499 3203 hoc
1528 3150 1598 3204 et
1630 3141 1889 3205 conscia
1921 3142 2139 3207 sidera
2169 3155 2377 3208 testor
2404 3167 2422 3206 z

518 3340 631 3391 402.
666 3336 939 3388 Consilium
967 3335 1079 3385 Nisi
1116 3352 1181 3386 ex
1200 3352 1245 3385 v.
1270 3338 1381 3394 409,
1419 3336 1580 3385 decla·

452 3406 662 3457 randum
680 3414 783 3453 est:
822 3402 1015 3451 volebat
1033 3402 1225 3449 occulto
1246 3410 1298 3449 et
1324 3402 1583 3465 repentino

453 3471 641 3521 assultu
662 3469 953 3519 oonwbare
976 3475 1029 3515 et
1058 3474 1369 3515 consternare
1400 3466 1582 3523 hostes,

454 3547 511 3585 ut
538 3534 727 3593 incerti,
756 3532 933 3596 quibus
966 3530 1158 3580 insidiis
1228 3540 1498 3589 etei-entur,
1526 3530 1582 3578 in

452 3600 617 3664 fugam
647 3614 702 3647 se
733 3596 1057 3660 conjicere-nu
1097 3594 1169 3643 ita
1220 3594 1441 3645 ibet-andi
1474 3594 1579 3643 Eu-

454 3664 576 3741 rgali
614 3663 807 3775 copim}
844 3661 961 3709 fore.
1013 3660 1113 3773 Εἶὲ
1136 3660 1449 3773 εέοεὲῳείεκτ
1484 3675 1580 3717 res,

452 3724 979 3857 {huffpffnnffifflo
1012 3740 1063 3773 in
1114 3740 1148 3773 n
1282 3739 1335 3773 m
1358 3734 1599 3789 apertum·

516 3856 792 3906 404—409.
830 3854 1061 3903 For-mula
1096 3868 1297 3917 precum
1327 3853 1578 3911 sollennia,

452 3930 505 3971 et
536 3930 653 3970 nota
674 3920 751 3969 vel
783 3934 847 3968 ex
872 3918 1013 3967 Iliad.
1037 3927 1085 3975 λ,
1110 3920 1173 3967 39
1196 3934 1265 3981 sq.
1292 3936 1331 3976 ε,
1360 3920 1451 3967 115
1474 3932 1578 3981 sqq.

452 3987 627 4063 Qdyn.
652 3988 693 4044 δ,
719 3984 909 4060 viil-sq.
933 3992 998 4058 et·
1015 3982 1145 4032 alibi.
1168 4034 1173 4039 ,
1202 3984 1427 4061 stema,
1460 3998 1576 4058 pro-

450 4060 589 4127 pina,
625 4061 683 4125 ut
715 4050 833 4125 alib!
868 4057 1123 4125 monitum.
1178 4050 1321 4105 Aust,
1360 4057 1446 4095 aut
1482 4048 1580 4096 aba

450 4132 559 4181 ipse
592 4114 697 4173 mh,
720 4113 901 4171 addidi,
936 4122 1035 4171 aut,
1067 4128 1177 4175 que
1199 4126 1453 4160 voxsacra
1485 4122 1574 4170 est,

452 4180 583 4237 auxi,
606 4178 780 4236 mxi,
802 4176 1025 4243 apposui.
1086 4178 1253 4225 stolus
1272 4186 1351 4225 est
1374 4176 1582 4226 interius

453 4254 635 4293 tectum
662 4242 885 4291 rotunde
906 4241 1025 4291 odi·
1055 4240 1109 4290 in
1142 4241 1438 4290 testudinem
1460 4256 1578 4290 con-

448 4433 719 4485 sollennius
742 4406 849 4484 erat
866 4432 945 4483 δός
964 4406 1039 4494 12⁶,
1064 4438 1140 4492 da,
1152 4433 1253 4495 fac,
1278 4406 1360 4484 ine.
1416 4406 1431 4430 ’
1561 4406 1574 4420 ⁰

1713 3338 1824 3387 414.
1861 3337 2002 3387 mad.
2027 3342 2067 3400 ε,
2091 3339 2202 3396 437,
2233 3338 2515 3421 κελωεφὲς·
2535 3340 2634 3403 «ιμ’
2655 3342 2766 3423 ⁴¹¹⁶}-

1646 3418 1842 3462 μεσσεν.
1901 3402 2095 3453 Lucret.
2119 3403 2172 3462 ii,
2197 3406 2307 3462 354,
2336 3408 2589 3469 Sangam
2615 3426 2768 3471 atqu·

1647 3484 1758 3515 rans
1779 3470 1980 3515 calidum
1999 3470 2057 3517 de
2067 3476 2251 3543 pectore
2261 3472 2446 3530 fluen-

1709 3534 1820 3579 415.
1869 3532 1990 3581 Geo.
2027 3547 2098 3591 iu,
2141 3534 2250 3591 506,
2293 3538 2472 3597 imaque
2509 3538 2644 3601 longo
2677 3540 2770 3587 11⁸·-

1643 3599 1852 3661 singnltu
1871 3600 2078 3645 tendum.

1711 3660 1822 3711 41⁷.
1879 3664 2064 3711 Sama
2107 3665 2248 3711 ulum
2289 3666 2494 3713 libe-abae
2537 3669 2601 3714 ab
2641 3682 2768 3717 we.

1647 3724 1822 3788 Cogita
1841 3734 2024 3775 stamm
2046 3727 2284 3776 vibrantis
2303 3728 2508 3786 hastam
2531 3729 2724 3779 elevata
2741 3746 2772 3779 a

1643 3789 1818 3838 dextra
1929 3790 2013 3841 itis
2145 3807 2174 3840 e
2195 3808 2358 3841 manu.

1697 3856 1809 3913 418,
1825 3857 1884 3903 41
1923 3890 1936 3904 .
1963 3856 2284 3905 Homericum
2299 3856 2491 3915 vulnus,
2505 3872 2552 3907 v.
2568 3874 2611 3907 c.
2629 3857 2770 3909 Iliad.

1645 3921 1684 3976 δ,
1701 3920 1814 3977 502,
1829 3929 1882 3968 et
1901 3940 1943 3977 ν,
1967 3920 2079 3971 473.
2120 3918 2394 3983 Tepdacta:
2428 3936 2560 3985 sepe
2573 3922 2771 3981 ibidem.

1646 3982 1784 4033 nisa
1808 4002 1859 4043 π,
1885 3987 1996 4043 333,
2017 3988 2130 4034 422.

1706 4050 1804 4097 424-
1831 4065 1935 4113 sqq.
1971 4050 2197 4099 Observa
2223 4050 2304 4099 hic
2335 4050 2632 4101 incalescere
2661 4068 2768 4102 ora-

1641 4111 1824 4163 tionem
1846 4130 1960 4163 cum
1979 4114 2089 4179 ipso
2113 4114 2224 4164 Nisi
2247 4115 2422 4165 calore.
2480 4116 2549 4165 Et
2569 4116 2656 4165 iun
2675 4120 2772 4175 He,

1644 4194 1727 4235 me,
1747 4187 1838 4227 ete.
1863 4177 1926 4227 ad
1947 4182 2046 4228 430
2067 4196 2235 4242 unque,
2254 4180 2364 4242 quis
2385 4196 2486 4229 non
2503 4185 2770 4245 mmetju-

1645 4242 1822 4291 venilis
1839 4244 2030 4293 animus
2047 4244 2178 4293 iuter
2191 4244 2482 4308 legendum!
2517 4246 2774 4296 Naturalis

1644 4309 1903 4357 verborum
1935 4310 2056 4359 ordo
2101 4325 2164 4358 ex
2207 4308 2360 4358 animi
2404 4310 2776 4386 permrbafione

1643 4380 1858 4422 mutatus
1881 4382 1983 4422 est:
2015 4391 2101 4431 me,
2117 4383 2294 4423 autme
2315 4384 2486 4438 pente,
2507 4386 2598 4425 aut
2615 4387 2772 4427 retra-

1643 4436 1860 4487 hendum
1878 4441 1928 4486 t'n
1949 4456 2019 4488 me
2039 4438 2323 4489 convertite.
