3050 4934
1193 245 1532 313 LIBER
1575 248 1708 349 ιγ.

456 396 717 460 Rursus
747 418 935 479 agam
962 394 1222 480 pelage,
1250 407 1319 461 et
1347 399 1556 463 ventis
1586 400 1744 465 dare
1775 399 1918 465 vela
1935 402 2234 487 jubebo?

455 498 636 571 Quin
665 519 942 574 morere,
972 507 1049 561 ut
1068 498 1299 562 merita
1327 520 1431 576 es;

1478 499 1785 586 ferroque
1810 515 2031 569 averte
2059 502 2371 570 dolorem.

451 598 584 675 Tu,
614 597 891 663 lacrimis
922 598 1133 663 evicta
1161 600 1344 677 meis,
1375 611 1447 664 tu
1476 602 1686 685 prima
1714 602 2039 668 furentem

452 698 605 777 His,
634 721 965 783 germana,
995 699 1178 764 malis
1210 722 1467 777 oneras,
1499 713 1696 787 atque
1725 704 1952 788 objicis
1982 703 2180 769 hosti.

272 801 411 863 550
454 800 611 864 Non
638 799 821 865 licuit
849 799 1113 865 thalami
1140 811 1481 885 expertem
1512 804 1650 867 sine
1681 804 1941 868 crimine
1973 806 2170 869 vitam

454 900 745 984 Degere,
776 924 955 965 more
985 900 1166 978 ferae,
1194 900 1360 967 tales
1388 924 1509 967 nec
1541 912 1810 987 tangere
1839 908 2068 969 curas!

452 1002 609 1065 Non
642 1012 899 1066 servata
926 1000 1118 1078 fides,
1150 1002 1349 1066 cineri
1379 1004 1700 1086 promissa
1729 1004 2044 1088 Sychaeo!

453 1102 705 1167 Tantos
736 1101 845 1167 illa
876 1124 997 1167 suo
1026 1104 1372 1187 rumpebat
1400 1114 1668 1187 pectore
1699 1115 1995 1188 questus·

540 1204 791 1268 AEneas
823 1201 999 1270 celsa
1026 1205 1094 1268 in
1122 1204 1353 1289 puppi,
1374 1205 1513 1288 jam
1543 1214 1762 1269 certus
1789 1207 2010 1284 eundi,

274 1307 411 1370 555
453 1304 785 1389 carpebat
816 1326 1099 1382 somnne,
1130 1306 1329 1368 rebus
1350 1304 1489 1388 jam
1516 1306 1640 1369 rite
1671 1307 1940 1390 paratis·

455 1405 634 1471 Huic
660 1427 729 1470 se
760 1405 967 1469 forma
993 1404 1101 1468 dei
1128 1405 1311 1468 vultu
1340 1405 1674 1469 redeuntis
1705 1407 1936 1471 eodem

455 1506 716 1572 Obtulit
744 1507 811 1570 in
842 1507 1104 1582 somnis,
1136 1527 1495 1590 rursusque
1524 1508 1617 1570 ita
1645 1507 1782 1571 visa
1809 1530 2070 1574 monere
2100 1522 2239 1589 est3

457 1608 695 1673 Omnia
725 1607 1064 1673 Mercurio
1092 1605 1337 1683 similis,
1368 1628 1744 1691 vocemque,
1777 1606 2209 1694 coloremque,

459 1709 551 1774 Et
580 1710 792 1775 crines
822 1708 1049 1785 flavos,
1080 1720 1150 1773 et
1176 1709 1463 1773 membra
1491 1709 1734 1773 decora
1755 1710 2081 1793 juventae:

280 1811 419 1874 560
460 1809 638 1875 Nate
670 1811 817 1887 dea,
846 1821 1037 1894 potes
1068 1809 1195 1873 hoc
1224 1810 1347 1873 sub
1376 1831 1534 1873 casu
1565 1810 1806 1874 ducere
1839 1814 2142 1875 somnos?

457 1912 627 1989 Nec,
660 1933 805 1996 quae
837 1922 903 1975 te
934 1911 1175 1975 circum
1206 1920 1380 1973 stent
1410 1911 1648 1975 deinde
1679 1910 1990 1995 pericula,
2020 1913 2276 1977 cernis?

459 2013 786 2077 Demens!
832 2033 953 2076 nec
978 2010 1332 2095 ¹Zephyros
1362 2012 1552 2075 audis
1585 2013 1832 2095 spirare
1863 2014 2230 2099 secundos?

457 2112 577 2177 Illa
604 2112 791 2178 dolos
822 2114 1163 2196 dirumque
1192 2110 1375 2175 nefas
1406 2113 1473 2175 in
1502 2124 1770 2196 pectore
1801 2124 2041 2191 versat,

460 2216 658 2279 Certa
688 2216 871 2292 mori,
904 2216 1209 2297 varioque
1236 2214 1475 2277 irarum
1504 2213 1778 2277 fluctuat
1807 2228 1994 2279 aestu.

280 2318 418 2380 565
460 2316 616 2380 Non
643 2315 817 2400 fugis
846 2315 998 2380 hinc
1028 2337 1347 2400 praecep8‚
1380 2314 1537 2378 dum
1565 2316 1973 2399 praecipitare
2003 2321 2341 2400 potestas?

458 2417 609 2480 «Iam
636 2438 813 2481 mare
842 2416 1094 2481 turbari
1124 2415 1443 2491 trabibuS,
1478 2424 1813 2499 'saevasque
1845 2417 2096 2480 videbis

458 2517 795 2581 Collucere
826 2515 1025 2592 faces,
1048 2516 1185 2600 jam
1214 2515 1466 2579 fervere
1495 2513 1715 2579 littora
1743 2515 2038 2592 flamnfis,

460 2619 531 2683 Si
562 2630 627 2683 te
652 2619 757 2682 his
787 2619 1077 2701 attigerit
1106 2618 1293 2681 terris
1326 2614 1590 2679 Aurora
1616 2627 1994 2681 morantem.

462 2722 591 2787 Eia
619 2744 764 2807 age,
794 2742 1021 2804 rumpe
1054 2742 1286 2787 moras,
1364 2717 1636 2782 Varium
1665 2729 1732 2783 et
1761 2718 2067 2784 mutabile
2101 2742 2356 2805 semper

356 2882 467 2937 548,
481 2881 591 2927 549.
612 2878 755 2934 Quod
768 2877 927 2941 ipsam
946 2892 1161 2926 sororem
1180 2875 1409 2923 amantis-

284 2946 463 2994 simam
486 2952 693 3000 accusat,
722 2957 967 2991 summum
990 2939 1215 2987 affectum
1239 2939 1412 3001 arg-uit,

282 3026 387 3072 quo
412 3007 561 3057 etiam
582 3007 637 3055 in
664 3006 939 3055 carissimos
962 3004 1129 3066 injurii
1156 3020 1263 3051 esse
1285 3002 1411 3051 sole-

284 3088 425 3121 mus:
464 3072 555 3128 Tu,
580 3087 611 3119 o
632 3086 783 3128 soror,
807 3078 1028 3134 permota
1056 3067 1269 3117 lacrimis
1292 3067 1413 3117 meis

286 3137 417 3201 (vid.
452 3152 559 3199 sup.
596 3152 639 3183 v.
678 3134 781 3195 30),
820 3144 873 3182 tu
912 3132 1071 3197 prima
1108 3148 1187 3180 me
1222 3132 1273 3179 in
1310 3134 1413 3180 haec

284 3202 419 3251 mala
439 3198 691 3264 impulisti,
710 3208 762 3247 et
784 3198 957 3245 AEneae
973 3195 1207 3258 objecisti,
1228 3196 1414 3245 homini

288 3266 345 3314 in
370 3280 531 3313 meum
556 3263 761 3311 exitium
784 3262 924 3309 facto.

358 3330 469 3386 551,
494 3330 603 3375 552.
639 3330 769 3375 More
778 3325 913 3387 serae.
974 3324 1112 3373 Nihil
1132 3322 1343 3387 amplius
1363 3322 1417 3371 in

286 3392 587 3443 sententiam
626 3400 701 3439 est
744 3389 1102 3445 assumendum,
1146 3402 1291 3450 quam
1329 3389 1413 3435 ab·

288 3460 499 3507 horrens
516 3457 577 3504 ab
598 3454 883 3503 humaniore
901 3468 1013 3501 cum
1029 3452 1137 3501 aliis
1153 3461 1415 3499 consuetu-

288 3522 411 3570 dine
452 3536 509 3569 ae
542 3518 787 3568 consortio
824 3526 1011 3565 natura.
1077 3516 1310 3572 Quinctil.
1350 3515 1415 3573 ix,

292 3588 341 3645 2,
388 3586 467 3642 64,
505 3583 565 3632 de
616 3582 926 3631 matrimonio
968 3583 1101 3643 justo
1150 3589 1415 3644 acceperat,

290 3668 325 3699 a
344 3666 443 3712 quo
464 3648 635 3696 slienae
662 3656 778 3695 sunt
806 3646 934 3695 ferae.
988 3648 1089 3693 Nec
1116 3653 1317 3707 tangere,
1342 3652 1414 3693 at-

293 3715 500 3777 tingere,
519 3711 716 3769 sentire,
736 3714 850 3759 tales
871 3726 1021 3767 curas,
1040 3709 1231 3757 dolores
1250 3706 1414 3756 animi.

292 3782 405 3827 Non
432 3785 615 3826 servata
641 3784 729 3833 est,
754 3790 853 3823 non
874 3789 1069 3823 servare
1100 3772 1239 3821 licuit
1272 3772 1418 3819 fidem

292 3852 389 3893 etc.
465 3842 621 3889 cineri
666 3842 851 3902 Sychaeo
894 3840 942 3886 h.
982 3853 1023 3885 e.
1066 3836 1311 3900 Sychaeio;
1366 3844 1419 3884 ut

294 3908 527 3957 Dardana
548 3920 691 3953 arma.

364 3972 463 4019 554
487 3986 589 4032 sqq.
632 3969 747 4015 Non
782 3976 883 4015 tam
917 3980 981 4013 ex
1016 3964 1223 4013 Homeri
1258 3964 1417 4013 imita-

296 4037 447 4091 tione,
482 4048 627 4097 quam
650 4041 707 4079 ut
739 4046 803 4079 ex
832 4029 1061 4093 propiore
1093 4030 1183 4078 hac
1206 4044 1353 4077 causa
1374 4038 1425 4077 et

294 4114 425 4149 nova
446 4099 536 4146 hac
558 4095 776 4145 numinis
798 4094 1077 4152 monitione,
1109 4092 1216 4157 ipse
1239 4092 1419 4141 disces-

294 4180 383 4213 sus
405 4162 615 4224 aliquam
640 4158 927 4223 dignitatem
950 4167 1345 4219 momentumque
1366 4172 1423 4205 ac

296 4226 633 4277 diversitatem
674 4240 703 4273 a
744 4222 931 4286 vulgari
973 4236 1163 4284 quoque
1207 4220 1423 4269 discessu

295 4294 515 4341 haberet.
556 4288 785 4351 vulgaris
803 4286 1017 4335 narratio
1040 4285 1108 4333 ita
1128 4284 1427 4333 instituenda

298 4356 499 4405 fuisset:
549 4362 598 4400 et
624 4356 727 4414 jam
760 4351 933 4399 AEneae
965 4349 1132 4399 classis
1166 4348 1285 4398 satis
1320 4358 1425 4397 erat

298 4422 553 4475 instructa,
590 4427 643 4465 ut
677 4426 823 4465 vento
856 4416 1069 4464 secundo
1104 4416 1194 4463 sub
1232 4422 1424 4463 noctem

1480 2885 1651 2923 exorto
1693 2876 1916 2924 solveret.
1991 2878 2064 2925 At
2105 2893 2250 2941 quam
2295 2889 2440 2928 tenue
2481 2881 2600 2929 hoc!

1481 2938 1571 2986 Sin
1603 2954 1718 2987 vero
1753 2949 1912 2988 metus
1947 2956 1976 2989 a
2012 2942 2488 3005 Carthaginiensium
2520 2944 2599 2993 in-

1478 3018 1626 3051 cursu
1649 3012 1752 3051 erat
1775 3006 2128 3063 memorandus,
2155 3006 2392 3055 Mercurii
2413 3008 2602 3058 monitu

1479 3066 1632 3115 multo
1655 3066 1808 3129 magis
1830 3084 1910 3119 res
1933 3070 2107 3132 egebat
2121 3070 2253 3133 apud
2273 3081 2482 3136 poetam.

1546 3133 1655 3178 558.
1701 3134 1899 3181 Colorem
1937 3134 2050 3191 oris,
2089 3134 2246 3197 qualis
2281 3145 2357 3187 est
2387 3137 2604 3201 pulchrae

1472 3198 1698 3271 juventae·
1744 3211 1806 3244 ex
1853 3197 2092 3261 pal-strae
2137 3199 2238 3249 sole
2281 3210 2332 3249 et
2384 3200 2600 3265 pulvere.

1484 3260 1785 3307 Mercurium
1810 3276 1838 3308 e
1868 3262 2207 3323 pulcherrimis
2227 3264 2322 3313 diis
2343 3280 2464 3324 esse,
2489 3274 2606 3315 nota

1480 3322 1820 3435 “inimi‘'
1844 3327 2486 3454 ‘irio‘sspffibffieffifflsoe
2515 3408 2604 3454 p..

1807 3422 1819 3435 ·
2207 3426 2222 3449 ν

1482 3451 1701 3514 periculo
1737 3468 1792 3500 ac
1832 3453 2125 3502 discrimine.
2195 3458 2375 3503 Deinde
2413 3454 2606 3503 videtur

1483 3514 1694 3563 otiosum
1711 3531 1838 3571 essm
1865 3518 1951 3565 sed
1971 3518 2194 3565 lubenter
2211 3532 2271 3565 eo
2294 3517 2446 3565 utitur
2463 3528 2608 3581 poeta

1482 3580 1545 3626 ad
1569 3594 1752 3627 morem
1771 3582 1858 3627 τοῦ
1881 3580 1985 3628 εἶτα
2013 3581 2064 3627 in
2091 3581 2510 3641 argumentatione
2529 3582 2608 3631 vel

1482 3642 1840 3701 consecutione,
1865 3653 1920 3690 ut
1940 3643 2176 3691 inferatur
2192 3643 2396 3707 aliquid:
2423 3654 2474 3693 et
2494 3662 2608 3695 cum

1481 3709 1586 3755 haec
1610 3707 1678 3754 ita
1699 3708 1812 3764 sint,
1841 3711 1890 3754 in
1913 3714 2040 3755 tanto
2061 3724 2184 3765 cm,
2211 3706 2327 3768 εἶτα,
2351 3711 2528 3767 deinde,
2554 3719 2608 3759 tu

1484 3787 1582 3820 non
1618 3771 1778 3819 cernis
1809 3771 2039 3835 pericula,
2075 3772 2250 3835 quibus
2281 3773 2608 3824 circumdatus

1484 3838 1571 3884 es?
1627 3838 1690 3883 Te
1724 3839 2028 3894 circumstent,
2059 3838 2161 3899 jam
2197 3838 2344 3886 Hom.
2372 3836 2478 3899 περὶ
2511 3837 2608 3900 ’γὰρ

1485 3898 1610 3948 κακὰ
1625 3898 1860 3949 πάντοθεν
1876 3899 2008 3958 lm,
2027 3901 2200 3965 Odsys.
2219 3906 2258 3963 ξ,
2277 3900 2385 3951 270.
2419 3904 2604 3965 Zephy-

1486 3981 1562 4013 ros
1583 3964 1872 4028 simpliciter
1903 3980 1993 4030 pro
2029 3966 2188 4013 ventis
2210 3964 2354 4021 <ticin
2396 3974 2452 4013 ut
2485 3964 2610 4015 solet

1486 4028 1540 4075 in
1574 4038 1830 4077 ventorum
1870 4028 2148 4078 nominibus
2179 4044 2352 4093 parum
2384 4040 2607 4079 accurate

1488 4092 1672 4141 versari
1693 4093 1943 4155 Virgilius.

1555 4156 1664 4215 566,
1691 4158 1800 4208 667.
1836 4158 2009 4205 Oronti
2037 4160 2232 4205 versus!
2275 4160 2475 4205 Turbati
2509 4166 2608 4207 tra-

1492 4224 1636 4279 bibus,
1671 4219 1862 4284 impleri
1895 4221 2114 4278 navibus,
2139 4236 2204 4269 sc.
2237 4221 2609 4285 Carthaginien-

1490 4284 1638 4334 sibus.

1556 4349 1665 4395 569.
1711 4350 1900 4395 Varium
1933 4356 1982 4395 et
2015 4352 2230 4397 mutabile
2267 4350 2313 4399 h.
2351 4350 2382 4399 l.
2421 4360 2611 4400 tantum

1491 4428 1550 4460 eo
1572 4410 1800 4475 pertinet,
1819 4412 1948 4475 quod
1971 4412 2024 4461 in
2046 4413 2271 4463 muliebri
2293 4416 2456 4465 animo
2477 4432 2610 4465 sum·
