3050 4934
446 250 585 315 644·
1316 245 1846 313 AENEIDOS

628 398 943 463 Laurenti
972 398 1145 475 divo,
1176 407 1245 461 et
1272 407 1458 463 votas
1490 394 1898 480 suspendere
1929 401 2186 470 vestes;

455 498 584 562 770
628 500 765 564 Sed
796 500 1065 583 stirpem
1094 498 1340 565 Teucri
1368 495 1548 565 nullo
1577 495 1946 563 discrimine
1977 514 2234 559 sacrum

631 599 1069 677 Sustulerant,
1100 622 1269 684 puro
1297 610 1373 663 ut
1400 608 1676 682 possent
1701 616 2092 663 concurrere
2123 614 2372 677 campo,

628 700 761 765 Hic
790 700 983 765 hasta
1010 701 1245 771 AEneoe
1272 701 1527 776 stabat3
1571 698 1702 763 huc
1731 698 2013 781 impetus
2041 694 2216 761 illam

631 800 1006 888 Detulerat,
1034 801 1235 867 fixam
1262 810 1333 865 et
1357 798 1536 865 lenta
1561 800 1630 863 in
1657 799 1880 865 radice
1907 798 2200 864 tenebat.

631 900 959 978 Incubuit,
988 900 1321 985 voluitque
1342 922 1539 965 manu
1565 896 1928 965 convellere
1956 898 2202 963 sermm

460 1002 589 1065 775
632 1002 1080 1080 Dardanides,
1109 1002 1369 1085 teloque
1402 1002 1612 1085 sequi,
1643 1022 1836 1083 quem
1864 1000 2187 1084 prendere
2215 1020 2416 1063 cursu

637 1102 797 1167 Non
825 1114 1107 1187 poterat.
1176 1102 1353 1170 Tum
1376 1122 1533 1165 vero
1561 1122 1780 1167 amens
1811 1099 2152 1167 formidine
2179 1099 2476 1174 Turnus,

632 1202 883 1281 Faune,
912 1225 1169 1288 precor,
1198 1203 1529 1279 miserere,
1557 1202 1800 1285 inquit;
1845 1212 2048 1284 tuque
2079 1202 2324 1285 optima
2351 1199 2598 1265 ferrum

636 1303 851 1370 Terra.
878 1316 1069 1382 tene3
1114 1303 1281 1369 colui
1312 1314 1564 1367 vestros
1595 1303 1652 1366 si
1680 1324 1936 1386 semper
1965 1301 2274 1379 honores,

642 1404 831 1477 Quos
862 1416 1093 1469 contra
1120 1404 1443 1469 AEneadae
1470 1402 1644 1469 bello
1672 1402 1888 1469 fecere
1917 1401 2252 1487 profanos.

469 1506 599 1570 780
643 1504 857 1583 Dixit,
888 1526 1207 1590 opemque
1238 1504 1347 1569 dei
1374 1526 1507 1568 non
1536 1525 1724 1568 cassa
1751 1504 1820 1567 in
1847 1512 2000 1567 vota
2028 1503 2300 1569 vocavit.
2359 1563 2372 1571 .

640 1606 946 1691 Namque
977 1607 1093 1671 diu
1120 1605 1396 1680 luctans,
1428 1603 1736 1688 lentoque
1768 1605 1835 1667 in
1865 1605 2066 1687 stirpe
2097 1615 2410 1680 moratus,

642 1707 915 1772 Viribus
946 1708 1125 1772 haud
1156 1704 1303 1773 ullis
1332 1704 1534 1769 valuit
1561 1704 1928 1769 discludere
1959 1726 2214 1771 morsus

642 1808 935 1873 Roboris
968 1808 1238 1872 AEneas.
1317 1806 1497 1871 Dum
1526 1806 1754 1871 nititur
1783 1826 1958 1881 acer,
1987 1816 2058 1871 et
2083 1806 2322 1881 instat3

643 1909 907 1974 Rursus
936 1911 1003 1975 in
1032 1908 1279 1992 aurigae
1304 1906 1536 1971 faciem
1563 1916 1812 1973 mutata
1841 1906 2108 1971 Metisci

473 2013 603 2076 785
646 2010 1009 2087 Procurrit,
1039 2009 1355 2092 fratrique
1384 2028 1610 2071 ensem
1637 2006 1764 2071 dea
1791 2006 2056 2073 Daunia.
2077 1998 2324 2071 reddit.

648 2111 855 2185 Quod
884 2111 1111 2175 Venus
1144 2109 1377 2173 audaci
1404 2107 1736 2191 Nymphoe
1763 2107 2100 2191 indignata
2127 2106 2348 2184 licere,

645 2210 971 2287 Accessit,
1002 2208 1331 2293 telumque
1360 2207 1493 2274 alta
1516 2210 1604 2273 ab
1626 2209 1845 2273 radice
1873 2206 2143 2277 revellit.

647 2310 785 2375 Olli
814 2310 1145 2387 sublimes,
1174 2310 1367 2373 armis
1398 2310 1755 2393 animisque
1783 2309 2034 2386 refecti,

649 2412 783 2478 Hic
810 2412 1031 2497 gladio
1058 2412 1297 2488 fidens,
1327 2408 1435 2475 hie
1464 2432 1616 2479 acer
1643 2422 1712 2477 et
1738 2412 1985 2477 arduus
2013 2409 2230 2487 hasta,

478 2515 608 2580 790
651 2513 1007 2581 Adsistunt
1030 2523 1259 2581 contra
1288 2512 1638 2580 certamine
1667 2510 1906 2577 Martis
1935 2511 2172 2578 anheli.

742 2614 1072 2679 «Iunonem
1100 2613 1351 2679 interea.
1378 2634 1499 2677 rex
1528 2612 1984 2695 omnipotentis
2016 2611 2283 2697 Olympi

652 2712 1053 2799 Alloquitur,
1083 2710 1259 2777 fulva
1287 2735 1542 2799 pugnas
1571 2714 1656 2779 de
1683 2714 1858 2777 nube
1882 2724 2207 2781 tuentem:

656 2816 829 2888 Quae
850 2816 987 2899 jam
1013 2814 1163 2879 finis
1192 2814 1340 2889 erit,
1374 2815 1658 2899 conjux?
1703 2814 1864 2898 quid
1893 2815 2174 2900 denique
2203 2818 2451 2881 restat?

654 2916 1019 3000 Indigetem
1048 2914 1306 2981 AEnean
1336 2916 1463 2979 scis
1494 2916 1660 2998 ipss,
1692 2926 1762 2979 et
1791 2917 1956 2983 seire
1985 2916 2232 2994 fateris,

484 3018 611 3081 795
656 3016 907 3081 Deberi
934 3014 1125 3091 coelo,
1156 3014 1437 3097 fatisque
1468 3015 1554 3083 ad
1585 3016 1802 3084 sidera
1831 3015 1990 3084 tolli.

664 3115 848 3191 Quid
878 3114 1120 3182 struis?
1166 3124 1281 3177 aut
1310 3136 1441 3197 qua
1470 3136 1588 3199 spe
1617 3114 1851 3199 gelidis
1881 3117 1948 3187 in
1975 3119 2260 3185 nubibus
2288 3117 2545 3187 haeres?

486 3377 645 3489 grism
679 3376 734 3425 in
765 3376 974 3425 oleastro
1007 3377 1101 3424 hoc
1134 3376 1352 3425 ornando
1386 3390 1608 3439 agnosce.
1674 3380 1757 3435 ris,
1783 3378 2001 3440 ejusdem
2027 3376 2207 3427 radicis
2235 3394 2323 3427 seu
2347 3378 2506 3427 trunci
2529 3379 2613 3443 qui
2644 3381 2802 3431 feu-a-

525 3439 788 3505 impliciter
830 3438 1148 3488 declarandus
1188 3448 1293 3489 erat
1334 3440 1471 3489 loeus
1514 3456 1612 3503 quo
1675 3451 1896 3493 mentum
1929 3443 2081 3491 haste
2117 3454 2252 3491 arcte
2291 3444 2546 3507 amplexus
2583 3454 2704 3505 erat,
2746 3456 2808 3495 ut

487 3506 629 3554 hasta
647 3504 875 3553 herebat.
911 3502 1121 3551 Videtur
1141 3518 1201 3551 ea
1222 3512 1327 3551 sata
1344 3503 1482 3566 quasi
1503 3520 1612 3552 esse
1674 3505 1871 3553 difficile
1897 3514 2027 3555 esset
2058 3507 2121 3554 ad
2152 3506 2453 3557 solvendum.
2511 3507 2593 3557 Sic
2625 3514 2806 3559 οισι-ἄιε

489 3584 555 3618 ex
574 3568 803 3633 caprifico
840 3566 1047 3615 Homeri
1083 3566 1223 3615 Iliad.
1246 3584 1301 3629 χ,
1329 3569 1435 3615 145.
1488 3570 1608 3632 Lig-
1663 3572 1827 3629 fibula.

487 3650 609 3691 nunc,
654 3632 812 3682 arbor.
892 3632 1036 3681 Nullo
1077 3633 1355 3690 discrimine,
1394 3632 1614 3695 adeoque
1744 3632 2015 3685 785—789.
2051 3634 2192 3683 Facit
2221 3636 2448 3693 saturnu,
2477 3636 2606 3698 quod
2639 3638 2806 3689 Pallas

488 3696 625 3745 nullo
663 3703 890 3758 respectu
933 3694 1113 3754 habito,
1157 3694 1287 3759 quod
1328 3710 1466 3745 sacra
1510 3705 1616 3745 erat
1677 3696 1732 3749 in
1770 3696 1978 3747 Achillis
2013 3697 2220 3759 gratiam
2259 3698 2396 3751 Iliad.
2431 3716 2485 3761 χ,
2521 3701 2632 3754 267.
2700 3707 2802 3751 Ar-

490 3762 646 3811 arbor.
702 3760 829 3809 Puro
853 3775 1025 3820 campo,
1048 3774 1215 3817 vacuo,
1237 3774 1337 3809 noa
1362 3760 1612 3824 impedito.
1679 3763 1812 3824 daus,
1847 3771 1905 3813 ut
1937 3760 2072 3820 alias,
2105 3762 2262 3814 eiam:
2293 3762 2471 3823 anima,
2505 3764 2679 3823 fidens,
2714 3782 2803 3817 su·

490 3823 571 3873 Sic
611 3824 698 3875 Gr.
734 3826 824 3873 καθ
908 3840 934 3873 s
962 3824 1131 3885 χῶρος,
1169 3831 1228 3871 ut
1266 3822 1405 3873 Iliad.
1444 3828 1494 3886 ψ,
1531 3824 1610 3873 61.
1675 3824 1786 3875 dax.

489 3886 681 3938 Passim
718 3902 823 3934 mos
876 3885 1083 3949 oquendi
1124 3884 1393 3939 illustratus
1426 3904 1458 3939 a
1492 3887 1612 3937 viris
1743 3889 1832 3939 791
1859 3904 1960 3951 sqq.
1998 3890 2142 3938 Novo
2169 3889 2372 3939 invento
2393 3900 2539 3956 poeta
2561 3908 2666 3951 nos,
2687 3910 2806 3945 cum

488 3951 659 4009 doctis,
676 3966 722 3999 v.
740 3966 783 3999 c.
806 3948 869 3999 ad
888 3950 1029 4001 ovid.
1051 3950 1183 3999 Fast-
1206 3949 1279 4009 iii,
1299 3954 1407 3999 582.
1454 3954 1612 4003 Hasta
1667 3956 1772 4015 jam
1785 3968 1999 4016 pugnam
2009 3952 2164 4003 Turni
2177 3965 2229 4004 et
2241 3954 2415 4005 AEnete
2436 3956 2700 4007 instaurari
2713 3974 2800 4008 ex-

486 4019 657 4075 stam,
680 4028 743 4063 ex
766 4014 895 4063 ‘actu
914 4030 973 4062 su
1048 4014 1157 4065 711.
1673 4025 1938 4080 pectamus,
1953 4027 2137 4075 avocat,
2159 4030 2209 4066 et
2229 4018 2417 4069 animos
2439 4037 2704 4085 suspensos
2727 4032 2804 4071 te-

555 4078 763 4131 774—7
800 4080 843 4127 8.
894 4078 937 4125 E
1002 4094 1081 4127 em
1124 4078 1177 4127 in
1220 4080 1361 4129 hasta
1400 4080 1612 4130 Achillis
1675 4090 1760 4129 net
1776 4079 1978 4131 deorum
1992 4082 2209 4131 consiliis
2223 4083 2538 4147 interpositis.
2569 4086 2685 4137 Hoc
2697 4086 2806 4137 fere

490 4142 808 4217 convellenda
830 4156 979 4209 opera
1002 4141 1203 4205 ponitur
1226 4144 1289 4190 ab
1310 4144 1611 4207 Antei-opaco,
1676 4144 1821 4193 modo
1855 4145 2074 4211 Odyssea
2094 4146 2158 4195 ad
2179 4148 2329 4199 finem
2359 4159 2606 4213 properat,
2629 4169 2682 4209 ω,
2707 4152 2803 4205 471

493 4206 633 4257 Ihad.
676 4215 727 4267 φ,
772 4204 865 4257 174
902 4222 1004 4279 sqq.
1070 4208 1496 4255 Calui—honores.-
1541 4216 1610 4266 ut,
1677 4224 1778 4271 sqq.
1840 4212 2168 4272 Omnipotentis
2203 4212 2418 4276 Olympi,
2452 4212 2536 4275 qui
2573 4224 2650 4263 est
2683 4215 2804 4265 deo-

490 4285 627 4317 sacra
648 4270 823 4327 colere,
846 4270 1107 4333 religiones
1130 4270 1304 4324 colere.
1677 4287 1788 4323 rum
1809 4274 2243 4337 omnipotentiam:
2277 4276 2336 4324 οἱ
2361 4292 2468 4341 sup.
2492 4277 2555 4325 ad
2575 4277 2660 4329 lib.
2681 4293 2734 4338 x,
2763 4283 2807 4328 1.

557 4334 827 4382 781-788.
882 4335 1040 4391 Quam
1086 4346 1269 4393 ornate,
1316 4350 1413 4385 non
1454 4336 1616 4400 potuit
1759 4336 1866 4392 794,
1910 4338 2018 4388 795.
2070 4339 2238 4388 Fatale
2273 4356 2394 4399 esse,
2433 4352 2488 4390 ut
2517 4342 2586 4391 ait
2617 4342 2810 4395 AEnees

497 4396 703 4449 evellere
739 4396 953 4454 hastam!
1006 4400 1274 4447 Discludere
1296 4417 1466 4449 morsus
1490 4404 1616 4449 roba·
1687 4402 1806 4451 deus
1834 4401 2046 4465 Indiges,
2073 4404 2317 4465 ἆγχόριος,
2341 4405 2438 4454 scis
2461 4404 2580 4470 ipsa.
