3050 4934
1168 265 1509 330 LIBER
1557 265 1736 330 VII.

2451 273 2605 334 1465

454 411 639 477 Dant
668 436 789 498 per
818 414 983 479 colla
1013 415 1271 493 modos;
1320 428 1509 480 sonat
1535 419 1761 494 amnia,
1793 431 1860 482 et
1894 417 2056 482 Asia
2081 418 2274 503 longe

463 513 677 604 Pulsa
692 516 906 608 palus.

380 609 387 614 ’
446 605 605 680 ⁴Nec
634 619 975 701 quisquam
1007 629 1239 683 aeratas
1272 621 1443 684 acies
1474 642 1560 684 ex
1589 621 1844 705 agmine
1875 633 2055 688 tanto

458 717 727 782 Misceri
758 730 980 802 putet3
1026 721 1265 784 aeriam
1298 723 1415 785 sed
1444 724 1705 805 gurgite
1735 724 1820 786 ab
1847 722 1979 787 alto

232 841 237 846 ·
283 816 412 880 705
458 817 701 902 Urgeri
730 819 1061 884 volucrum
1090 843 1431 885 raucarum
1459 823 1546 886 ad
1578 822 1795 887 littora
1824 826 2083 888 nubem.

542 919 745 996 Ecce,
778 920 1169 986 Sabinorum
1197 924 1413 1006 prisco
1442 923 1527 986 de
1559 925 1895 1006 sanguine,
1927 947 2228 1009 magnum

456 1019 717 1105 Agmen
746 1043 947 1106 agens
977 1022 1281 1099 ClausuS,
1312 1025 1659 1108 magnique
1689 1025 1832 1109 ipse
1864 1010 2132 1110 agminis
2163 1028 2390 1108 instar,

456 1121 731 1187 Claudia
760 1147 931 1188 nunc
960 1147 1001 1188 a
1030 1147 1162 1208 quo
1193 1125 1584 1190 diffimditur
1613 1137 1679 1190 et
1709 1128 1916 1190 tribus
1947 1139 2015 1191 et
2043 1151 2204 1212 gens

456 1223 588 1288 Per
622 1223 905 1301 Latium,
938 1236 1283 1309 postquam
1312 1227 1377 1290 in
1406 1239 1658 1310 partem
1688 1227 1844 1292 data
1871 1228 2085 1293 Roma
2116 1231 2396 1296 Sabinis.

284 1324 413 1388 710
456 1324 611 1389 Una
638 1327 865 1409 ingens
893 1324 1233 1390 Amiterna
1263 1327 1522 1404 cohorS,
1557 1329 1883 1412 priscique
1916 1329 2234 1408 Quirites,

454 1425 647 1491 Ereti
674 1449 900 1490 manus
932 1429 1160 1503 omnia,
1195 1427 1632 1511 oliviferaeque
1663 1428 1996 1494 Mutuscae
2015 1447 2060 1508 ς·

456 1527 593 1600 Qui
624 1527 1021 1592 Nomentum
1050 1529 1301 1605 urbem,
1334 1529 1451 1612 qui
1478 1529 1702 1593 Rosea
1733 1553 1886 1594 rura
1917 1531 2156 1609 Velini,

455 1628 593 1702 Qui
621 1628 909 1693 Tetricae
936 1629 1263 1693 horrentis
1296 1653 1519 1714 rupee,
1553 1643 1963 1715 montemque
1995 1633 2332 1712 Severum,

454 1729 960 1815 Casperiamque
991 1731 1233 1808 colunt,
1266 1730 1698 1815 Forulosque,
1727 1745 1796 1796 et
1823 1733 2064 1797 flumen
2097 1735 2432 1813 Himellae3

280 1831 410 1895 715
456 1831 592 1904 Qui
621 1830 943 1915 Thybrim
974 1831 1405 1916 Fabarimque
1433 1834 1690 1908 bibunt,
1725 1856 1888 1917 quos
1921 1833 2158 1918 frigida
2187 1838 2358 1901 misit

452 1931 724 2009 Nursia,
754 1943 820 1996 et
854 1933 1153 1997 Hortinae
1184 1931 1448 2010 classeS,
1480 1933 1836 2018 populique
1871 1934 2126 2014 Latini3

454 2035 777 2117 Quosque
809 2057 1036 2099 secans
1066 2035 1419 2114 infaustum
1448 2033 1739 2098 interluit
1769 2035 1943 2099 Allia
1971 2059 2241 2102 nomen:

458 2136 677 2208 Quam
706 2135 888 2200 multi
922 2135 1172 2220 Libyco
1199 2134 1546 2200 volvuntur
1575 2159 1892 2201 marmore
1923 2137 2184 2216 fluctuS,

454 2236 683 2300 Saevus
714 2237 826 2300 ubi
856 2235 1068 2300 Orion
1099 2236 1386 2300 hibernis
1416 2236 1720 2300 conditur
1750 2238 1977 2316 undis;

281 2338 413 2402 720
457 2336 589 2403 Vel
612 2360 819 2424 quum
842 2335 978 2402 sole
1010 2359 1177 2400 novo
1209 2338 1432 2400 densae
1463 2348 1794 2402 torrentur
1821 2341 2060 2417 aristae‚

455 2437 594 2503 Aut
626 2438 859 2503 Hermi
887 2461 1139 2522 camp0,
1170 2448 1284 2502 aut
1317 2437 1538 2522 Lyciae
1567 2437 1956 2503 flaventibus
1988 2443 2177 2504 arvis·

280 2703 492 2768 Virgilio
554 2701 721 2768 ropria
754 2702 829 2751 via
872 2702 925 2750 in
960 2701 1072 2760 iilis,
1118 2719 1219 2750 eum
1253 2719 1349 2750 sese
1380 2719 1405 2750 e

275 2779 418 2832 pastu
462 2785 513 2816 re
533 2775 681 2825 erunt,
722 2775 771 2816 et
810 2770 925 2815 dant
964 2770 1114 2815 modos
1150 2783 1235 2828 per
1272 2769 1407 2829 longa

278 2837 415 2882 eolla.
484 2835 603 2880 Asia
642 2833 792 2894 palas,
838 2847 1039 2895 campus
1076 2830 1306 2895 palustria
1345 2831 1407 2878 ad

282 2899 559 2962 Caystrum.
616 2897 775 2954 Pulsa,
798 2895 901 2944 scil.
925 2895 1096 2952 modis,
1120 2911 1253 2942 sono.

348 2961 621 3013 7oa—705.
680 2961 751 3008 Ut
786 2975 959 3022 agmen
998 2959 1255 3008 incedebat
1294 2975 1407 3008 cum

280 3035 431 3074 cantu
452 3035 504 3074 et
535 3023 763 3100 tripudio,
786 3039 933 3072 nemo
1000 3033 1159 3072 utaret
1190 3023 1313 3072 illud
1344 3023 1407 3071 ad

278 3105 497 3155 pugnam
534 3088 801 3137 faciendam
842 3087 921 3136 inc
986 3104 1081 3137 ere.
1154 3091 1409 3136 Miscentur

277 3159 419 3210 acies,
448 3154 563 3202 dum
596 3152 993 3216 congrediuntur,
1024 3161 1271 3217 pugnant:
1308 3151 1403 3199 aol-

278 3218 417 3267 lenni
452 3217 697 3266 vocabulo.
756 3215 857 3264 Vix
888 3217 981 3264 hoe
1006 3217 1255 3264 commode
1288 3215 1407 3263 satia

278 3283 343 3331 ad
378 3297 561 3345 cygnos
592 3280 763 3328 referri
794 3289 981 3344 potent:
1018 3279 1183 3328 malim
1210 3279 1271 3326 de
1300 3279 1403 3326 avi—

278 3349 389 3404 bus,
410 3363 453 3394 v.
474 3361 517 3394 c.
540 3340 757 3408 gruibus,
778 3343 999 3408 accipere
1016 3343 1209 3406 agmine
1228 3343 1403 3390 austri-

280 3427 372 3460 nae
406 3410 577 3475 plagas
616 3409 744 3457 ultra
784 3423 918 3456 mare
956 3407 1259 3483 petentibus:
1310 3405 1405 3454 vid.

280 3491 390 3539 nup.
439 3474 502 3531 vi,
548 3475 657 3521 310.
737 3473 876 3520 Inest
916 3473 1011 3520 aha
1053 3470 1310 3519 difficultas
1354 3470 1407 3518 in

278 3537 661 3603 comparationis
692 3537 883 3585 ratione
919 3545 969 3584 et
998 3535 1075 3584 vi:
1118 3551 1239 3584 num
1272 3550 1403 3582 com-

278 3603 473 3669 paratio
506 3602 567 3649 ad
596 3600 793 3649 ordines
826 3599 1159 3648 incedentium
1196 3608 1409 3662 aequatos

342 3676 487 3723 cenet,
510 3681 574 3714 an
606 3665 667 3712 ad
696 3667 843 3714 nodos
874 3681 1061 3712 canoros
1092 3675 1143 3711 et
1174 3663 1405 3711 carmina.

332 3730 467 3779 ideat
508 3745 599 3794 pro
638 3745 691 3778 ee
728 3729 946 3791 quisque,
989 3743 1051 3776 an
1089 3728 1235 3776 talem
1272 3743 1403 3775 com-

278 3794 587 3860 parationem
608 3793 907 3858 probandam
934 3791 1135 3855 judicet.
1192 3791 1407 3839 Omnino

282 3871 449 3909 tamen
474 3859 573 3916 illa,
599 3861 699 3906 Nee
723 3861 959 3919 quisquam
978 3857 1407 3918 putet—-ceA—pro

278 3923 553 3974 variatione
586 3921 805 3983 formulae
840 3919 1152 3986 comparandi
1186 3917 1410 3967 habenda

278 3987 593 4042 meminerim
640 3985 859 4048 nihilque
888 3985 1021 4033 aliud
1052 3983 1262 4033 voluisse
1288 3997 1405 4047 poe-

280 4061 385 4100 tam
420 4051 681 4107 declarare,
723 4065 883 4112 quam,
918 4057 965 4098 et
1001 4057 1105 4098 emt
1142 4065 1303 4111 agmen
1340 4051 1405 4094 εἰ·

280 4119 393 4164 mile
527 4119 538 4130 ‘
570 4119 588 4162 ι’
608 4117 850 4162 voluerum.

348 4179 621 4231 706—709.
678 4177 947 4226 Commode
988 4175 1149 4239 gentis
1192 4175 1410 4224 Claudiae

280 4243 523 4307 originem
568 4244 628 4291 ab
668 4243 803 4298 Atta,
846 4241 925 4290 rel
969 4242 1090 4288 Atto
1128 4255 1217 4287 seu
1256 4239 1409 4295 Attio,

280 4309 465 4357 Clauao
485 4307 581 4355 arri
618 4306 719 4360 uita
757 4305 849 4354 etsi
874 4305 1019 4368 vulg-o
1048 4312 1215 4351 auctor
1243 4303 1411 4366 stirpis

280 4373 555 4421 habebatur
618 4371 665 4420 le
687 4370 910 4428 Clausus,
932 4367 1015 4432 qui
1037 4368 1209 4431 quinto
1230 4383 1261 4416 a
1280 4365 1408 4430 regi·

1470 2701 1562 2750 bus
1595 2700 1764 2764 ejectis
1798 2715 1928 2749 anno
1960 2717 2072 2752 cum
2105 2701 2366 2752 clientibus
2389 2705 2598 2754 Romam

1474 2765 1668 2828 Regino
1712 2765 1765 2814 in
1811 2765 2004 2815 Sabinis
2047 2776 2262 2817 venerat.
2338 2771 2498 2816 Prisco
2542 2773 2599 2818 de

1468 2834 1693 2893 sanguine
1711 2833 1980 2878 Sabinorum
1995 2833 2210 2894 jungunt
2226 2832 2328 2880 fere
2351 2843 2462 2896 post
2482 2834 2596 2882 Ser·-

1470 2894 1607 2942 vium
1643 2894 1726 2942 alii
1761 2909 1958 2950 omnen
2005 2910 2095 2943 nec
2133 2895 2272 2954 male,
2310 2913 2422 2945 cum
2456 2897 2596 2946 Sabi-

1470 2973 1646 3006 norum
1679 2959 1884 3034 stirpem
1919 2959 2296 3008 vetustissimam
2336 2977 2444 3010 esse
2477 2979 2595 3010 con·

1471 3033 1582 3072 stet.
1641 3024 1846 3072 suavior
1881 3031 2044 3071 tamen
2071 3024 2266 3074 videtur
2299 3025 2420 3074 mihi
2449 3029 2594 3088 junc-

1474 3095 1608 3136 tura:
1665 3090 1872 3145 Clausus,
1910 3091 2064 3149 priseo
2097 3091 2154 3138 de
2187 3093 2423 3153 anguine,
2459 3107 2599 3154 agene

1472 3167 1630 3214 agmen
1653 3169 1866 3212 magnum
1891 3155 2174 3211 Sabinorum,
2199 3158 2438 3217 magnique
2462 3163 2552 3202 etc.

1539 3215 1811 3266 710-716.
1847 3218 2004 3265 Priect'
2041 3221 2258 3276 Quirites,
2301 3219 2346 3265 h.
2385 3219 2596 3276 Curitea

1471 3279 1732 3336 Curensea,
1761 3295 1826 3327 ex
1860 3281 2072 3328 Curibus
2107 3281 2315 3330 Sabinis.
2350 3285 2600 3330 ‘Mnemon

1472 3352 1549 3390 eet
1592 3343 1805 3391 Trebula
1853 3345 2092 3392 Mutusca.
2160 3348 2446 3402 Nomentum,
2489 3361 2596 3420 sup.

1471 3406 1554 3455 lib.
1581 3405 1644 3464 vi,
1670 3407 1780 3462 773.
1815 3407 1944 3455 inter
1976 3407 2190 3457 colonias
2215 3409 2416 3456 Latinas
2437 3425 2596 3457 nomi·

1472 3481 1668 3526 namma
1705 3479 1782 3518 est
1815 3471 1876 3518 ab
1911 3487 1970 3519 eo
2003 3471 2082 3520 via
2106 3473 2418 3519 Nomentana
2451 3471 2596 3521 dicta.

1471 3537 1634 3591 Rosea,
1659 3549 1746 3581 seu
1771 3536 1930 3596 Campi
1959 3537 2131 3591 Roeeae,
2155 3535 2208 3580 in
2230 3549 2346 3596 agro
2369 3535 2596 3594 Reatino,

1472 3598 1536 3645 ad
1568 3598 1727 3646 lacum
1753 3598 2000 3652 Velinum.
2024 3612 2214 3645 summa
2243 3597 2494 3646 fertilitate
2515 3615 2596 3647 ee-

1470 3662 1644 3710 lebrea.
1701 3664 1916 3710 Hor-time
1937 3664 2104 3708 classes
2133 3660 2292 3725 simpl.
2315 3677 2404 3726 pro
2426 3663 2598 3726 copiis,

1472 3742 1501 3773 a
1521 3725 1771 3782 classibus,
1795 3739 1903 3787 quse
1925 3725 2092 3800 populi
2124 3738 2288 3790 partes
2318 3735 2446 3774 sunt.
2504 3730 2596 3776 Po·

1466 3793 1572 3852 pult·
1616 3791 1793 3848 Latini,
1835 3789 2016 3864 oppida
2059 3790 2344 3838 Latinorum
2391 3791 2442 3839 in
2481 3807 2600 3854 agro

1474 3853 1656 3903 Sabino
1680 3854 1756 3902 vel
1780 3855 1974 3902 Sabinis
1994 3870 2212 3903 accenso.

1553 3919 1664 3976 718,
1703 3919 1810 3968 719.
1862 3919 2003 3966 Mare
2043 3919 2412 3983 tempestatibus
2449 3934 2596 3966 vexa-

1476 3992 1579 4032 tum
1602 3983 1693 4032 sub
1711 3983 1911 4030 Orionis
1931 3999 2170 4039 occasum,
2194 3982 2278 4045 qui
2311 3983 2368 4030 fit
2397 3982 2599 4030 ineunte

1472 4047 1649 4104 hieme,
1674 4047 1803 4094 circa
1827 4045 2114 4096 Decembris
2131 4047 2286 4094 initia.

1542 4113 1650 4168 720,
1668 4112 1776 4161 721.
1809 4113 1910 4158 Sole
1933 4127 2053 4170 novo,
2071 4109 2230 4174 prima
2246 4109 2427 4158 aeatatis
2443 4121 2598 4174 parte,

1474 4175 1662 4224 scilicet
1685 4177 1755 4222 sol
1787 4189 1916 4222 nunc
1948 4183 2024 4223 est
2056 4189 2146 4238 pro
2168 4173 2336 4222 aeativo
2365 4183 2598 4238 tempore,

1474 4239 1592 4287 eolis
1613 4249 1750 4294 natu,
1770 4238 1942 4286 dictua.
1981 4239 2140 4312 Lycia,
2161 4253 2334 4302 aspera
2355 4251 2405 4287 et
2425 4255 2600 4288 saxosa

1475 4302 1628 4364 regio,
1651 4301 1816 4349 nescio
1839 4317 1900 4349 an
1923 4301 2038 4350 alibi
2063 4302 2326 4352 fertilitatis
2351 4304 2496 4352 laude
2515 4321 2596 4353 ce-

1474 4365 1703 4414 lebretur.
1753 4364 1924 4414 Fidem
1947 4375 2108 4414 tamen
2131 4377 2286 4430 poeta
2307 4367 2422 4417 facit
2443 4369 2598 4433 Phry-

1394 4433 1481 4476 30
