3050 4934
506 244 633 309 522

1392 240 1918 309 AENEIDOS

682 393 1073 477 Agnoscunt
1102 392 1310 477 spolia
1335 393 1507 457 inter
1539 414 1633 467 se,
1665 390 2046 475 galeamque
2073 389 2386 452 nitentem

684 494 1003 578 Messapi,
1034 504 1102 557 et
1130 491 1332 557 multo
1362 492 1666 576 phaleras
1699 491 1938 555 sudore
1971 498 2292 572 receptas.

765 593 859 658 Et
880 594 1018 677 jam
1045 594 1253 678 prima
1278 615 1447 657 novo
1478 591 1831 676 spargebat
1859 587 2096 667 lumine
2127 598 2335 651 terras
2369 670 2411 683 „.
2435 642 2523 667 ‚s

506 696 638 760 460
682 694 955 758 Tithoni
985 714 1285 759 croceum
1308 690 1611 778 linquens
1646 689 1910 756 Aurora
1939 688 2188 753 cubile:
2257 679 2270 687 ’
2314 678 2362 687 ”

682 794 831 859 Jam
862 794 997 859 sole
1029 794 1270 870 infus0,
1293 795 1429 878 jam
1460 793 1658 857 rebus
1688 790 1832 855 luce
1861 790 2147 865 retectiS,

683 894 951 959 Turnus
982 894 1050 957 in
1079 916 1258 958 arma
1287 894 1482 982 viros,
1514 893 1709 957 armis
1741 891 2178 956 circumdatus
2207 890 2374 973 ipse,

686 994 1015 1070 Suscitat3
1062 1004 1426 1077 aeratasque
1458 994 1631 1060 acies
1663 992 1728 1055 in
1759 990 1992 1075 proelia
2020 990 2218 1073 cogit,

687 1094 987 1178 Quisque
1020 1116 1197 1169 suos,
1228 1093 1552 1177 variisque
1585 1101 1826 1156 acuunt
1854 1090 2220 1154 rumoribus
2251 1092 2403 1153 iras,

511 1194 641 1259 465
687 1195 866 1268 Quin
896 1195 1041 1278 ipsa
1070 1194 1339 1257 arrectis
1372 1194 1542 1274 (visu
1567 1190 1956 1273 miserabile)
1985 1190 2052 1254 in
2081 1189 2286 1254 hastis

686 1293 1052 1377 Proefigunt
1078 1294 1316 1377 capita,
1347 1302 1415 1356 et
1442 1290 1646 1355 multo
1677 1290 1954 1355 clamore
1987 1301 2370 1372 sequuntur,

678 1392 963 1476 'Euryali
992 1404 1061 1457 et
1089 1391 1261 1456 Nisi.

683 1493 1009 1557 AEneadae
1039 1493 1192 1557 duri
1220 1514 1554 1557 murorum
1581 1494 1646 1557 in
1677 1503 1865 1577 parte
1898 1494 2158 1557 sinistra

693 1593 1091 1677 Opposuere
1120 1593 1343 1669 aciem,
1378 1593 1550 1675 (nam
1581 1593 1857 1657 dextera
1885 1594 2166 1678 cingitur
2193 1593 2414 1675 amni,)

519 1695 650 1759 470
692 1691 1133 1777 Ingentesque
1164 1702 1389 1756 tenent
1418 1692 1653 1769 fossas,
1686 1703 1753 1757 et
1783 1694 2073 1757 turribus
2109 1693 2253 1757 altis

690 1794 881 1857 Stant
908 1793 1157 1857 moestie
1207 1791 1395 1856 simul
1426 1816 1543 1857 ora
1569 1793 1774 1857 virfirn
1803 1794 2079 1879 praefixa
2105 1794 2470 1868 movebant,

687 1893 871 1959 Nota
897 1894 1083 1957 nimis
1114 1894 1387 1970 miseris,
1420 1905 1694 1978 atroque
1723 1894 1990 1958 fluentia
2017 1894 2193 1957 tabo.

652 2074 659 2084 Ι
686 1994 947 2059 Interea
977 1994 1277 2078 pavidam
1308 1993 1582 2059 volitans
1614 2003 1895 2078 pennata
1919 2016 2042 2078 per
2067 1995 2300 2071 urbem
2332 2062 2369 2067 Π
2408 2062 2425 2067 ,

652 2087 665 2175 ἶ,
688 2094 943 2159 Nuntia
971 2093 1173 2159 Fama
1201 2096 1353 2170 ruit,
1383 2096 1738 2178 matrisque
1765 2093 2068 2158 allabitur
2097 2116 2290 2158 aures

513 2178 671 2282 4752
690 2192 983 2278 Euryali.
1060 2192 1157 2257 At
1188 2196 1439 2258 subitus
1470 2196 1723 2259 miserae
1755 2193 1929 2258 calor
1959 2215 2110 2257 ossa
2139 2193 2418 2277 reliquit.

666 2294 978 2362 Excussi
1005 2295 1302 2359 manibus
1334 2296 1519 2371 radii,
1551 2294 1972 2378 revolutaque
2003 2315 2228 2379 pensa.

689 2393 929 2458 Evolat
955 2392 1201 2471 infelix,
1233 2405 1323 2471 et,
1353 2394 1631 2459 femineo
1659 2393 1930 2471 ululatu,

691 2494 910 2560 Scissa
938 2516 1207 2572 comam,
1238 2518 1455 2559 muros
1486 2516 1706 2559 amens
1735 2505 1932 2578 atque
1963 2496 2216 2579 agmina
2243 2516 2441 2559 cursu

692 2595 911 2660 Prima
937 2597 1136 2679 petit:
1184 2617 1315 2659 non
1342 2594 1451 2658 illa
1479 2593 1707 2671 viri‘im,
1740 2617 1868 2658 non
1899 2593 2006 2657 illa
2033 2594 2278 2679 pericli,

518 2696 649 2761 480
691 2696 1133 2778 Telorumque
1164 2717 1440 2773 memor;
1488 2694 1723 2760 coelum
1753 2694 1990 2758 dehinc
2019 2696 2358 2779 questibus
2387 2696 2608 2781 implet
2625 2720 2644 2759 t

692 2796 894 2861 Hunc
923 2818 1048 2881 ego
1076 2807 1166 2873 te,
1200 2795 1512 2879 Euryale,
1543 2796 1877 2880 adspicio?
1922 2804 2102 2872 tune,
2133 2796 2242 2861 illa
2271 2809 2550 2863 senectae

610 2942 615 2947 ·
694 2898 858 2962 Sera
882 2918 1045 2961 meae
1074 2898 1357 2981 requies,
1389 2898 1660 2981 potuisti
1689 2895 1980 2980 linquere
2011 2896 2234 2975 solam,

691 2996 1037 3061 Crudelis?
1082 3018 1205 3060 nec
1238 3007 1325 3073 te,
1360 2997 1483 3061 sub
1513 3008 1695 3062 tanta
1723 2996 2012 3080 pericula
2041 2998 2328 3075 missum,

694 3094 909 3160 Affari
937 3106 1300 3160 extremum
1328 3098 1580 3163 miscrae
1611 3098 1764 3162 data
1793 3098 2239 3183 copiamatri?

522 3197 651 3261 485
695 3196 876 3273 Heu,
908 3205 1084 3260 terra
1109 3198 1333 3280 ignota
1361 3200 1631 3263 canibus
1663 3196 1813 3263 date
1843 3198 2070 3283 praeda
2099 3198 2352 3264 Latinis

588 3420 698 3470 460.
736 3420 1033 3469 Homericus
1054 3436 1239 3477 versus,
1267 3421 1406 3470 Iliad.
1430 3430 1477 3480 λ,
1508 3423 1548 3468 1.

588 3486 700 3545 463,
724 3484 836 3533 464.
872 3486 1095 3533 Debebat
1116 3500 1238 3543 esse,
1261 3490 1383 3534 acies
1412 3490 1461 3533 ὄπ
1478 3487 1650 3547 proels'a

522 3558 689 3613 cogunt
710 3558 758 3598 et
773 3556 945 3597 mant
959 3566 979 3595 .-
1008 3550 1264 3597 νυμον-ἰὸν
1293 3548 1433 3597 docte
1454 3550 1650 3597 videtur

524 3614 740 3677 positum
798 3628 853 3661 ro
872 3612 1158 3669 hortatibus,
1183 3612 1395 3660 vocibus.

591 3678 701 3734 468,
792 3677 838 3724 9.
874 3676 953 3723 De
973 3675 1073 3723 situ
1093 3675 1311 3725 locorum
1332 3675 1429 3723 vid.
1454 3691 1560 3739 sup.
1584 3676 1647 3724 ad

526 3756 570 3789 v.
600 3742 706 3790 195.
742 3740 942 3787 Poetam
959 3748 1079 3803 puta
1090 3740 1143 3787 in
1159 3740 1468 3797 Rutulorum,
1490 3748 1650 3787 castra

527 3803 866 3859 adorientium,
895 3802 1088 3865 agmine
1114 3812 1391 3851 versantem
1418 3818 1550 3851 nunc
1579 3802 1644 3850 si-

529 3868 733 3917 nistram
746 3880 915 3915 versus
932 3880 1080 3924 mare,
1096 3866 1316 3915 dextram
1332 3876 1523 3930 partem
1537 3882 1647 3915 ver-

524 3946 611 3981 sus
626 3930 845 3981 Tiberim
861 3944 1143 3978 memorare.
1187 3934 1236 3979 A
1252 3932 1367 3979 laeoa
1385 3940 1519 3991 parte
1541 3946 1646 3979 cas-

526 4006 727 4052 trorum,
742 4010 851 4057 quae
866 3994 919 4041 in
936 4008 1071 4043 mare
1087 4008 1321 4043 conversa
1337 4000 1491 4052 erant,
1508 4003 1652 4059 porta

524 4057 1135 4184 33:533&ss
1142 4058 1646 4170 §mmm

525 4188 678 4235 alters
704 4186 760 4233 in
790 4184 1028 4233 interiora
1046 4184 1165 4248 agri,
1188 4200 1285 4248 qua
1304 4194 1439 4234 retro
1467 4185 1529 4233 ad
1560 4156 1648 4233 'ri-'

524 4250 683 4298 herim
702 4264 875 4297 versus
894 4248 1069 4297 collem
1099 4248 1375 4297 Palatinum
1397 4248 1650 4325 perveniri

525 4322 732 4424 28‘1322
750 4311 1652 4442 fflfflfffiffissfflffi

1713 3418 1952 3468 nitionem
1967 3434 2055 3467 seu
2083 3420 2270 3477 urbem,
2325 3434 2438 3468 uam
2464 3419 2707 3484 Virgilius
2721 3438 2836 3497 per-

1711 3484 1863 3541 hibet,
1915 3492 2173 3546 poterant:
2231 3484 2306 3532 col
2325 3492 2472 3532 ocant
2513 3500 2574 3533 ea
2615 3485 2669 3533 in
2729 3500 2840 3550 ipso

1711 3547 1840 3660 ζμίο
1855 3562 1944 3595 seu
1959 3562 2099 3595 muro
2119 3556 2172 3595 et
2191 3546 2419 3607 turribus,
2437 3564 2559 3611 quas
2579 3548 2714 3598 fossa
2733 3564 2838 3597 sm-

1743 3622 1798 3658 it.

1775 3672 1872 3725 473
1895 3690 1996 3737 sqq.
2031 3676 2330 3739 comparant
2351 3674 2714 3724 Andromache
2737 3684 2842 3724 tre-

1749 3738 2013 3787 idationem
2029 3747 2079 3787 et
2094 3739 2293 3797 luctum,
2311 3738 2452 3787 Iliad.
2472 3756 2526 3801 χ,
2545 3741 2642 3790 447
2665 3754 2770 3803 sqq.
2793 3748 2844 3789 et

1713 3756 1856 3850 iuna.
1882 3800 1922 3863 ζ,
1949 3805 2045 3851 388
2066 3818 2136 3865 sq.

1777 3866 1888 3917 4⁷9.
1924 3868 2086 3915 Pn'm
2102 3871 2292 3929 agmina
2308 3866 2440 3915 haud
2459 3867 2609 3917 dubie
2625 3869 2844 3931 jungen-

1713 3930 1826 4041 dzir
1848 3930 1896 3977 N
1899 3944 1978 3977 sm
2017 3930 2262 3993 procurrit
2299 3940 2414 3979 ante
2451 3942 2845 3995 propugnatore

1715 4011 1745 4042 v
1811 4008 1842 4041 1.

1779 4058 1890 4105 485.
1939 4056 2021 4105 Ex
2091 4056 2208 4107 risci
2257 4058 2352 4107 aevi
2407 4058 2675 4117 succinte,
2719 4058 2844 4108 ntis

1715 4130 1832 4169 nota
1849 4120 1925 4168 vel
1943 4136 2006 4168 ex
2026 4121 2050 4169 1
2072 4120 2196 4169 'adis
2227 4122 2401 4185 primis
2422 4122 2658 4181 versibus,
2683 4124 2844 4173 visun

1714 4193 1792 4233 est
1821 4183 2158 4233 infaustissimi
2193 4200 2336 4234 casm
2369 4200 2492 4243 esse,
2515 4186 2560 4234 si
2581 4187 2666 4235 cui
2695 4186 2844 4236 funus

1715 4246 1828 4297 duci
1849 4247 2088 4310 nequiret.
2143 4247 2224 4297 Ad
2242 4258 2502 4312 sequentes
2522 4264 2714 4313 quoque
2731 4266 2840 4299 ven·b

1715 4328 1800 4362 sus
1833 4312 2147 4361 illustrandos
2185 4311 2402 4376 undique
2439 4313 2658 4361 locomm
2701 4312 2846 4379 copis

1716 4375 1948 4441 suppetit,
1988 4376 2136 4425 etiam
2171 4392 2234 4426 ex
2259 4377 2494 4435 Homero,
2527 4392 2572 4425 v.
2591 4394 2636 4426 c.
2663 4378 2838 4441 Οάῃε.
