3050 4934
1138 236 1481 304 LIBER
1524 237 1703 306 Vll.

2450 241 2578 302 453

259 382 392 446 420
440 383 535 446 Et
552 385 781 468 juveni
808 397 960 450 ante
991 385 1213 450 oculos
1242 387 1345 450 his
1376 409 1447 450 se
1477 409 1625 450 cum
1653 388 1922 452 vocibus
1954 388 2188 453 offert:

436 483 690 561 Turne,
722 495 820 549 tot
848 487 1171 550 incassum
1199 486 1381 551 fusos
1411 489 1661 571 patiere
1689 485 1976 577 laboreS,
2023 569 2036 577 ,

436 585 529 648 Et
560 594 674 650 tua
703 585 1057 651 Dardaniis
1091 589 1435 652 transcribi
1466 600 1728 673 sceptra
1756 587 2046 654 colonis?

432 683 587 749 Rex
618 686 738 750 tibi
765 687 1139 771 conjugium
1168 699 1237 751 et
1266 689 1574 772 quaesitas
1607 691 1919 773 sanguine
1956 690 2144 754 dotes

392 841 397 850 .
433 783 767 869 Abnegat,
798 798 1238 872 externusque
1270 788 1336 852 in
1366 811 1640 872 regnum
1667 791 1983 874 quaeritur
2012 790 2226 856 heres·

260 884 393 948 425
436 884 469 948 Ι
498 907 694 961 1111110,
724 887 993 969 ingratis
1026 886 1191 952 offer
1220 899 1307 966 te,
1340 889 1550 966 irrise,
1581 890 1876 974 periclis;

432 985 837 1069 Tyrrhenae,
864 989 909 1064 i,
940 999 1161 1053 sterne
1192 991 1402 1067 acies;

1448 1001 1598 1074 tege
1629 1013 1790 1076 pace
1824 991 2117 1055 Latinos.

433 1086 602 1151 Haec
632 1088 801 1152 adeo
830 1090 946 1152 tibi
976 1111 1101 1166 me,
1132 1089 1389 1175 placida
1418 1113 1618 1175 quum
1647 1104 1840 1157 nocte
1861 1094 2142 1176 jacereS,

433 1187 589 1270 Ipsa
616 1188 829 1272 palam
858 1189 980 1253 fari
1010 1192 1413 1274 omnipotens
1448 1191 1756 1256 Saturnia
1775 1193 1994 1276 jussit.

436 1288 660 1361 Quare
694 1311 839 1373 age,
871 1301 939 1355 et
969 1293 1203 1354 armari
1231 1292 1473 1374 pubem
1502 1293 1838 1377 portisque
1869 1295 2113 1357 moveri

262 1388 392 1453 430
436 1387 663 1452 Laetus
694 1390 760 1453 in
788 1412 964 1454 arma
994 1413 1175 1474 para,
1206 1402 1273 1454 et
1303 1391 1654 1475 Phrygios,
1687 1395 1800 1476 qui
1827 1392 2089 1458 flumine
2119 1392 2395 1478 pulchro

435 1488 834 1567 Consedere,
866 1491 1067 1554 duces
1097 1492 1435 1574 pictasque
1465 1513 1670 1556 exure
1701 1495 1974 1557 carinas.

436 1589 793 1654 Coelestfim
820 1592 915 1654 vis
946 1613 1179 1674 magna
1200 1593 1414 1675 jubet.
1495 1591 1649 1655 Rex
1677 1593 1818 1677 ipse
1854 1593 2154 1670 LatinuS,

434 1689 528 1753 Ni
558 1691 716 1754 dare
747 1691 1117 1775 conjugium
1147 1703 1215 1755 et
1244 1691 1419 1756 dicto
1450 1714 1681 1774 parere
1708 1691 1972 1771 fatetur,

436 1791 711 1867 Sentiat,
742 1803 810 1856 et
840 1793 1103 1856 tandem
1129 1791 1430 1856 Turnum
1460 1793 1838 1876 experiatur
1866 1794 1931 1856 in
1959 1794 2174 1857 armis,

263 1893 395 1956 435
436 1892 570 1956 Hic
590 1893 872 1976 juveni8‚
902 1905 1115 1957 vatem
1142 1892 1442 1971 irriden8‚
1476 1895 1567 1958 sic
1597 1915 1749 1957 orsa
1778 1895 2056 1982 yicissim

441 1992 580 2057 Ore
610 1992 845 2056 refert:
868 1993 1155 2057 -Classes
1185 1995 1471 2058 invectas
1501 1993 1862 2077 Thybridis
1893 1995 2078 2060 alveo

432 2092 614 2169 Non,
649 2103 721 2156 ut
748 2115 916 2169 rere,
947 2115 1123 2159 meas
1155 2093 1388 2178 effugit
1414 2096 1681 2158 nuntius
1713 2115 1928 2158 aures·

432 2193 542 2257 Ne
574 2203 789 2257 tantos
820 2194 976 2258 mihi
1004 2194 1179 2278 finge
1210 2206 1457 2259 metus:
1504 2217 1624 2260 nec
1654 2197 1835 2279 regia
1863 2194 2043 2260 Juno

434 2293 776 2359 Immemor
804 2305 907 2361 est
934 2296 1163 2360 nostri.

260 2395 391 2459 440
435 2395 571 2460 Sed
600 2405 665 2459 te
697 2397 866 2461 victa
896 2398 1023 2460 situ
1054 2394 1575 2484 vertiq,9ffoeta
1607 2407 1932 2472 senectuS,

438 2495 503 2560 O
533 2506 758 2572 mater,
791 2497 963 2561 curis
994 2483 1433 2581 nequidquam
1463 2507 1751 2571 exercet,
1785 2506 1852 2559 et
1880 2517 2058 2559 arma

435 2595 697 2680 Regum
725 2598 893 2662 inter
922 2595 1087 2662 falsa
1114 2608 1327 2662 vatem
1352 2595 1693 2661 formidine
1722 2594 1910 2660 ludit.
2011 2599 2018 2606 “

438 2698 615 2762 Cura
644 2698 783 2774 tibi,
817 2697 1035 2762 divfim
1064 2699 1311 2783 effigies
1339 2709 1409 2762 et
1438 2695 1679 2782 templa
1709 2697 1914 2762 tueri:

437 2797 623 2863 Bella
650 2800 771 2863 viri
799 2821 1154 2884 pacemque
1184 2809 1437 2889 gerent,
1469 2801 1508 2840 ⁴³
1522 2800 1707 2883 queis
1735 2797 1908 2862 bella
1935 2799 2292 2882 gerenda.*

260 2903 393 2966 445
521 2900 797 2966 Talibus
828 2901 1085 2967 Allecto
1116 2903 1305 2968 dictis
1336 2904 1584 2994 exarsit
1613 2903 1678 2965 in
1707 2903 1860 2966 iras-

262 3105 450 3154 vinctas
481 3105 682 3153 haberet
712 3121 887 3154 comas.
940 3107 1187 3153 Junonem
1223 3115 1387 3154 autem

261 3169 439 3218 merito
469 3169 648 3234 posuit,
682 3169 863 3232 quippe
896 3185 1004 3231 quae
1044 3169 1201 3218 Turni
1240 3171 1387 3218 rebus

1518 3107 1790 3152 ‹uo—442.
1841 3105 1938 3154 Per
1971 3115 2272 3154 senectutem
2310 3102 2448 3153 vanis
2486 3119 2568 3152 ru-

1450 3169 1668 3218 moribus
1706 3169 1959 3232 captandis
1999 3169 2234 3232 indulges.
2293 3169 2451 3218 Docte
2489 3183 2568 3216 or-
2631 3167 2638 3174 ⁰

261 3233 439 3290 studet,
458 3242 528 3290 ,et
558 3235 697 3295 cuius
725 3233 876 3282 fuisse
924 3233 1159 3297 templum
1212 3233 1388 3281 Ardea
1450 3242 1568 3280 nata
1587 3249 1680 3280 res.
1732 3237 1948 3282 Senectus
1971 3243 2015 3282 ts
2035 3242 2213 3283 exerat
2231 3237 2356 3282 euri-t
2375 3235 2568 3295 nequid-

260 3306 467 3346 constat.

327 3361 601 3410 421—426.
635 3359 963 3422 Patierefusos
975 3361 1160 3417 Graece,
1175 3375 1280 3423 pro,
1296 3375 1381 3423 ps-

260 3425 385 3474 tiere
402 3417 599 3473 effundi.
657 3424 737 3473 De
755 3441 871 3474 voce
894 3428 1143 3474 transcribi
1158 3424 1257 3474 vid.
1275 3439 1383 3488 sup.

259 3505 307 3546 v,
334 3491 458 3545 7503
492 3490 540 3536 h.
565 3489 597 3537 1.
624 3489 875 3538 transferri
898 3489 967 3537 ait
988 3504 1193 3552 reg-num
1218 3488 1383 3536 Latini

258 3553 423 3602 dotale
443 3569 555 3601 cum
574 3553 779 3602 Lavinia
796 3553 859 3602 ad
880 3563 1086 3606 exteros.
1135 3556 1382 3616 Sanguine.

262 3619 395 3667 Nam
450 3633 507 3666 ro
528 3617 707 3666 Latino
740 3633 871 3681 soepe
898 3633 1089 3681 pugnas
1111 3617 1383 3682 suscepisse

257 3693 415 3746 putan
448 3697 509 3730 us
546 3691 633 3730 est.
713 3683 829 3744 Tege
872 3699 988 3743 pace
1032 3684 1235 3740 Latinos,
1276 3680 1380 3730 scil.

258 3745 524 3796 avertendo
546 3755 597 3794 et
615 3746 899 3810 repellendo
920 3747 1097 3794 hostes.

326 3811 600 3859 480—433.
635 3813 795 3858 Lam
814 3811 973 3874 poetis
998 3819 1075 3859 est
1094 3808 1255 3873 simpl.
1280 3809 1379 3857 sla-

1543 3313 1600 3352 m,
1625 3296 1842 3359 adeoque
1862 3298 1993 3346 cirris
2005 3299 2157 3355 vanis,
2178 3307 2229 3345 et
2243 3301 2364 3344 ludit
2387 3305 2430 3344 te
2438 3295 2571 3358 salsa

1434 3313 1688 3422 jour-:sidia
1703 3379 1720 3407 .-
1743 3359 1880 3408 addit
1911 3365 2033 3410 inter
2066 3379 2196 3410 arma
2217 3377 2374 3423 regum
2405 3369 2460 3408 ut
2481 3375 2568 3434 ap·

1447 3432 1619 3488 pareat
1639 3439 1734 3487 qua
1755 3439 1904 3488 super
1924 3440 1979 3473 re
2001 3441 2118 3474 cura
2137 3425 2222 3474 illa
2243 3433 2472 3486 suscepta
2491 3433 2568 3472 ut.

1450 3492 1664 3536 Senectus
1706 3498 1870 3536 autem
1913 3488 2058 3545 dicta,
2100 3493 2224 3536 victa
2274 3491 2382 3544 citu,
2428 3485 2572 3535 annis

1446 3551 1614 3610 stacta,
1635 3551 1882 3600 infirmato
1915 3567 2116 3625 corpore
2151 3560 2204 3598 et
2231 3550 2408 3608 animo,
2439 3549 2572 3598 unde

1446 3615 1501 3664 in
1541 3624 1728 3664 metum
1761 3615 1963 3681 pronior
1997 3615 2084 3662 11111
2118 3623 2236 3662 aetas
2277 3629 2384 3662 esse
2417 3613 2568 3669 soleta

1446 3684 1565 3729 citus
1585 3695 1676 3744 pro
1708 3679 1856 3792 longo
1889 3693 1996 3727 oevo
2029 3678 2284 3741 exquisite,
2307 3678 2570 3726 accedente

1447 3743 1742 3807 cogitatione
1819 3742 1984 3791 esidiae
2027 3753 2077 3791 et
2119 3742 2336 3792 inertiaez
2391 3745 2572 3803 verique

1448 3811 1616 3870 qffoeta,
1636 3808 1800 3872 paullo
1816 3807 2046 3856 audacius
2062 3808 2206 3865 dicta,
2225 3806 2306 3855 cui
2327 3805 2448 3854 nihil
2468 3805 2570 3854 veri

258 3891 357 3924 cer.
414 3877 624 3922 Flumine
642 3878 845 3937 pulchro,
877 3884 953 3923 est
984 3869 1277 3937 κάλλίῤῥοος,
1302 3887 1381 3922 οι·-
1440 3871 1616 3936 Judicii
1639 3873 1789 3930 adest,
1815 3872 1954 3921 vanis
1987 3871 2196 3930 inhians,
2229 3869 2491 3935 proclivior
2509 3869 2574 3917 ad

260 3939 1381 4066 &affssj‘ss‘ss‘z'zffmzffiuss‘keomm'xss

260 4083 390 4115 men.
447 4069 676 4130 Phrygios
692 4071 828 4116 duces
844 4076 891 4115 et
902 4072 1087 4116 cariam
1097 4082 1249 4124 exure,
1266 4076 1383 4115 nota

258 4131 455 4180 dicendi
477 4131 645 4180 forma.
702 4135 841 4180 Dicto
866 4149 1044 4194 parere,
1068 4147 1159 4196 pro
1180 4130 1383 4194 vulgari,

258 4196 501 4260 promisso
518 4205 649 4245 stare
670 4212 725 4245 se
746 4196 872 4245 velle
897 4197 1167 4260 profitetur.

324 4263 438 4308 43⁵.
480 4261 639 4308 Vatm
654 4261 812 4325 simpl.
838 4276 929 4325 pro
948 4259 1211 4308 sacerdote.
1269 4263 1387 4306 Orsa

258 4323 599 4437 pgoauvxlgarss
652 4325 809 4380 dicta:
866 4335 934 4383 ut,
988 4327 1099 4372 solio
1148 4327 1215 4370 sic
1258 4339 1387 4371 orm

260 4407 293 4437 a

1447 3937 1811 4002 amplectendos
1862 3937 2009 3986 falsos
2058 3951 2280 3985 rumores
2353 3950 2466 3983 uam
2509 3933 2574 3982 ad

1446 4017 1566 4051 vera
1586 4001 1896 4066 exploranda.
1951 4001 2022 4050 Ut
2036 3999 2259 4063 frugibus
2281 4014 2342 4046 ve
2377 3995 2574 4060 frugum

1446 4069 1626 4128 qffoetm
1647 4083 1772 4129 ager,
1795 4065 2025 4114 inhabilis
2045 4065 2192 4128 long-o
2213 4079 2306 4112 usu
2327 4072 2380 4110 et
2397 4077 2572 4137 parum

1450 4129 1654 4179 idoneus
1667 4131 1730 4178 ad
1741 4129 1966 4178 ferendas
2151 4147 2164 4184 ς
2189 4127 2386 4177 sicaetas
2397 4126 2570 4175 11111111-

1449 4193 1626 4243 habilis
1649 4194 1711 4241 ad
1724 4193 1986 4242 videndum
2001 4207 2184 4250 verum,
2205 4201 2258 4240 et
2275 4191 2338 4240 ad
2351 4206 2492 4239 veros
2506 4189 2566 4239 ti-

1450 4273 1612 4307 mores
1619 4257 1956 4319 dijudicandos
1963 4267 2014 4304 et
2027 4271 2056 4304 a
2071 4255 2205 4305 falsis
2213 4255 2570 4304 discernendos.

1516 4325 1627 4369 444.
1669 4324 1808 4373 Qumis
1843 4323 1962 4369 bella
1995 4324 2213 4384 gerenda.
2268 4321 2391 4368 Haec
2427 4321 2574 4369 verba

1452 4384 1769 4450 censent-viri
1789 4385 1921 4432 docti
1951 4401 2057 4434 esse
2079 4385 2412 4442 rescindenda,
2437 4393 2492 4433 ut
2513 4385 2573 4432 ab
