3050 4934
443 242 572 306 540

1333 237 1861 304 AENEIDOS

620 388 739 454 Nil
770 412 968 474 super
997 389 1268 473 imperio
1295 410 1587 452 moveor:

1637 387 2037 472 speravimus
2068 387 2216 461 ista,

620 490 802 555 Dum
830 490 1092 554 fortuna
1120 489 1276 553 fuit:
1325 490 1607 565 vincant,
1638 510 1802 573 quos
1831 489 2088 550 vincere
2119 489 2343 550 mavis.

623 592 694 654 Si
723 590 898 654 nulla
927 601 1030 656 est
1058 591 1239 673 regio
1271 588 1550 655 Teucris
1581 611 1774 673 quam
1804 587 1919 652 det
1948 599 2061 652 tua
2090 589 2331 672 conjux

490 693 576 757 45
620 691 844 770 Dura;
888 713 1008 775 per
1038 712 1308 767 eversae,
1339 692 1616 774 genitor,
1648 689 1961 753 fumantia
1986 686 2213 770 Trojae

622 793 902 857 Excidia
932 793 1262 868 obtestor3
1307 790 1499 856 liceat
1529 791 1851 855 dimittere
1882 791 1967 854 ab
1994 789 2187 853 armis

620 892 1012 959 Incolumem
1041 891 1418 968 Ascanium,
1448 890 1643 956 liceat
1672 911 2017 974 superesse
2046 899 2370 974 nepotem.

625 996 872 1059 AEneas
903 1015 1057 1057 sane
1086 994 1323 1077 ignotis
1345 993 1635 1076 jactetur
1664 993 1727 1057 in
1758 991 1987 1068 undis3

629 1096 745 1173 Et,
777 1117 1228 1180 quamcunque
1261 1094 1424 1157 viam
1455 1093 1712 1158 dederit
1743 1093 2027 1170 fortuna,
2062 1102 2403 1175 sequatur:

383 1211 392 1218 ’
493 1199 579 1262 50
623 1197 824 1261 Hunc
854 1208 1100 1280 tegere,
1135 1206 1202 1258 et
1233 1196 1392 1258 dirae
1421 1193 1667 1258 valeam
1698 1193 2065 1257 subducere
2096 1213 2355 1276 pugnae.

623 1299 752 1363 Est
783 1296 1131 1372 AmathuS,
1162 1306 1266 1359 est
1293 1294 1467 1360 celsa
1494 1295 1650 1358 mihi
1677 1292 1973 1377 Paphus,
2004 1302 2199 1376 atque
2230 1290 2540 1375 Cythera,

623 1398 976 1482 Idaliaeque
1008 1398 1274 1461 domus:
1321 1396 1551 1480 positis
1580 1395 1893 1479 inglorius
1924 1395 2117 1458 armis

624 1499 872 1584 Exigat
899 1499 1006 1563 hic
1038 1521 1264 1562 aevum.
1344 1497 1593 1580 Magna
1623 1497 1865 1560 ditione
1888 1496 2123 1580 jubeto

621 1599 954 1684 Carthago
987 1610 1240 1683 premat
1271 1598 1666 1662 Ausoniam:
1716 1595 1874 1660 nihil
1896 1596 2168 1660 urbibus
2199 1594 2349 1658 inde

495 1703 580 1767 55
627 1701 943 1766 Obstabit
973 1699 1215 1783 Tyriis.
1297 1699 1478 1771 Quid
1509 1709 1763 1782 pestem
1790 1697 2069 1762 evadere
2098 1694 2251 1760 belli

622 1802 667 1866 J
673 1803 830 1878 uvit,
863 1812 931 1866 et
962 1798 1307 1884 Argolicos
1335 1800 1621 1864 medium
1650 1799 1895 1882 fugisse
1926 1820 2047 1882 per
2074 1797 2283 1879 ignee,

1244 1967 1343 1982 και*

625 2001 808 2066 Dum
840 1995 1378 2066 Latium'Teucri
1409 2001 1819 2083 recidivaque
1853 1998 2175 2081 Pergama
2202 2001 2551 2080 quaerunt‘?

623 2104 781 2167 Non
815 2103 1041 2178 satim,
1075 2103 1324 2166 cineres
1355 2102 1585 2184 patriae
1614 2100 1931 2164 insedisse
1964 2119 2325 2182 supremos,

497 2205 584 2266 60
629 2201 852 2287 Atque
885 2200 1114 2277 solum,
1149 2223 1279 2284 quo
1309 2200 1517 2284 Troja
1545 2199 1711 2265 fuit?
1759 2197 2099 2264 Xanthum
2128 2209 2198 2263 et
2224 2197 2556 2264 Simoenta

629 2302 891 2378 Redde,
926 2323 1064 2378 or0‚
1094 2302 1385 2366 miseris:
1433 2302 1797 2384 iterumque
1826 2297 2155 2364 revolvere
2186 2321 2375 2363 casus

629 2403 762 2480 Da,
790 2413 1002 2488 pater,
1035 2401 1266 2467 Iliacos
1297 2401 1599 2466 TeucriS.

1678 2401 1855 2466 Tum
1881 2401 2065 2485 regia
2091 2400 2272 2463 Juno

629 2502 804 2568 Acta
832 2503 1052 2568 furore
1081 2505 1297 2587 gravi:
1349 2502 1531 2575 Quid
1561 2523 1663 2566 me
1694 2501 1827 2565 alta
1856 2501 2109 2566 silentia
2136 2502 2313 2583 cogis

629 2605 987 2688 Rumpere,
1013 2615 1082 2668 et
1109 2604 1466 2669 obductum
1497 2603 1711 2666 verbis
1738 2601 2004 2697 vulgare
2038 2599 2369 2665 dolorem?

521 2871 612 2982 42⁷
635 2871 780 2930 Super
799 2872 998 2930 imperio,
1014 2883 1045 2915 a
1062 2868 1187 2916 Jove
1205 2866 1456 2931 promisso,
1473 2882 1581 2931 sup.

459 2933 492 2988 i,
519 2933 580 2979 25
725 2965 737 2978 .

520 2997 598 3042 44.
635 2947 875 3048 gfiqnuum
909 3005 966 3043 ut
1002 2995 1035 3052 i,
1069 2997 1179 3052 233,
1217 2995 1394 3056 quibus
1431 2998 1579 3042 Cunc-

458 3065 532 3104 tas
555 3061 609 3104 ob
631 3059 822 3106 Italiam
844 3065 1072 3106 terrarum
1092 3061 1326 3106 clauditur
1346 3061 1483 3106 orbis.

522 3120 600 3170 47.
657 3123 907 3169 Ascanium
922 3139 938 3167 .·
985 3136 1050 3169 sc.
1085 3125 1162 3168 cai
1205 3137 1392 3184 regnam
1425 3124 1582 3170 Italia

457 3187 747 3246 Romnaque
777 3187 912 3259 tellau
932 3187 1199 3258 ‘debentur-.-
1233 3185 1298 3242 iv,
1324 3185 1434 3243 275,
1467 3192 1520 3233 et
1553 3201 1583 3233 a

457 3263 698 3360 quq-gertr:
718 3248 1222 3361 ΐιιὲιέῗεῗῃέἓαᾱῒηίωο
1253 3311 1306 3360 in
1342 3328 1402 3360 eo
1423 3321 1480 3360 ut
1499 3327 1579 3361 re·

457 3377 588 3425 diret
621 3391 685 3424 ex
723 3376 924 3425 Etruria
952 3375 1116 3425 Tiberi
1155 3377 1400 3424 devectus.
1471 3377 1584 3424 Hoc

461 3450 624 3488 tamen
659 3440 840 3504 respici
883 3455 982 3489 non
1025 3449 1158 3504 puto.
1230 3439 1328 3487 Sed
1372 3440 1488 3488 sede
1532 3440 1585 3487 in

466 3505 610 3553 Italia
631 3513 821 3568 neg-ata,
847 3503 1032 3553 ,iterum
1063 3502 1433 3552 conscendenda
1463 3503 1583 3552 fuis-

459 3578 536 3617 set
553 3569 724 3617 AEneae
741 3568 893 3626 navis,
919 3577 970 3616 et
987 3568 1248 3617 errandum
1263 3584 1355 3632 per
1365 3567 1587 3630 ignotum

462 3648 610 3681 mare.

525 3699 603 3743 50.
640 3696 907 3745 Ascanium
929 3697 1102 3745 saltem
1123 3695 1270 3744 liceat
1291 3704 1457 3758 tegere,
1475 3699 1583 3743 sub-

459 3763 656 3872 dags-g?
681 3757 893 3821 ὑπάγειν,
910 3759 1201 3822 ὑπεκφέρων.
1249 3759 1389 3807 Iliad.
1409 3768 1457 3817 λ,
1478 3759 1585 3817 163,

464 3843 502 3882 ‘5

525 3889 604 3946 51,
639 3890 716 3935 52.
754 3887 945 3950 Repete
977 3901 1125 3950 supra
1157 3885 1287 3935 dicta
1317 3885 1380 3935 ad
1419 3885 1501 3934 lib.
1552 3887 1585 3942 i,

460 3953 572 4010 680,
592 3953 701 4000 681.
749 3953 920 3998 Domus
939 3953 1106 3998 Idaliae
1123 3959 1280 4008 terrae,
1304 3951 1392 4006 τῆς
1410 3949 1583 3998 ’ἰδαλί-

460 4033 528 4065 ας.
589 4014 670 4064 Sic
693 4017 814 4063 lucos
841 4014 1008 4062 Idaliae
1037 4013 1240 4062 dixerat.
1295 4016 1466 4061 Domus
1495 4029 1589 4088 pro

457 4079 772 4136 habitatione,
797 4078 928 4126 sede.
987 4076 1232 4126 Dicuntur
1254 4085 1418 4124 autem
1439 4076 1509 4124 dii
1532 4092 1585 4125 a-

458 4157 593 4191 mare
609 4153 764 4192 terras
784 4158 880 4200 eas,
897 4141 1206 4204 frequentare
1225 4149 1276 4188 et
1297 4139 1585 4198 inhabitare,

460 4221 568 4266 quae
589 4206 710 4270 ipsis
731 4215 932 4255 sacratae
960 4215 1089 4264 sunt,
1113 4205 1166 4254 in
1198 4204 1374 4267 quibus
1405 4205 1591 4267 templa

465 4283 633 4317 eorum
655 4279 784 4318 sunt.

527 4333 605 4390 53,
627 4335 704 4380 54.
731 4333 954 4396 Respicit
968 4327 1107 4382 Jovifi
1124 4334 1271 4382 verba
1287 4333 1454 4396 paullo
1471 4341 1585 4380 ante

459 4412 504 4444 v.
535 4397 622 4442 12:
661 4395 718 4442 cf.
746 4397 859 4442 AEn.
884 4396 916 4452 i,
947 4397 1005 4444 19
1028 4412 1129 4458 sqq.
1189 4397 1352 4444 Verba
1373 4397 1434 4444 ad
1457 4395 1583 4444 invi-

2357 2694 2407 2708 ‘-

1649 2865 1781 2914 diam
1809 2865 2002 2928 gravia:
2039 2882 2209 2928 magna
2236 2868 2419 2921 ditione,
2447 2864 2639 2928 potenti
2680 2865 2769 2913 im-

1646 2929 1801 2993 perio,
1826 2937 1877 2976 et
1900 2937 2083 2990 premat
2110 2945 2201 2993 pro
2232 2937 2408 2978 teneat.
2464 2931 2605 2976 Nihil
2635 2932 2741 2978 inde
2755 2946 2771 2974 .-

1648 2994 1709 3042 ab
1744 2993 1971 3050 Ascanio,
2011 3003 2061 3041 et
2094 2995 2199 3055 ejus
2240 2991 2462 3057 posteris,
2500 2993 2637 3041 nulla
2668 3001 2773 3041 esto

1648 3072 1785 3105 mora
1802 3056 2005 3105 coloniae
2023 3057 2197 3118 Tyriae,
2218 3072 2314 3120 quo
2330 3056 2495 3106 minus
2510 3057 2771 3122 imperium

1650 3120 1809 3168 Italiae
1830 3130 2167 3182 consequatur.

1712 3185 1919 3232 58—62.
1948 3187 2170 3232 Recidiva
2188 3187 2429 3260 Pergama,
2450 3183 2769 3243 renascentia,

1646 3247 1898 3296 restituta:
1934 3248 1996 3295 cf.
2014 3248 2078 3306 iv,
2096 3250 2192 3296 344
2205 3268 2218 3305 ς
2253 3249 2335 3306 vii,
2358 3251 2466 3297 322.
2510 3249 2639 3297 Tota
2654 3263 2768 3298 con-

1646 3311 1801 3386 clusio
1822 3311 2069 3386 orationis,
2094 3327 2191 3374 qua
2216 3313 2493 3377 expostulat
2506 3313 2695 3370 Verum,
2718 3329 2769 3361 e-

1648 3391 1816 3438 gregia
1846 3384 1921 3424 est
1946 3390 1993 3422 vi
2024 3391 2081 3424 ao
2109 3391 2273 3434 nervo,
2305 3393 2403 3439 quo
2430 3385 2773 3439 argumentum

1650 3454 1740 3503 per
1762 3455 1815 3487 se
1836 3454 1985 3502 grave
2012 3449 2241 3502 potenter
2262 3441 2433 3489 vibrat.
2490 3442 2654 3496 Quam
2683 3459 2770 3490 πα-

1652 3505 1853 3560 θητικαῖς
1885 3506 2060 3552 cineres
2090 3508 2263 3566 patrie
2302 3508 2565 3552 memorat!
2618 3509 2774 3562 solun,

1652 3583 1739 3629 qao
1776 3567 1918 3627 Troja
1936 3566 2074 3628 suit.-
2110 3577 2165 3616 ut
2195 3568 2278 3616 lib.
2326 3568 2395 3626 iii,
2436 3570 2509 3615 11.
2578 3569 2777 3618 Scilicet

1650 3631 1910 3693 proestabat
1932 3631 2003 3678 sic
2026 3631 2078 3679 in
2101 3631 2236 3681 urbis
2256 3632 2359 3680 solo
2388 3641 2593 3694 aequatae
2620 3633 2777 3682 ruinis

1651 3694 1956 3743 remansisse.
2019 3695 2113 3744 Illa
2142 3711 2258 3744 vero
2290 3695 2591 3745 sublimiter-z
2628 3696 2779 3746 redde

1654 3757 1796 3806 nobis
1820 3759 2018 3821 Trojam
2040 3759 2315 3822 antiquam!
2350 3761 2614 3824 praestabat
2634 3761 2707 3810 sic
2728 3761 2780 3808 in

1653 3821 1843 3870 Troade
1871 3824 2179 3881 remansisse,
2208 3832 2259 3871 et
2282 3823 2461 3872 iterum
2486 3824 2687 3872 easdem
2712 3841 2779 3873 ιε-

1650 3901 1851 3934 rumnas
1874 3887 2117 3936 tolerasse.
2163 3889 2285 3935 Erat
2306 3887 2439 3934 enim
2460 3888 2781 3937 metuendum

1653 3949 1734 4008 ibi,
1748 3965 1810 3998 ne
1827 3949 1988 3999 denuo
2005 3951 2185 4000 Achivi
2201 3951 2507 3999 incursarent
2518 3951 2779 4008 Troadem,

1654 4023 1705 4062 et
1734 4013 1929 4063 easdem
1958 4013 2163 4077 injurias
2196 4014 2436 4063 inferrent
2467 4029 2590 4077 quas
2625 4015 2783 4064 'h'oes

1654 4084 1799 4126 antea
1818 4087 1959 4126 erant
1980 4079 2186 4142 experti.

1718 4141 1781 4189 63
1804 4157 1905 4205 sqq.
1944 4143 2005 4189 In
2022 4143 2243 4190 oratione
2258 4143 2349 4190 hac
2366 4141 2593 4200 Junonis,
2614 4142 2783 4190 nescio

1653 4205 2597 4318 2¹:1⁰⁰”ffi‘33’032‘23353ffi2ff5‘
2608 4221 2783 4317 ἔὲἷζζ

1650 4331 1797 4380 illud:
1862 4337 1976 4385 Quis
2012 4337 2173 4382 tulerit
2208 4335 2433 4382 Gracchos
2468 4337 2526 4382 de
2560 4336 2787 4382 aedicio-e

1652 4413 1816 4457 querere
1822 4405 1889 4445 tes
1906 4401 1929 4442 Ρ
