3050 4934
1194 275 1535 340 LIBER
1583 275 1672 339 X.

317 426 405 488 65
447 426 709 493 AEnean
739 429 1067 493 hominum
1098 430 1435 513 quisquam
1470 428 1816 511 divumque
1848 427 2108 510 subegit

404 564 407 567 ⁴
448 526 635 593 Bella
666 531 873 613 sequi,
906 541 1020 594 aut
1047 530 1304 594 hostem
1333 531 1473 613 regi
1506 551 1576 593 se
1604 528 1843 592 inferre
1877 528 2159 591 Latino?

448 628 697 693 Italiam
725 630 874 694 fatis
906 632 1092 715 petiit
1120 631 1532 707 auctoribus;
1579 638 1761 693 esto:

446 729 834 794 Cassandrae
862 730 1178 816 impulsus
1208 731 1417 795 furiis·

1493 730 1677 793 Num
1705 727 1999 812 linquere
2030 738 2250 792 castra

448 829 715 894 Hortati
748 854 991 908 sumne,
1023 842 1136 895 aut
1162 834 1357 894 vitam
1386 832 1782 894 committere
1809 826 2064 892 ventis?

316 929 403 993 70
446 930 627 994 Num
651 952 858 1014 puero
888 953 1199 995 summam
1227 930 1403 1007 belli,
1434 953 1589 993 num
1619 930 1890 993 credere
1917 933 2185 993 muros?

446 1029 937 1114 Tyrrhenamve
966 1031 1165 1095 fidem
1196 1042 1311 1095 aut
1339 1042 1570 1114 gentes
1601 1031 1860 1123 agitare·
1882 1032 2186 1119 quietas?

2083 1113 2206 1121 ----
2242 1106 2350 1119 ἢ

448 1130 616 1203 Quis
651 1133 812 1197 deus
843 1132 910 1194 in
939 1122 1257 1207 fraudem,
1290 1136 1437 1215 quae
1468 1131 1636 1194 dura
1663 1131 1957 1215 potentia
1987 1130 2218 1205 nostri,

451 1230 656 1314 Egit?
704 1231 837 1295 Ubi
866 1231 971 1296 hic
1000 1230 1201 1308 Jun0,
1236 1231 1596 1295 demissave
1627 1232 1912 1295 nubibus
1946 1230 2115 1293 Iris?
2307 1222 2316 1228 ’

450 1330 797 1415 Indignum
826 1342 949 1407 est,
982 1329 1181 1395 Italos
1211 1331 1481 1416 Trojam
1510 1332 1911 1395 circumdare
1943 1330 2214 1394 flammis

324 1430 411 1494 75
452 1432 877 1508 Nascentem,
910 1441 979 1496 et
1006 1434 1221 1515 patria
1247 1431 1550 1495 Turnum
1579 1434 1934 1496 consistere
1963 1442 2164 1508 terra,

451 1532 576 1597 Cui
608 1531 943 1596 Pilumnus
974 1554 1133 1595 avus
1141 1579 1158 1608 ,
1192 1533 1297 1595 cui
1328 1531 1477 1595 diva
1504 1530 1764 1595 Venilia
1791 1541 2035 1595 mater:

454 1632 661 1709 Quid,
691 1632 833 1697 face
856 1631 1183 1716 Trojanos
1216 1644 1359 1696 atra
1386 1634 1511 1695 vim
1542 1632 1712 1697 ferre
1747 1632 2048 1696 Latinis?

450 1732 633 1797 Arva
661 1731 869 1797 aliena
887 1734 1053 1815 jugo
1082 1755 1400 1817 premere,
1434 1744 1632 1817 atque
1662 1745 1959 1797 avertere
1987 1735 2248 1817 praedas
2266 1738 2295 1798 ’ἒ

456 1834 661 1911 Quid,
696 1856 954 1898 soceros
986 1833 1230 1917 legere,
1258 1845 1327 1898 et
1356 1834 1616 1918 gremiis
1649 1834 1976 1898 abducere
2007 1838 2282 1917 pactas?

322 1936 409 1999 80
452 1934 689 1999 Pacem
720 1956 905 1998 orare
934 1956 1151 2011 manu,
1182 1935 1527 2019 praefigere
1558 1935 1892 2019 puppibus
1923 1938 2142 1998 arma?

452 2035 565 2100 Tu
594 2046 783 2120 potes
814 2035 1077 2099 AEnean
1106 2037 1401 2099 manibus
1436 2036 1804 2099 subducere
1837 2034 2138 2112 Graifim,

453 2137 715 2220 Proque
746 2138 884 2200 viro
912 2135 1215 2200 nebulam
1245 2148 1313 2201 et
1342 2149 1570 2201 ventos
1603 2137 1960 2201 obtendere
1993 2138 2252 2214 inanes3

452 2237 548 2301 Et
574 2248 765 2322 potes
794 2238 861 2300 in
889 2237 1161 2300 totidem
1192 2235 1463 2301 classem
1492 2248 1870 2303 convertere
1901 2237 2286 2322 Nymphas:

452 2338 599 2402 Nos
630 2336 874 2421 aliquid
906 2336 1193 2401 Rutulos
1224 2348 1450 2400 contra
1468 2340 1744 2421 juvisse,
1773 2339 2126 2402 nefandum
2153 2343 2300 2403 est?

325 2440 412 2503 85
454 2439 701 2503 AEneas
730 2439 995 2521 ignarus
1028 2438 1250 2501 abest:
1298 2438 1562 2521 ignarus
1591 2449 1659 2501 et
1686 2438 1877 2501 absit.

459 2540 587 2602 Est
617 2537 913 2623 PaphuS,
948 2537 1353 2621 Idaliumque
1382 2538 1524 2613 tibi,
1559 2548 1713 2601 sunt
1740 2537 1874 2601 alta
1901 2537 2224 2621 Cythera:

456 2638 637 2711 Quid
667 2639 997 2722 gravidam
1028 2638 1215 2703 bellis
1244 2639 1475 2703 urbem
1504 2648 1572 2701 et
1603 2639 1804 2702 corda
1833 2661 2070 2723 aspera
2101 2650 2312 2703 tentas
2331 2644 2360 2703 ’ζ

347 2845 425 2901 67,
443 2844 518 2891 68.
551 2846 676 2891 Fata
688 2842 901 2905 maligue
914 2842 1265 2917 interpretatur
1276 2843 1307 2891 J
1311 2857 1410 2890 uno

285 2911 559 2956 Cassandra
580 2905 755 2969 furias,
788 2907 836 2953 h.
866 2906 1109 2963 vaticinia,
1145 2922 1253 2969 quaeg
1287 2906 1410 2954 adeo

282 2972 443 3036 primo
460 2970 677 3020 omnium
692 2970 801 3019 loco
822 2969 1032 3018 AEneam
1054 2970 1116 3017 ad
1134 2970 1231 3019 iter
1252 2970 1405 3019 susci-

283 3036 519 3101 piendum
539 3035 735 3097 adigere
759 3034 983 3083 debuere.

348 3101 427 3148 69.
484 3102 641 3147 Ventis
658 3118 674 3145 .·
720 3100 973 3161 ῥητορικῶς
1005 3099 1065 3146 de
1097 3098 1408 3161 navigatione

282 3164 338 3211 in
354 3162 537 3219 Tiberi,
556 3178 651 3224 qua
673 3162 956 3211 Evandrum
976 3173 1027 3209 et
1041 3162 1157 3210 inde
1174 3162 1409 3210 Etruscos

283 3226 429 3291 petiit
451 3227 647 3275 AEneas.
884 3226 895 3234 ⁶

351 3291 428 3341 71.
464 3294 662 3354 Agitur-e
683 3290 746 3338 ad
766 3298 1025 3351 utrumque
1048 3288 1245 3337 diverso
1266 3289 1405 3353 paul·

286 3355 389 3403 lum
418 3370 566 3403 sensu
594 3354 787 3402 retulit:
819 3362 982 3415 gentes
1006 3356 1189 3415 agitare
1218 3357 1409 3414 quietas,

284 3418 471 3467 excitas
489 3418 549 3466 ad
568 3418 683 3467 beni
700 3418 979 3466 societatem
996 3416 1263 3480 impellere,
1288 3419 1409 3479 Tyr-

286 3486 471 3530 rherum
490 3486 631 3543 fidem
730 3485 859 3538 ‘tar-e,
889 3496 1099 3537 movere,
1134 3479 1408 3538 sollicitare,

287 3547 567 3595 societatem
596 3554 646 3593 et
692 3546 832 3594 oedus
858 3545 1004 3602 ciere,
1028 3554 1285 3609 expetere3
1320 3558 1411 3608 pro

285 3610 489 3673 vissgari,
516 3624 803 3673 permovere
831 3608 1125 3672 Tyrrhenos,
1155 3620 1212 3656 ut
1240 3608 1411 3657 auxilii

286 3674 475 3722 ferendi
494 3689 640 3721 causa
652 3673 933 3721 societatem
950 3672 1131 3721 ineant.
1178 3676 1320 3720 Fides
1336 3681 1413 3720 est

284 3738 506 3794 societas,
517 3736 613 3785 fide
626 3736 915 3801 interposita
925 3736 1077 3784 facta:
1098 3736 1157 3784 cf.
1174 3737 1235 3784 ad
1248 3737 1315 3794 ix,
1332 3736 1407 3786 ⁷9.

352 3802 417 3853 74
444 3816 545 3863 sqq.
582 3804 827 3864 Indignum
856 3803 1122 3852 est—Quid
1134 3819 1152 3854 ,-
1194 3816 1310 3863 pro:
1358 3800 1411 3848 si

284 3864 543 3929 indignum
567 3873 667 3921 θοις
692 3880 755 3913 an
778 3864 941 3912 minua
962 3863 1233 3926 indignum,
1257 3879 1321 3912 an
1338 3872 1413 3912 to-

288 3928 537 3977 lerabilius
582 3933 689 3977 est?
746 3929 945 3990 Trojam,
978 3928 1175 3989 Trojam
1224 3943 1412 3986 novam,

288 4002 459 4041 eastra.

353 4054 561 4107 76—78.
597 4057 839 4103 Pilumms
855 4055 985 4103 inter
999 4057 1173 4105 heroes
1188 4072 1275 4105 seu
1298 4056 1416 4105 deos

291 4120 420 4168 Latii
436 4119 679 4182 indigetes
700 4120 807 4175 fuit,
826 4134 957 4167 nunc
980 4119 1109 4168 inter
1130 4120 1285 4168 Turni
1310 4136 1411 4168 ma-

282 4187 417 4246 jores
434 4183 655 4232 habitus:
700 4186 882 4231 Venilia
910 4198 973 4231 ex
1002 4184 1184 4231 deabus
1214 4183 1415 4232 marinis

290 4264 380 4296 seu
410 4247 641 4311 nymphis
674 4246 781 4305 fuit,
806 4247 919 4295 data
952 4262 981 4295 a
1015 4256 1173 4310 poeta,
1209 4248 1415 4295 aliorum

289 4312 415 4361 forte
448 4311 689 4374 exemplo,
729 4312 904 4359 Dauno
936 4310 989 4357 in
1036 4310 1412 4367 matrimonium,

292 4386 398 4423 orta
416 4392 444 4423 a
469 4375 709 4431 Pilumno,
729 4390 865 4423 soror
882 4375 1073 4423 Amatae
1091 4374 1269 4422 Latino
1291 4388 1414 4437 nup-

292 4450 367 4487 toe.
417 4439 537 4487 Vult
560 4450 723 4487 autem
744 4448 889 4501 pocta
912 4439 1172 4497 declarare,
1193 4438 1419 4487 Turnum

1474 2857 1582 2891 esse
1606 2842 1658 2890 in
1683 2842 1828 2890 Italia
1849 2852 2033 2900 natum,
2059 2851 2110 2889 et
2129 2842 2392 2891 defendere
2424 2852 2603 2892 terram

1473 2921 1613 2954 stiam
1658 2906 1890 2969 adversus
1933 2906 2146 2955 advenas
2192 2906 2326 2967 (lene
2367 2908 2596 2956 verbum:

1472 2974 1716 3019 consistere
1728 2969 1934 3033 delegit)
1951 2989 1962 3017 :
1999 2979 2182 3029 contra,
2198 2970 2435 3034 Trojtmos
2451 2972 2598 3021 adve-

1472 3049 1562 3083 nas
1597 3034 1778 3082 bellum
1821 3034 2048 3083 intulisse
2089 3034 2292 3083 Latinis.
2365 3039 2502 3093 Quid,
2539 3052 2602 3085 an

1473 3098 1638 3147 minus
1675 3097 1932 3161 indignum
1955 3101 2066 3147 est?
2103 3102 2228 3147 Am
2250 3098 2394 3161 sace.-
2435 3100 2487 3147 in
2510 3101 2602 3149 hoe

1474 3170 1524 3209 et
1543 3178 1644 3224 sqq.
1671 3172 1934 3225 exaggerat
1955 3163 2205 3212 notionem
2229 3163 2342 3213 belli
2365 3180 2455 3228 per
2475 3165 2598 3214 Tro·

1466 3228 1610 3287 Janos
1632 3226 1766 3284 moti,
1791 3226 1908 3274 dum
1929 3242 1987 3275 ea
2021 3228 2238 3277 cumulat
2257 3244 2365 3291 quae
2395 3230 2450 3276 in
2475 3229 2604 3277 bello

1472 3289 1584 3337 fieri
1613 3289 1788 3347 solent,
1810 3291 1902 3338 etsi
1932 3306 1962 3353 a
1988 3292 2216 3353 Trojanis
2246 3308 2304 3339 ea
2332 3292 2459 3340 facta
2493 3308 2600 3341 esse

1476 3352 1696 3401 nondum
1717 3361 1920 3401 constat.
1981 3356 2099 3402 Face
2121 3355 2285 3418 itaque
2311 3356 2526 3418 proprie.

1543 3416 1620 3466 79.
1667 3418 1857 3479 Legere,
1893 3416 2090 3480 eligere,
2125 3432 2330 3467 sumere.
2403 3422 2602 3467 Gremiis

1479 3495 1775 3537 socerorum,
1830 3481 2046 3543 adeoque
2135 3490 2372 3530 arentum.
2431 3485 2605 3530 Pactus

1476 3543 1612 3599 aliis3
1658 3543 1761 3591 scil.
1788 3544 2058 3593 Laviniam.
2160 3554 2268 3593 ecet
2300 3546 2490 3593 numeri
2513 3560 2599 3593 en·-

1476 3608 1633 3669 allage
1657 3608 1793 3666 iram,
1815 3617 1866 3656 et
1885 3609 2033 3656 habet
2053 3608 2168 3656 vim.

1543 3674 1618 3719 80.
1657 3672 1772 3719 Non
1813 3672 1987 3722 eadem
2019 3672 2104 3719 sed
2143 3672 2336 3720 diversa
2374 3682 2451 3721 est
2491 3688 2602 3722 sen-

1478 3736 1646 3784 tentia.
1705 3735 1786 3783 Ad
1815 3734 1972 3783 minas
2001 3751 2030 3783 a
2060 3735 2286 3798 Trojanis
2320 3736 2486 3795 factas,
2515 3739 2601 3785 ob·-

1476 3799 1636 3847 tinere
1652 3815 1706 3848 se
1725 3814 1868 3863 posse
1889 3800 1952 3856 vi,
1972 3800 2101 3862 quod
2118 3800 2346 3864 precibus
2364 3816 2462 3849 non
2485 3816 2600 3849 con-

1479 3864 1694 3921 cedatur,
1721 3873 1911 3927 spectat
1939 3864 2160 3923 alterum,
2180 3868 2419 3928 prefigere
2431 3869 2604 3927 puppi-

1482 3932 1564 3977 bus
1587 3945 1730 3976 arma.
2589 3967 2596 3973 .

1547 3994 1754 4041 81-83.
1784 3994 1853 4039 Tu
1870 4000 2002 4053 potes
2020 4011 2036 4039 .-
2069 3992 2131 4040 ad
2155 3990 2296 4040 Iliad.
2321 4010 2358 4050 ε,
2385 3994 2480 4039 815
2503 4008 2605 4055 sqq.

1481 4057 1644 4105 AEnea
1677 4054 1906 4104 Diomedi
1940 4066 2108 4120 erepto
2148 4064 2368 4120 spectat:
2422 4056 2608 4105 Veneri

1480 4119 1763 4184 imputatur,
1811 4120 1909 4167 uod
1921 4135 1950 4167 a
1966 4120 2200 4183 Neptuno
2214 4119 2265 4167 in
2281 4122 2385 4181 ejus
2402 4120 2608 4183 gratiam

1478 4184 1660 4232 sactum
1697 4184 1790 4232 Ilia
1823 4219 1836 4231 .
1875 4202 1914 4240 v,
1951 4186 2040 4233 321
2081 4200 2180 4245 sqq.
2239 4185 2418 4245 Proque
2447 4188 2611 4232 viro—-

1478 4256 1632 4295 ventos
1645 4252 1817 4303 inanes,
1835 4262 2016 4304 auram,
2031 4245 2159 4309 ἠέρα.
2206 4248 2473 4295 Convertere
2487 4250 2606 4297 claa-

1480 4327 1584 4358 eem.
1648 4310 1812 4358 Etiam
1849 4311 1940 4357 hoc
1963 4326 2052 4385 per
2087 4310 2228 4359 aliam
2261 4311 2401 4359 deam
2427 4312 2608 4361 factum

1485 4384 1604 4431 erat,
1625 4373 1780 4422 sedin
1802 4374 2011 4423 Veneris
2027 4374 2260 4437 gratiam:
2298 4391 2403 4438 sup.
2424 4375 2490 4433 ix,
2511 4379 2586 4424 82.

1552 4440 1628 4496 86,
1657 4438 1732 4489 87.
1783 4438 1852 4496 Si,
1888 4440 2014 4501 quod
2047 4438 2152 4502 ipsa
2190 4440 2372 4497 dixisti,
2411 4440 2500 4489 tibi
2537 4450 2610 4488 est
