3050 4934
1196 247 1536 312 LIBER
1583 247 1760 312 XII.
2507 241 2636 307 623

493 390 809 486 Adjuvat,
840 396 1099 459 incessu
1124 397 1321 460 tacito
1349 419 1763 482 progressae,
1795 408 1863 461 et
1891 419 2070 462 aram

319 493 449 555 220
494 493 891 579 Suppliciter
914 517 1231 561 venerans
1262 498 1546 563 demisso
1575 497 1836 576 lumine,
1870 499 2164 574 TurnuS,

490 595 957 681 Tabentesque
987 619 1196 681 genae,
1226 609 1295 663 et
1312 599 1604 683 juvenali
1630 601 1696 663 in
1727 621 2002 684 corpore
2034 597 2260 684 pallor.

493 696 709 769 Quem
740 697 927 762 simul
957 721 1033 763 ac
1063 698 1349 764 Juturna
1380 723 1566 766 soror
1594 702 2010 765 crebrescere
2041 702 2204 765 vidit

490 797 889 875 Sermonem,
921 811 989 864 et
1015 799 1192 883 vulgi
1220 802 1471 864 variare
1499 799 1786 866 labantia
1813 803 2050 879 corda3

490 897 567 962 In
596 901 841 964 medias
874 902 1071 977 acies,
1100 900 1369 964 formam
1400 901 1776 966 assimulata
1805 903 2126 979 Camerti3

315 999 444 1084 225
488 999 611 1064 Cui
640 1023 848 1084 genus
879 1024 917 1064 a
946 1003 1203 1085 proavis
1234 1003 1489 1084 ingenS,
1520 1001 1896 1087 clarumque
1925 1014 2217 1087 paternae

491 1101 753 1164 Nomen
779 1113 923 1166 erat
948 1103 1231 1180 virtutis,
1262 1113 1331 1166 et
1360 1103 1501 1186 ipse
1533 1104 1884 1168 acerrimus
1916 1104 2146 1181 armis3

488 1201 566 1265 In
596 1202 839 1267 medias
872 1203 987 1266 dat
1018 1225 1163 1267 sese
1192 1204 1389 1280 acies,
1418 1203 1598 1267 haud
1629 1205 1850 1268 nescia
1893 1227 2133 1283 rerum,

489 1302 946 1387 Rumoresque
979 1305 1137 1368 serit
1166 1305 1403 1380 varios,
1436 1325 1513 1368 ac
1543 1303 1698 1368 talia
1727 1303 1936 1370 fatur:

487 1401 645 1467 No'n
674 1404 903 1489 pudet,
936 1427 977 1468 o
1004 1403 1260 1481 Rutuli,
1290 1427 1412 1489 pro
1440 1407 1690 1470 cunctis
1720 1405 1958 1471 talibus
1987 1429 2177 1470 unam

316 1506 447 1569 230
491 1505 848 1589 Objectare
879 1505 1195 1570 animam?
1241 1528 1616 1584 numerone,
1647 1529 1732 1570 an
1761 1507 2006 1571 viribus
2037 1508 2207 1592 aequi

488 1607 647 1670 Non
676 1609 943 1671 sumus?
1012 1606 1142 1684 En,
1175 1629 1396 1672 omnes
1425 1617 1495 1672 et
1523 1607 1762 1685 TroeS,
1787 1620 1855 1673 et
1885 1606 2184 1674 Arcades
2212 1609 2282 1672 hi
2315 1619 2491 1687 sunt,

381 1708 411 1734 '⁵
489 1706 915 1792 *Fatalisque
944 1731 1197 1785 manus,
1226 1708 1480 1773 infensa
1511 1708 1780 1772 Etruria
1811 1709 2110 1773 Turno!

489 1807 626 1873 Vix
653 1808 932 1887 hostem,
964 1809 1195 1874 alterni
1228 1811 1281 1874 si
1311 1811 1830 1894 congrediamur,
1857 1809 2194 1875 habemuS.

489 1909 605 1974 Ille
634 1910 895 1994 quidem
924 1910 1011 1974 ad
1036 1931 1333 1996 superOS‚
1366 1933 1642 1995 quorum
1674 1933 1743 1975 se
1774 1913 2053 1980 devovet
2079 1915 2234 1988 aris,

314 2011 444 2074 235
490 2011 815 2076 Succedet
842 2012 1035 2089 fama,
1064 2014 1376 2097 vivusque
1406 2035 1527 2098 per
1558 2035 1672 2078 ora
1702 2012 1984 2078 feretur:

485 2111 657 2189 Nos,
688 2114 901 2197 patria
928 2114 1183 2190 amissa,
1217 2113 1489 2177 dominis
1520 2134 1753 2198 parere
1783 2114 2082 2198 superbis

489 2214 838 2298 Cogemur,
866 2215 978 2297 qui
1006 2236 1179 2278 nunc
1205 2214 1364 2279 lenti
1390 2215 1800 2280 consedimus
1832 2215 2022 2278 arvia.

486 2315 759 2380 Talibus
792 2317 1057 2380 incensa
1085 2326 1187 2380 est
1206 2315 1521 2399 juvenum
1550 2316 1870 2380 sententia
1897 2316 2113 2392 dictis,

486 2417 635 2481 Jam
664 2417 867 2501 magis
898 2427 1093 2501 atque
1126 2417 1365 2500 magis3
1412 2417 1746 2500 serpitque
1775 2437 1896 2498 per
1925 2417 2178 2499 agmina
2206 2439 2514 2483 murmur.

311 2518 443 2582 240
486 2517 623 2602 Ipsi
654 2517 1019 2582 Laurentes
1047 2519 1300 2594 mutati,
1330 2519 1585 2602 ipsique
1619 2515 1858 2579 Latini.

489 2619 625 2691 Qui
655 2619 776 2683 sibi
796 2621 933 2703 jam
962 2621 1251 2703 requiem
1278 2641 1521 2703 pugnae
1549 2618 1878 2701 rebusque
1911 2617 2184 2682 salutem

485 2721 876 2805 Sperabant,
908 2743 1078 2785 nunc
1108 2741 1285 2784 arma
1310 2719 1560 2796 volunt,
1592 2718 1942 2802 foedusque
1971 2729 2325 2802 precantur

485 2820 829 2898 Infectum,
859 2831 926 2885 et
954 2821 1167 2886 Turni
1196 2831 1437 2885 sortem
1463 2822 1854 2884 miserantur
1881 2821 2186 2903 iniquam.

486 2922 613 2987 His
642 2921 819 2988 aliud
850 2923 1056 3007 majus
1085 2921 1372 2986 «Iuturna
1400 2922 1722 3007 adjungit,
1755 2933 1824 2985 et
1854 2918 1988 2986 alto

314 3025 445 3088 246
489 3024 629 3089 Dat
658 3024 911 3109 signum
939 3021 1141 3101 coelo;
1188 3046 1318 3108 quo
1348 3046 1477 3088 non
1507 3023 1896 3108 praesentius
1928 3021 2126 3086 ullum

380 3279 477 3326 222
498 3292 601 3338 sqq.
636 3274 719 3324 sic
746 3291 775 3324 a
810 3275 877 3324 ud
901 3275 1189 3331 Homerum,
1228 3274 1367 3323 Iliad.
1392 3277 1435 3332 δ,
1500 3275 1802 3324 mentionem
1850 3275 2027 3323 facum
2077 3275 2397 3324 desiderabat.
2477 3279 2626 3326 Certe

311 3343 391 3401 86,
450 3339 703 3390 Pandarus
752 3292 993 3388 ffiinervae
1034 3338 1225 3387 monitu
1277 3339 1437 3386 foedus
1500 3338 1746 3386 sententia
1765 3339 2027 3412 commoda·
2041 3337 2260 3402 expediri
2281 3339 2366 3387 vix
2387 3349 2564 3404 potest.

314 3407 492 3456 turbat.
1567 3405 1675 3450 234.
1712 3403 1936 3466 Augusta
1959 3417 2030 3450 rei
2063 3402 2266 3467 species,
2289 3420 2488 3464 superos,
2513 3421 2624 3466 qao-

378 3471 491 3528 229,
529 3471 637 3518 2³0.
687 3469 751 3518 In
789 3467 983 3517 laudem
1021 3466 1205 3515 dictum
1244 3481 1309 3514 ne
1342 3465 1433 3514 du·
1500 3483 1602 3514 ran·
1623 3484 1670 3514 se
1693 3469 1876 3516 devovd
1899 3470 2030 3520 aris,-
2064 3465 2308 3515 sententia
2340 3477 2504 3515 tamen
2537 3469 2624 3517 ob·

310 3535 441 3584 bita:
476 3550 567 3599 pro
588 3534 681 3591 his,
714 3549 805 3598 pro
837 3531 1063 3582 omnibus
1086 3531 1163 3579 his
1184 3530 1303 3579 viris
1334 3531 1433 3578 for·
1500 3531 1700 3579 scm-ior.
1757 3534 1873 3578 Aris
1904 3533 2086 3578 dwrum
2117 3529 2316 3606 proprie
2343 3547 2393 3579 ee
2415 3534 2628 3580 devovere

312 3599 457 3656 tibus,
492 3599 575 3662 qui
608 3608 659 3647 et
688 3597 783 3661 ipsi
821 3611 1041 3661 pugnare
1072 3605 1314 3660 poterant,
1344 3611 1431 3643 au—
1499 3594 1681 3642 dicitur
1701 3595 1746 3642 is
1767 3595 1850 3657 qui
1883 3603 1968 3643 aut
2000 3594 2272 3643 sacerdotio
2299 3605 2628 3654 consecratur,

312 3681 435 3712 mero
454 3672 501 3712 et
522 3665 699 3711 viribus
718 3665 851 3724 aqui.
1500 3670 1588 3706 aut
1619 3657 1772 3707 sacris
1804 3658 2094 3722 templisque
2132 3658 2326 3708 tuendis
2351 3675 2420 3707 ,se
2452 3675 2624 3708 eonse-

378 3729 488 3776 232.
524 3729 706 3775 Fatalis
734 3743 907 3773 manas.
966 3725 1045 3772 De
1076 3723 1317 3785 Trojanis,
1351 3723 1435 3785 qui
1499 3731 1604 3771 ωε
1623 3739 1680 3771 ae
1697 3723 1919 3779 devovet,
1943 3722 2160 3786 adeoque
2179 3737 2270 3786 pro
2288 3723 2414 3772 aris:
2439 3735 2496 3774 ut
2516 3739 2626 3787 sup.

310 3791 523 3840 fataliter
559 3791 623 3839 ad
667 3789 863 3838 Italiam
900 3797 1151 3845 venerant,
1188 3786 1274 3836 vix
1309 3789 1434 3836 bene
1498 3785 1567 3845 xi,
1591 3789 1704 3844 440,
1738 3790 1862 3835 vobis
1893 3790 2090 3836 minan
2123 3791 2241 3836 hano
2267 3804 2504 3850 soceroque
2527 3790 2625 3837 La-

310 3871 423 3906 cum
464 3855 637 3904 Servio
682 3853 907 3918 accipias,
950 3861 1152 3917 propter
1192 3851 1433 3915 copulam,
1501 3854 1599 3900 tino
1635 3854 1839 3900 Βευοωο
1853 3870 1870 3898 .·
1918 3851 2054 3900 vobis
2094 3851 2302 3910 tuendis,
2472 3851 2628 3910 vobis,

310 3935 418 3984 quse
446 3919 538 3968 boc
574 3918 636 3966 ad
669 3919 905 3966 Etruscos
936 3925 1159 3972 revocat3
1200 3931 1321 3979 quos
1354 3916 1435 3964 vel
1533 3931 1590 3964 ro
1623 3925 1788 3964 vestra
1820 3916 1990 3964 salute.
2059 3916 2304 3964 Neutrum
2382 3916 2426 3964 'c
2463 3915 2628 3966 locum

310 3983 511 4033 omnino
544 3982 763 4048 epitheto
785 3983 877 4030 hoc
910 3981 1105 4030 ornavit
1128 3991 1184 4030 ut
1214 3982 1315 4029 sint
1346 3995 1432 4044 ag-
1627 3988 1661 4028 t.
1719 3979 1833 4029 Erit
1865 3979 1877 3992 ‘
1917 3980 2014 4028 'tur
2045 3984 2144 4029 aris
2175 3983 2358 4028 domn
2391 3979 2628 4038 absolute,

310 4063 423 4098 men
456 4047 631 4106 dirum,
668 4056 865 4104 tetrum,
898 4045 1120 4102 exitiale3
1157 4044 1236 4095 vel
1268 4054 1324 4094 ut
1354 4045 1433 4093 in·
1498 4061 1591 4110 pro
1623 4049 1673 4094 ia
1695 4049 1808 4102 aris,
1839 3995 2069 4100 :faran
2105 4043 2313 4094 devovet
2341 4043 2426 4094 ine
2459 4059 2528 4102 se,
2550 4044 2626 4094 vi·-

308 4112 501 4176 telligas
544 4111 657 4160 fatis
700 4109 915 4160 debitam
957 4125 1169 4168 manum,
1212 4118 1269 4158 ut
1308 4108 1435 4172 satis
1500 4119 1601 4158 mm
1642 4125 1796 4168 suam,
1847 4108 2008 4167 morti,
2052 4124 2144 4173 pro
2187 4108 2393 4166 Latinis,
2443 4109 2628 4158 foedere

307 4179 493 4225 debitus
520 4179 717 4233 Arruns,
748 4175 817 4232 xi,
849 4175 960 4225 759.
1018 4172 1204 4238 Iasona
1234 4189 1437 4238 propter
1498 4175 1628 4223 facto
1649 4175 1712 4224 ad
1745 4189 1854 4222 aras
1875 4174 2104 4222 deorum:
2143 4189 2196 4222 re
2229 4173 2364 4222 omni
2395 4173 2448 4222 in
2471 4175 2628 4236 majus

308 4251 563 4304 receptum
602 4255 631 4288 a
671 4240 841 4288 Turno
879 4238 1073 4302 hospite
1114 4237 1433 4296 Mezentium,
1500 4249 1657 4287 aucta.

310 4305 411 4364 viii,
434 4307 533 4355 492
558 4320 628 4368 sq.
686 4305 785 4352 Sed
816 4313 975 4352 totum
1006 4315 1201 4350 versum
1234 4317 1433 4366 suspec-
1567 4304 1678 4350 2³8.
1711 4306 1934 4351 lamam
1966 4306 2206 4361 sententia,
2234 4312 2291 4351 ut
2322 4302 2502 4364 γνόμη,
2535 4319 2627 4368 pro

308 4383 415 4418 tum
456 4369 629 4418 haberi
668 4383 869 4417 necesse
914 4379 1017 4424 αις
1073 4381 1219 4430 quem
1260 4365 1435 4429 aliquis
1501 4366 1680 4415 animo.

307 4433 573 4496 subjunxit,
628 4433 713 4495 qui
766 4433 1085 4482 Etruscorum
1140 4431 1434 4480 auxiliorum
1567 4433 1664 4480 244
1685 4447 1786 4494 sqq.
1827 4431 1886 4478 In
1909 4430 1986 4478 his
2008 4430 2266 4479 manifesta
2287 4430 2494 4494 vestigia
2515 4431 2624 4478 Ho-
