3050 4934
1114 270 1453 338 LIBER
1499 271 1726 336 VIII.

2463 269 2593 334 487

443 415 769 483 Effisltum
798 417 968 482 foliis
998 418 1065 484 et
1096 420 1266 505 pelle
1302 422 1663 505 Libystidis
1693 443 1886 486 ursae.

436 519 595 583 Nox
626 521 779 597 ruit,
812 531 881 585 et
911 520 1111 586 fuscis
1145 521 1439 586 tellurem
1469 521 1883 608 amplectitur
1909 523 2047 586 alis.

263 619 395 683 370
524 619 621 684 At
650 619 878 685 Venus
908 621 1087 686 haud
1118 624 1329 687 animo
1360 624 1804 708 nequidquam
1835 624 2152 686 exterrita
2179 633 2409 699 mater,

440 719 971 807 Laurentumque
1002 725 1187 788 minis
1220 736 1287 788 et
1317 726 1485 788 duro
1514 736 1692 788 mota
1722 723 2024 800 tumultu,

437 821 803 886 Vulcanum
833 824 1203 908 alloquitur,
1234 823 1648 908 thalamoque
1679 823 1822 887 haec
1852 825 2146 908 conjugis
2177 847 2378 889 aureo

442 921 703 1006 Incipit,
735 936 804 987 et
833 926 1022 988 dictis
1057 927 1343 989 divinum
1371 925 1667 1008 adspirat
1697 947 2008 988 amorem:

443 1023 625 1087 Dum
652 1024 825 1089 bello
856 1023 1149 1109 Argolici
1179 1027 1523 1090 vastabant
1556 1026 1878 1110 Pergama
1905 1048 2096 1109 reges

270 1123 399 1186 375
444 1123 693 1188 Debita
723 1147 1119 1210 casurasque
1148 1127 1417 1192 inimicis
1448 1128 1709 1210 ignibus
1740 1149 1961 1204 arces;

445 1224 603 1289 Non
634 1224 833 1290 ullum
862 1226 1173 1291 auxilium
1200 1229 1475 1304 miseris,
1506 1251 1638 1291 non
1667 1250 1846 1292 arma
1874 1231 2098 1311 rogavi

445 1322 628 1389 Artis
662 1328 935 1411 opisque
968 1339 1137 1405 tuoe3
1184 1350 1305 1392 nec
1338 1340 1425 1405 te,
1452 1330 1784 1394 carissime
1816 1330 2079 1413 conjux,

444 1425 858 1492 Incassumve
890 1439 1039 1492 tuos
1070 1428 1245 1493 volui
1272 1451 1582 1494 exercere
1614 1429 1904 1494 labores:

440 1526 753 1599 Quamvis
784 1539 853 1592 et
885 1528 1125 1593 Priami
1157 1531 1465 1594 deberem
1493 1530 1772 1613 plurima
1801 1532 1994 1606 natiS,

268 1626 399 1689 380
446 1627 537 1690 Et
568 1629 804 1692 durum
834 1628 1071 1692 AEneae
1100 1629 1423 1694 flevissem
1455 1654 1631 1714 saepe
1664 1630 1975 1696 laborem.

442 1727 640 1793 Nunc
669 1728 715 1791 J
718 1730 853 1792 ovis
881 1731 1166 1813 imperiis
1200 1731 1598 1795 Rutulorum
1630 1734 1921 1796 constitit
1949 1735 2100 1797 oriS.

450 1829 635 1913 Ergo
666 1831 897 1894 eadem
924 1831 1206 1916 supplex
1236 1833 1449 1909 venio,
1482 1843 1551 1896 et
1579 1844 1872 1897 sanctum
1901 1834 2057 1898 mihi
2087 1857 2322 1898 numen

447 1928 653 1994 Arma
681 1951 867 2015 rogo,
900 1934 1202 2015 genetrix
1233 1943 1409 1997 nat0.

1488 1933 1592 1998 Te
1623 1934 1756 1998 filia
1786 1934 2017 2012 Nerei,

446 2031 549 2096 Te
580 2035 796 2116 potuit
824 2032 1101 2097 lacrimis
1134 2033 1451 2098 Tithonia
1480 2034 1744 2098 flectere
1776 2037 2038 2120 conjux.

273 2133 403 2196 385
448 2133 765 2217 Adspice,
796 2136 909 2217 qui
936 2145 1169 2198 coeant
1198 2135 1450 2219 populi,
1483 2159 1632 2220 quae
1661 2139 1900 2200 moenia
1927 2136 2164 2201 clausis

446 2234 722 2299 Ferrum
750 2247 987 2300 acuant
1015 2238 1223 2319 portis
1254 2238 1320 2300 in
1348 2259 1451 2301 me
1481 2238 1938 2321 excidiumque
1967 2261 2278 2302 meorum.

454 2335 776 2414 Dixerat3
823 2346 891 2399 et
920 2338 1121 2400 niveis
1154 2337 1305 2400 hinc
1335 2348 1532 2420 atque
1564 2337 1716 2402 hinc
1747 2340 1895 2403 diva
1923 2338 2182 2404 lacertis

455 2435 885 2501 Cunctantem
914 2436 1217 2522 amplexu
1244 2437 1419 2501 molli
1448 2437 1648 2501 fovet.
1725 2438 1840 2502 Ille
1871 2451 2142 2522 repente

445 2535 725 2620 Accepit
754 2537 1005 2601 solitam
1036 2537 1393 2614 fiammam3
1440 2549 1769 2622 notusque
1801 2539 2116 2603 medullas

275 2639 405 2703 390
449 2638 721 2703 Intravit
753 2637 949 2715 calor,
982 2649 1049 2702 et
1078 2638 1402 2703 labefacta
1430 2661 1552 2722 per
1578 2661 1730 2703 ossa
1761 2641 2076 2704 cucurrit:

450 2739 608 2802 Non
640 2761 828 2802 secus
859 2750 1055 2822 atque
1086 2737 1258 2815 olim,
1292 2741 1540 2803 tonitru
1572 2763 1772 2823 quum
1803 2751 1998 2824 rupta
2027 2762 2300 2806 corusco

450 2841 654 2925 Ignea
684 2841 844 2902 rima
874 2841 1115 2904 micans
1148 2841 1472 2924 percurrit
1500 2839 1742 2904 lumine
1773 2841 2048 2904 nimbos.
2247 2823 2258 2838 ’

280 3090 457 3156 odyss.
482 3093 521 3151 ξ,
546 3091 625 3137 48.
679 3091 861 3138 AEnean
898 3093 1123 3152 ingentem
1147 3089 1272 3137 alius
1294 3089 1404 3136 red·-

1476 3092 1602 3136 bn‘ta:
1638 3098 1802 3152 potest
1839 3105 1902 3136 ex
1935 3105 2036 3164 sqq.
2075 3093 2274 3138 inimicis
2307 3093 2492 3153 ignibus
2513 3092 2597 3141 ad-

282 3155 489 3203 didisset
520 3157 624 3217 per,
658 3153 892 3201 inclinato
924 3153 1083 3216 capite
1117 3154 1407 3200 subeuntem
1466 3153 1638 3216 ,iungis
1683 3153 1830 3216 idque
1869 3154 2056 3202 melius.
2115 3154 2343 3203 Servius:
2375 3154 2599 3217 fataliter

278 3229 514 3282 angustas
536 3218 677 3266 fores.
728 3217 805 3264 De
832 3219 1071 3279 Libystide
1094 3233 1205 3264 ursa
1224 3216 1321 3264 vid.
1346 3216 1409 3263 ad
1472 3221 1538 3264 ad
1570 3221 1760 3265 exitium
1794 3221 2040 3266 destinata.
2092 3218 2238 3267 Latet
2263 3234 2380 3267 vero
2413 3221 2466 3268 in
2507 3222 2598 3269 hoc

282 3284 366 3332 lib.
392 3300 438 3341 v,
466 3281 542 3334 37.

350 3347 446 3398 370
468 3363 570 3410 sqq.
606 3345 705 3402 Qui
728 3345 949 3408 sequitur
968 3344 1119 3400 locus,
1146 3359 1255 3392 meo
1270 3343 1403 3406 judi-

282 3413 376 3470 cio,
400 3411 519 3460 artis
542 3410 697 3474 magis
714 3425 859 3472 quam
882 3408 1067 3471 ingenii
1100 3408 1295 3457 laudem
1318 3409 1403 3457 ha·-

284 3479 382 3524 bet.
442 3475 605 3523 Nimis
627 3473 884 3523 manifesta
904 3472 1191 3522 imitationis
1216 3473 1403 3521 Home-

284 3540 401 3588 ricae
416 3548 531 3588 sunt
544 3538 765 3602 vestigia.
812 3537 1038 3586 Thetidis
1054 3537 1117 3586 ad
1132 3537 1407 3584 Vulcanum

286 3619 522 3661 accessus,
540 3611 599 3650 ut
613 3601 797 3651 Achilli
816 3617 951 3650 arma
972 3610 1176 3664 peteret,
1198 3601 1339 3649 Iliad.
1363 3619 1410 3659 σ,

286 3667 442 3716 multo
460 3669 693 3728 majorem
713 3667 863 3714 habet
883 3665 1189 3722 suavitatem,
1211 3681 1273 3713 ex
1292 3665 1409 3714 sim-

318 3731 501 3780 licitate
524 3731 698 3796 prisca!
720 3729 837 3778 vitae
870 3730 939 3778 ibi
974 3729 1284 3778 adumbrata:
1320 3731 1407 3777 ha-

350 3805 371 3843 t
391 3796 539 3844 etiam
562 3811 757 3844 causam
790 3795 947 3843 multo
977 3793 1131 3856 magis
1153 3793 1407 3850 idoneam3

285 3859 515 3908 amiserat
530 3859 662 3908 enim
682 3858 901 3908 Achilles
918 3873 1053 3906 arma
1082 3858 1301 3906 Patroclo
1322 3857 1407 3905 de-

285 3933 455 3972 tracta.
514 3924 716 3972 Utinam
749 3923 1050 3989 praecederet
1071 3922 1243 3970 saltem
1266 3922 1402 3970 locus

288 3988 516 4052 egregius
554 3987 637 4036 lib.
674 3987 761 4044 xii,
800 3989 861 4037 87
902 4003 1004 4050 sqq.
1042 3987 1104 4035 de
1138 3986 1413 4050 insignibus

288 4051 439 4101 armis
460 4052 645 4100 Turni:
682 4052 761 4100 his
782 4061 841 4100 ut
856 4051 1025 4100 divina
1040 4067 1175 4100 arma
1191 4065 1409 4116 oppone·-

287 4127 475 4172 rentur,
499 4126 607 4164 erat
622 4117 751 4178 quod
774 4117 1077 4180 expectaban-

216 4187 223 4193 '
352 4180 627 4232 373—379.
663 4183 819 4229 Dictis
834 4183 1039 4228 divinum
1057 4183 1271 4242 adspirat
1288 4197 1410 4228 amo-

283 4262 381 4294 rm
395 4264 413 4300 ,-
456 4245 595 4294 addit
624 4245 719 4303 τὴν
750 4241 908 4307 χάριν,
942 4243 1002 4291 τὸ
1043 4243 1335 4305 θελκτήριον,
1360 4254 1417 4292 ut

290 4309 557 4358 delinirent
592 4311 739 4358 verba
776 4309 1065 4356 Vulcanum.
1135 4307 1279 4362 Quod
1314 4308 1411 4356 Lu-

288 4374 443 4422 cretio
482 4383 559 4422 est
596 4373 648 4422 in
692 4371 841 4421 simili
873 4373 981 4421 loco
1018 4372 1327 4420 dulcissimo:
1364 4381 1415 4419 eu

286 4456 448 4488 suaves
467 4455 524 4486 es·
546 4455 622 4486 ore
646 4440 845 4500 loquelas
854 4435 1019 4498 funde,
1044 4436 1127 4484 lib.
1153 4437 1185 4492 i,
1200 4439 1279 4483 40.
1318 4439 1411 4484 De-

1472 3295 1620 3329 causa
1657 3297 1746 3329 cur
1781 3282 2056 3331 Vulcanum
2133 3282 2326 3332 recibus
2361 3293 2464 3332 tum
2501 3301 2600 3332 non

1470 3344 1763 3456 il'a'ttiggverit.
1834 3349 1978 3395 Natis
1993 3365 2012 3400 ,·
2045 3363 2099 3394 so
2119 3347 2190 3394 ito
2215 3363 2350 3396 more
2373 3363 2463 3410 pro
2485 3365 2600 3406 uno,

1516 3423 1590 3456 an
1625 3425 1666 3456 e.

1540 3475 1812 3521 381—383.
1849 3477 2122 3522 Rutulam»
2157 3478 2286 3528 orie,-
2327 3490 2419 3537 pro
2460 3475 2596 3523 Lati-

1473 3537 1566 3593 nis,
1603 3553 1632 3584 a
1665 3538 1848 3600 populo
1879 3537 2102 3585 finitimo.
2161 3540 2228 3584 Et
2265 3538 2364 3598 (te)
2397 3546 2604 3586 sanctum

1476 3605 1591 3648 mihi
1630 3617 1794 3648 numen
1831 3603 1978 3648 Arma
2017 3617 2124 3662 rogo
2139 3619 2156 3652 ‚·
2191 3615 2289 3648 non
2329 3619 2356 3648 ο
2394 3609 2602 3650 sanctum

1478 3681 1640 3713 numen
1653 3683 1670 3718 ,-
1704 3665 1790 3712 sed
1812 3672 1859 3711 et
1879 3681 1988 3727 rogo
2007 3681 2170 3712 numen
2189 3673 2316 3714 tunm
2337 3668 2450 3712 mihi
2467 3683 2598 3714 sanc-

1478 3737 1574 3778 tum
1607 3745 1754 3786 ama,
1786 3729 1833 3776 h.
1859 3737 1930 3784 τες
1966 3729 2054 3776 scd
2097 3729 2348 3778 blandiore
2383 3730 2603 3778 oratione

1478 3793 1632 3851 effert,
1653 3801 1718 3851 te,
1755 3793 1878 3841 mihi
1915 3807 2110 3858 semper
2145 3793 2492 3852 venerandum,
2529 3794 2598 3843 nl-

1476 3860 1618 3906 δαῖον.

1544 3921 1654 3972 387.
1689 3925 1854 3970 Niveis
1889 3926 2106 3976 lacertis.-
2149 3922 2330 3986 quippe
2367 3923 2458 3970 dea
2489 3931 2600 3972 λευ-

1478 3987 1700 4036 κόλενος.

1545 4053 1655 4100 390.
1691 4049 1948 4112 Labefacto
1961 4067 2048 4113 per
2067 4067 2168 4099 ossa
2183 4069 2200 4104 ,-
2235 4050 2288 4098 in
2305 4051 2480 4112 quibus
2497 4067 2600 4100 me-

1478 4114 1613 4163 dulla
1635 4114 1906 4177 liquefacta,
1931 4115 2102 4172 soluta,
2127 4123 2383 4163 consumta
2403 4125 2492 4164 est.

1547 4181 1656 4236 391,
1701 4181 1810 4227 392.
1855 4179 2093 4227 Proeclare
2139 4178 2384 4227 flammam
2423 4181 2602 4230 amoris

1477 4253 1820 4308 penetrantem
1861 4243 2096 4290 medullas
2134 4242 2318 4290 ossium
2357 4255 2607 4308 comparat

1480 4323 1594 4356 cum
1617 4307 1808 4369 fulgure
1824 4307 1902 4355 vel
1923 4306 2134 4369 fulgetro
2157 4307 2286 4355 inter
2305 4317 2434 4358 atras
2451 4311 2606 4358 nubes

1482 4381 1695 4428 errante,
1713 4379 1869 4420 tractu
1887 4387 1942 4419 ac
1961 4372 2097 4420 sulco
2121 4371 2270 4429 tenui,
2287 4387 2430 4434 quem
2445 4379 2606 4422 rimam

1482 4441 1662 4499 igneam
1697 4443 1878 4497 ruptam
1903 4436 2124 4500 (proprie
2159 4437 2314 4484 nubes
2349 4439 2605 4502 rumpitur,
