3050 4934
486 243 609 332 154

1301 251 1975 321 GEORGICON

481 417 610 482 460
655 413 792 480 Ima
819 411 1013 476 ferire
1042 409 1230 494 pedis
1265 406 1599 472 salientem
1632 404 1945 488 sanguine
1976 423 2205 466 venam
2225 393 2252 464 τ’

655 513 922 581 Bisaltae
951 533 1086 602 quo
1111 531 1292 574 more
1323 508 1557 586 solent,
1590 527 1871 590 acerque
1902 502 2224 580 Gelonus,

653 617 878 690 Quum
905 613 1073 700 fugit
1103 614 1168 676 in
1199 611 1601 694 Rhodopen,
1632 619 1830 692 atque
1860 608 1927 670 in
1958 607 2222 671 deserta
2250 601 2596 676 Getarum,

653 719 748 782 Et
775 717 874 781 lac
905 724 1280 780 concretum
1309 735 1456 777 cum
1487 710 1802 794 sanguine
1834 717 2019 792 potat
2047 707 2307 790 equino.

740 817 959 890 Quam
989 813 1218 899 procul
1247 824 1364 877 aut
1391 811 1566 876 molli
1596 811 1948 875 succedere
1982 808 2220 892 saepius
2249 807 2499 870 umbroe

485 922 614 986 465
659 919 949 994 Videris,
981 927 1096 980 aut
1127 937 1405 979 summas
1437 924 1811 998 carpentem
1839 911 2133 994 ignavius
2161 908 2426 983 herbas,

659 1021 1172 1101 Extremumque
1206 1017 1413 1100 sequi,
1447 1025 1561 1079 aut
1590 1014 1805 1078 medio
1832 1011 2261 1097 procumbere
2292 1028 2522 1091 campo

655 1121 1066 1196 Pascentem,
1099 1128 1166 1182 et
1199 1139 1363 1181 serae
1393 1114 1595 1180 solam
1626 1113 1948 1179 decedere
1976 1107 2219 1188 nocti3'

657 1222 984 1288 Continuo
1014 1215 1270 1303 culpam
1299 1217 1478 1282 ferro
1507 1237 1871 1300 compesce,
1902 1213 2086 1298 prius
2116 1233 2312 1296 quam

657 1325 827 1388 Dira
853 1344 975 1408 per
1002 1321 1338 1416 incautum.
1365 1327 1633 1402 serpant
1662 1315 1965 1398 contagia
1994 1312 2249 1396 vulgus.

486 1426 618 1491 470
659 1424 819 1490 Non
849 1435 980 1488 tam
1009 1422 1262 1498 creber,
1295 1440 1497 1503 agens
1524 1417 1825 1493 hiemem,
1857 1416 1989 1478 ruit
2019 1434 2283 1498 aequore
2310 1413 2531 1488 turbo,

657 1527 876 1600 Quam
904 1523 1123 1588 multae
1151 1521 1480 1608 pecudum
1508 1529 1754 1604 pesteS.
1830 1516 1979 1581 Nec
2012 1514 2265 1600 singula
2292 1513 2502 1578 morbi

655 1627 953 1710 Corpora
981 1623 1374 1707 corripiunt3
1423 1620 1543 1685 sed
1573 1629 1713 1683 tota
1740 1619 1966 1682 aestiva
1994 1627 2291 1702 repente,

657 1729 988 1818 Spemque
1011 1745 1407 1812 gregemque
1433 1721 1646 1799 simul,
1678 1731 2105 1804 cunctamque
2128 1720 2215 1783 ab
2245 1717 2493 1803 origine
2515 1727 2807 1801 gentem.
2869 1724 2877 1733 '

653 1829 831 1896 Tum
863 1829 1047 1904 sciat,
1078 1827 1287 1891 aerias
1317 1823 1526 1909 Alpes
1557 1834 1624 1888 et
1650 1822 1899 1888 Norica
1926 1823 1980 1886 si
2008 1822 2155 1906 quis

485 1933 616 1998 475
661 1928 949 1995 Castella
977 1929 1044 1992 in
1073 1926 1359 2002 tumulis,
1391 1935 1462 1990 et
1491 1924 1757 2008 Iapydis
1788 1945 1945 1988 arva
1974 1923 2253 2000 Timavi,

657 2031 859 2100 Nunc
889 2049 1152 2114 quoque
1176 2037 1330 2112 post
1357 2037 1543 2090 tanto
1572 2025 1813 2102 videat,
1844 2025 2237 2109 desertaque
2266 2021 2471 2109 regna

661 2133 1036 2207 Pastorum,
1067 2140 1137 2194 et
1163 2127 1357 2213 longe
1389 2126 1593 2192 saltus
1621 2125 1885 2210 lateque
1916 2137 2241 2191 vacantes.
2460 2191 2473 2210 ‚

746 2234 879 2300 Hic
909 2231 1238 2317 quondam
1263 2230 1493 2293 morbo
1524 2227 1673 2292 coeli
1700 2227 2069 2291 miseranda
2092 2237 2318 2292 coorta
2346 2239 2449 2291 est

659 2337 1079 2426 Tempestas,
1113 2343 1383 2414 totoque
1413 2329 1745 2394 auctumni
1770 2329 2105 2393 incanduit
2133 2339 2323 2406 aestu,

487 2441 619 2506 480
665 2439 758 2504 Et
785 2458 994 2532 genus
1025 2455 1213 2499 omne
1245 2433 1389 2498 neci
1417 2431 1745 2517 pecudum
1774 2430 1981 2508 dedit,
2010 2451 2196 2495 omne
2226 2429 2546 2508 ferarum3

659 2538 1102 2623 Col-rupitque
1131 2534 1338 2612 lacus,
1368 2531 1595 2598 infecit
1621 2531 1865 2617 pabula
1892 2533 2069 2596 tabo.

549 2769 824 2818 461-463.
866 2769 1078 2822 Bam,
1101 2765 1331 2821 Thraces,
1365 2763 1437 2812 cis
1469 2763 1585 2827 Stry

485 2849 680 2884 monem
723 2833 774 2881 in
819 2829 1124 2880 Macedonia
1163 2828 1262 2878 oris
1305 2829 1607 2884 habitantem

484 2899 568 2947 alii
592 2898 739 2948 exiis
763 2896 910 2945 etiam
931 2894 1062 2943 ultra
1082 2894 1403 2968 Strymonem.
1463 2897 1613 2945 Qum

469 2961 621 3027 fagit,
646 2962 751 3011 sive
774 2959 1008 3025 expulsus
1029 2972 1060 3006 a
1081 2957 1256 3006 vicinis
1287 2957 1495 3021 populis,
1519 2971 1609 3004 seu

483 3027 643 3091 simpl.
667 3025 858 3137 migrat,
891 3034 942 3072 et
973 3039 1004 3070 a
1036 3022 1340 3085 Borysthene
1373 3021 1487 3084 inde
1517 3037 1610 3085 per

481 3093 721 3139 Getarum
776 3097 949 3145 eserni,
983 3085 1055 3134 cis
1085 3093 1136 3134 et
1167 3084 1297 3133 ultra
1320 3085 1436 3134 Istri
1467 3084 1608 3143 ostia,

482 3153 736 3202 descendit
767 3153 820 3201 in
852 3149 1112 3200 Thraciam
1141 3159 1193 3198 et
1223 3149 1285 3197 ad
1318 3146 1607 3214 Rhodopen.

485 3217 651 3266 Laetis
672 3216 836 3280 equini
861 3231 978 3265 usus
1007 3214 1060 3262 in
1090 3213 1169 3262 his
1188 3213 1392 3276 aliisque
1413 3214 1611 3279 populis

487 3291 634 3330 notus
655 3291 743 3330 est.

547 3345 820 3394 464—468.
879 3344 958 3391 De
1000 3343 1082 3390 lue
1125 3343 1381 3408 pecudum.
1459 3343 1613 3406 Signa

480 3409 672 3490 pecoris
695 3407 817 3458 febri
851 3406 1102 3472 pestilenti
1131 3407 1306 3456 tentati
1336 3415 1604 3484 enumerat.

481 3475 822 3604 &tamt-
843 3472 1068 3612 „¹33¹aess
1087 3479 1339 3612 sam
1361 3471 1610 3612 ’sanz

1071 3615 1156 3649 ca:
1190 3608 1262 3648 ita
1289 3607 1426 3664 gratu
1451 3610 1502 3648 et
1525 3615 1610 3662 Ju-

481 3611 728 3668 permutat
758 3601 913 3651 oratio

1043 3664 1218 3723 dulcia,
1252 3664 1398 3724 lenia,
1430 3663 1608 3714 monia.

483 3667 645 3719 cunda
674 3675 792 3716 sunt
822 3665 934 3715 blan

485 3735 609 3780 Sera
641 3733 856 3779 decedere
887 3734 1020 3788 noeti,
1055 3739 1112 3777 ut
1143 3729 1247 3777 Ecl.
1277 3729 1379 3787 viii,
1405 3731 1482 3787 88,
1517 3743 1604 3778 ex—

483 3795 710 3859 quisitius
733 3809 788 3842 ac
809 3809 914 3842 ma
933 3801 1059 3841 nocte
1074 3813 1092 3847 ,-
1125 3801 1183 3841 ut
1209 3791 1490 3841 adventanti
1523 3803 1610 3842 aut

483 3857 735 3910 accedenti
777 3857 840 3905 de
883 3856 962 3905 via
1004 3856 1297 3905 decedimus.
1385 3859 1607 3905 Gentium

482 3927 664 3987 culpam
694 3937 931 3984 emperor,
965 3921 1012 3968 h.
1045 3919 1210 3969 statim
1243 3920 1422 3969 occide.
1493 3924 1606 3970 Cut-

479 4005 603 4110 m,
644 3988 693 4036 h.
734 3999 930 4035 causam
969 3985 1139 4042 morbi,
1179 3984 1376 4045 malum,
1415 3983 1606 4045 vitium,

577 4070 616 4100 ν.

679 4053 928 4114 Compesce,
951 4063 1134 4108 coerce,
1157 4063 1222 4098 ne
1243 4049 1389 4100 latius
1409 4059 1605 4116 serpat:

468 4113 617 4176 sem,
641 4115 750 4178 itm
770 4131 864 4180 Ῥω

863 4113 974 4162 udis
994 4113 1140 4162 caede.

463 4199 470 4209 =
547 4178 822 4230 470—478.
879 4178 1136 4227 Infirmum
1175 4191 1326 4243 pecus
1367 4187 1418 4227 et
1457 4177 1607 4228 variis

482 4243 665 4291 morbis
695 4241 962 4291 obnoxium
990 4257 1142 4307 pecus
1169 4243 1384 4291 ovillum.
1455 4245 1609 4292 Turbo

481 4323 622 4370 agens
643 4309 843 4364 hiemen,
867 4307 1116 4370 procellas,
1141 4305 1350 4364 imbrem
1385 4323 1483 4356 non
1507 4317 1607 4356 tam

480 4375 652 4429 creber,
681 4372 867 4428 crebro,
889 4374 1000 4430 ruit,
1021 4371 1068 4419 h.
1093 4381 1193 4419 non
1223 4380 1324 4420 tam
1360 4372 1518 4421 crebri
1551 4387 1607 4420 ac

481 4437 761 4500 frequentes
799 4433 1018 4483 turbines
1053 4435 1106 4482 in
1147 4436 1268 4483 mari
1305 4435 1605 4485 exoriunmr.

1584 2789 1607 2800 -
1676 2765 1851 2823 Pestes,
1872 2763 2043 2814 morbi.
2102 2765 2302 2822 AEctiva,
2322 2773 2379 2812 ut
2399 2780 2443 2813 v.
2468 2765 2533 2812 64
2548 2767 2806 2826 pecuaria,-

1674 2843 1767 2892 pro
1796 2827 2039 2904 gregipus.
2108 2831 2324 2892 Spemque
2341 2844 2624 2893 erese-⁸5⁸⁶,
2648 2843 2806 2892 ΨΟ·

1676 2907 1789 2942 cum
1810 2893 2059 2943 matribus.

1738 2957 1850 3007 474.
1904 2959 2017 3006 Tum
2058 2962 2179 3006 sciat
2222 2957 2411 3022 aliquis,
2452 2957 2633 3006 morbis
2668 2965 2803 3006 totos

1672 3037 1847 3085 greges
1885 3021 2055 3087 abripi.
2124 3022 2356 3085 Sequitur
2394 3021 2530 3071 locus
2562 3021 2625 3070 de
2656 3031 2803 3086 peste

1673 3086 1970 3134 auctumnali
2002 3095 2333 3136 armentorum
2355 3101 2411 3135 ac
2430 3101 2489 3149 gr
2666 3086 2801 3136 cele—

1673 3149 1929 3199 berrimus.
2015 3151 2256 3216 Respexit
2296 3151 2428 3200 haud
2465 3149 2612 3198 dubie
2652 3159 2807 3216 poeta

1672 3213 1885 3277 aliquam
1924 3215 2263 3274 calamitatem,
2300 3225 2405 3264 tum
2443 3215 2639 3278 quidem
2680 3215 2805 3264 satis

1673 3287 1853 3338 notam,
1876 3295 1986 3342 quae
2006 3289 2120 3329 ante
2142 3280 2339 3344 aliquod
2370 3289 2564 3344 tempus
2584 3279 2804 3329 maxime

1674 3343 1915 3392 afflixerat
1951 3345 2202 3402 Noricum,
2242 3345 2288 3393 h.
2328 3353 2483 3393 terras
2514 3359 2635 3407 quas
2668 3359 2806 3393 ntmc

1673 3406 1981 3472 episcopatus
2008 3409 2361 3472 Salzburgicus,
2386 3421 2562 3482 magna
2584 3408 2806 3458 Austrioe

1672 3473 2236 3601 {Qfflffifflaess
2266 3472 2535 3602 cperpeffl‘fflss'
2558 3483 2806 3586 „33:23ss

1677 3598 1907 3665 epitheto.
2038 3617 2045 3624 ·

1740 3664 2013 3716 475—477.
2070 3668 2249 3715 Norica
2289 3669 2481 3714 catello
2522 3669 2572 3714 in
2612 3669 2807 3716 tumulis

1672 3743 1772 3777 non
1792 3745 1899 3779 esse
1918 3739 2127 3794 possunt
2148 3731 2258 3778 loca
2278 3731 2479 3788 munita,
2502 3745 2618 3780 nam
2639 3730 2807 3794 agitur

1672 3793 1735 3842 de
1755 3795 1998 3858 greg-ibus,
2022 3795 2112 3843 sed
2130 3795 2455 3844 habitationes
2474 3795 2529 3843 in
2550 3793 2673 3844 locis
2694 3792 2803 3843 edi-

1674 3857 1751 3917 tis,
1776 3859 1993 3934 adeoque
2023 3859 2165 3916 vinae,
2188 3857 2285 3908 vici
2317 3859 2371 3908 in
2393 3859 2653 3908 montibus.
2718 3861 2803 3908 ss—

1675 3939 1865 3982 mavum,
1909 3939 1962 3972 m
2010 3924 2313 3972 Venetorum
2364 3923 2463 3974 oris
2506 3923 2726 3982 fluvium,
2773 3939 2807 3974 ι

1672 3986 1849 4037 vicinis
1882 3990 2150 4051 Iapydibue,
2186 3987 2371 4052 Illyrici
2402 3987 2599 4053 populo,
2624 3987 2799 4052 appel-

1672 4051 1806 4100 lavit.
2062 4061 2313 4116 pastorum,
2337 4067 2494 4116 agros,
2519 4061 2691 4101 notum
2722 4052 2801 4100 vel

1674 4131 1739 4166 ex
1760 4117 1866 4166 Ecl.
1898 4118 1931 4177 i,
1988 4119 2033 4165 0.
2090 4119 2203 4166 Post
2235 4125 2377 4175 emto,
2410 4124 2547 4166 tanto
2577 4125 2804 4180 tempore

1674 4190 1808 4245 post;
1845 4181 1950 4230 Ecl.
1975 4181 2007 4239 i,
2030 4184 2107 4240 30,
2138 4184 2269 4256 longo
2292 4189 2399 4246 post
2431 4189 2643 4244 ten-pore.
2701 4181 2803 4230 Pro

1672 4245 1875 4294 saltibus
1896 4256 1948 4295 et
1968 4246 2163 4310 pascuis
2184 4245 2311 4294 dixit
2331 4255 2501 4294 ornate
2523 4243 2719 4294 casuue
2750 4249 2805 4294 ἰιι

1674 4313 1875 4368 tumus,
1898 4327 2025 4368 arva,
2048 4327 2203 4374 regna,
2227 4313 2386 4360 muts.

1738 4374 2009 4434 4378—481.
2056 4377 2219 4423 Morbo
2248 4377 2367 4432 coeln',
2396 4372 2517 4423 vitio
2546 4372 2703 4422 aeds:
2740 4373 2808 4421 cf.

1676 4437 1789 4486 AEn.
1822 4437 1892 4496 iii,
1922 4437 2026 4494 137,
2067 4439 2171 4488 188.
2232 4441 2492 4501 Temnos
2524 4439 2571 4486 h.
2604 4437 2639 4486 l.
2666 4433 2807 4487 'tem-
