3050 4934
1140 266 1482 334 LIBER
1527 268 1615 333 V.

2403 268 2531 331 367

206 417 336 483 345
380 416 701 502 Adjuvat,
729 426 800 483 et
823 440 1060 503 magna
1085 418 1444 504 proclamat
1471 442 1629 485 voce
1659 418 1923 497 Diores,

379 519 518 592 Qui
545 519 746 584 subiit
773 518 1029 604 palmae,
1061 519 1434 605 frustraque
1463 521 1549 585 ad
1576 523 1844 606 praemia
1872 521 2047 586 venit
2101 538 2110 546 “

380 620 649 697 Ultima,
679 620 734 685 si
765 621 954 705 primi
985 620 1160 686 Salio
1188 623 1557 687 redduntur
1585 623 1891 687 honores·

384 720 560 785 Tum
591 732 782 805 pater
808 722 1086 799 AEneas,
1121 723 1386 801 Vestra,
1417 725 1649 808 inquit,
1681 746 1950 790 munera
1978 726 2161 789 vobis

384 822 584 887 Certa
612 834 896 900 manent,
929 824 1152 907 pueri;
1196 834 1264 889 et
1293 824 1573 909 palmam
1598 836 1814 890 movet
1842 827 2069 891 ordine
2100 848 2327 891 nemo:

205 926 336 989 350
381 924 500 989 Me
529 924 724 989 liceat
752 947 944 989 casus
974 926 1267 990 miserari
1298 928 1573 991 insontis
1604 929 1809 992 amici.

379 1026 492 1090 Sic
521 1025 718 1102 fatue,
752 1036 1010 1111 tergum
1036 1026 1284 1091 Gaetuli
1311 1029 1586 1091 immane
1617 1025 1821 1093 leonis

379 1127 522 1191 Dat
553 1125 755 1203 Salio,
788 1126 952 1191 villis
984 1140 1553 1213 onerosum,atque
1584 1130 1913 1212 unguibus
1944 1131 2183 1194 aureis.

381 1227 516 1291 Hic
543 1228 776 1304 Nisae,
809 1227 882 1291 Si
911 1238 1116 1305 tanta,
1147 1228 1378 1312 inquit,
1413 1239 1566 1293 sunt
1594 1230 1860 1313 praemia
1888 1231 2097 1308 victis,
2179 1290 2188 1301 .

385 1328 480 1393 Et
507 1340 573 1393 te
603 1326 936 1413 lapsorum
963 1329 1262 1407 miseret3
1307 1352 1456 1414 quae
1483 1351 1753 1395 munera
1782 1330 1954 1396 Niso

208 1430 338 1495 3⁵5
382 1430 606 1513 Digna
631 1429 842 1506 dabis,
873 1430 1146 1513 primam
1173 1432 1380 1495 merui
1408 1432 1520 1516 qui
1552 1430 1746 1497 laude
1778 1454 2115 1511 coronam3

383 1530 480 1595 Ni
508 1552 634 1607 me,
667 1552 814 1614 quae
845 1528 1113 1608 Salium,
1147 1531 1408 1597 fortuna
1433 1533 1687 1597 inimica
1718 1533 2011 1600 tulisset?

381 1632 476 1697 Et
505 1631 689 1697 simul
718 1632 822 1697 his
842 1633 1032 1697 dictis
1063 1631 1292 1699 faciem
1323 1636 1719 1712 ostentabat,
1750 1648 1818 1700 et
1845 1637 1981 1701 udo

385 1733 644 1818 Turpia
667 1734 958 1798 membra
985 1733 1161 1799 fimo.
1235 1734 1414 1799 Risit
1442 1746 1633 1820 pater
1665 1738 1946 1820 optimus
1978 1736 2110 1815 olli,

383 1835 477 1900 Et
506 1835 783 1921 clipeum
811 1834 1032 1901 efferri
1051 1836 1277 1921 jussit,
1309 1836 1739 1921 Didymaonis
1772 1850 1972 1916 arteS,

209 1938 344 2001 360
385 1936 686 2023 Neptuni
715 1959 903 2003 sacro
934 1937 1184 2002 Danais
1217 1938 1300 2003 de
1331 1948 1521 2023 poste
1553 1938 1865 2004 refixum:

383 2042 535 2106 Hoc
555 2042 863 2127 juvenem
891 2044 1228 2127 egregium
1256 2044 1598 2129 praestanti
1626 2066 1895 2109 munere
1925 2045 2149 2109 donat.

470 2143 655 2221 Post,
683 2145 799 2208 ubi
829 2143 1108 2209 confecti
1137 2166 1395 2222 cursus,
1427 2155 1496 2209 et
1523 2146 1697 2209 dona
1728 2146 2017 2230 peregit:

380 2244 604 2321 Nunc,
636 2246 692 2309 si
715 2246 820 2309 cui
851 2245 1077 2323 virtus,
1108 2248 1488 2330 animusque
1517 2246 1585 2311 in
1614 2256 1881 2331 pectore
1910 2269 2227 2332 praesenS,

381 2344 607 2423 Adsit,
639 2357 708 2409 et
737 2346 1006 2410 evinctis
1036 2345 1290 2410 attollat
1320 2346 1588 2411 brachia
1616 2346 1864 2430 palmis.
1921 2420 1937 2434 ⁶

205 2450 338 2514 365
383 2446 493 2512 Sic
523 2447 634 2525 ait,
665 2458 735 2512 et
760 2447 1086 2531 geminum
1115 2470 1356 2532 pugnae
1383 2448 1691 2532 proponit
1716 2447 2064 2513 honorem:

387 2548 642 2614 Victori
671 2547 954 2613 velatum
981 2571 1142 2613 auro
1173 2550 1477 2633 vittisque
1499 2550 1886 2633 juvencum3

383 2650 654 2727 Ensem,
687 2662 884 2734 atque
913 2651 1229 2733 insignem
1259 2649 1532 2734 galeam,
1568 2647 1797 2713 solatia
1826 2651 2016 2714 victo·

381 2752 532 2818 Nec
561 2774 774 2829 mora3
823 2753 1131 2816 continuo
1155 2754 1354 2817 vastis
1387 2774 1533 2817 cum
1564 2751 1807 2815 viribus
1838 2750 2031 2816 effert

381 2854 526 2920 Ora
556 2853 796 2931 Dares,
827 2875 1194 2938 magnoque
1221 2852 1430 2917 virum
1459 2874 1531 2916 se
1560 2874 1888 2916 murmure
1917 2851 2121 2917 tollit:
2154 2872 2175 2883 ’

209 2958 342 3021 370
369 2955 580 3021 Solus
610 2956 722 3040 qui
753 2955 1060 3020 Paridem
1089 2953 1317 3020 solitus
1347 2954 1743 3024 contendere
1774 2966 2036 3032 contra3

275 3148 387 3195 ³45.
433 3144 650 3207 Adiuvat
683 3145 952 3209 Euryalum
987 3146 1186 3208 ejusque
1222 3160 1336 3193 cau-

210 3226 330 3267 eam,
349 3220 402 3258 et
415 3210 594 3259 clamat
617 3210 810 3267 Diores,
829 3209 981 3273 quiin
999 3208 1216 3258 victorine
1238 3218 1337 3258 ter-

209 3275 334 3325 tium
359 3290 492 3323 nunc
513 3274 674 3323 locum
695 3283 1007 3332 successerat,
1022 3283 1086 3332 et,
1111 3274 1152 3322 si
1177 3274 1338 3323 Salius

211 3340 370 3389 victor
387 3338 711 3396 renuntiatur,
735 3339 913 3387 iterum
937 3354 996 3387 ea
1018 3337 1292 3387 excidisset.

275 3406 374 3453 348
421 3418 524 3467 sqq.
573 3402 800 3451 Delectat
833 3402 952 3451 mite
989 3403 1162 3451 AEneae
1191 3403 1330 3466 inge·

209 3468 362 3526 nium,
387 3466 468 3517 vel
491 3468 536 3515 E
627 3467 693 3515 ali
713 3476 954 3531 respectu.
999 3467 1266 3515 Praeiverat
1286 3475 1338 3515 et

209 3533 290 3582 hic
319 3483 742 3581 Homermurlliad.
775 3536 824 3592 ψ,
849 3534 944 3579 538
977 3548 1078 3595 sqq.
1111 3534 1336 3589 Palmam,

208 3597 432 3647 debitum
475 3595 650 3659 cuique
701 3595 872 3644 ordine
926 3611 1017 3644 suo
1067 3597 1338 3660 premium.

208 3663 436 3711 Obeem
459 3660 606 3708 etiam
627 3660 820 3724 copiam
843 3659 1097 3709 dictionis:
1133 3678 1338 3717 munera,

203 3730 416 3807 premia,
435 3728 612 3787 palma,
636 3742 814 3781 corona,
837 3728 1038 3783 honores,
1066 3728 1199 3783 dona,
1227 3742 1338 3787 pro-

209 3808 360 3839 nuta.

276 3856 391 3913 355,
417 3855 529 3903 356.
565 3856 741 3911 Laude,
759 3853 807 3901 h.
833 3868 875 3901 e.
897 3852 1079 3901 virtute
1101 3852 1154 3901 in
1175 3868 1336 3901 cursu.

209 3922 280 3968 Ni
331 3936 404 3969 ne
417 3918 684 3981 —somma
740 3920 935 3975 tulisset,
985 3932 1064 3965 me
1109 3933 1138 3965 a
1180 3916 1342 3981 primo

209 3982 418 4049 premio
456 3982 751 4039 abstulisset,
787 3982 1083 4040 abduxieset,
1123 3980 1337 4045 exquisi-

209 4049 310 4098 tius
347 4064 498 4111 quam
528 4047 744 4111 vulgare,
779 4046 831 4095 ni
861 4046 1056 4095 fortuna
1086 4046 1207 4095 mihi
1242 4044 1338 4095 eri-

210 4112 404 4178 puis-et
421 4111 692 4177 premium.

273 4180 388 4235 ³59.
415 4178 528 4225 360.
563 4176 765 4241 Clipea·
782 4176 844 4223 ab
869 4175 1072 4233 artifice,
1095 4174 1179 4238 qui
1209 4174 1338 4233 fecit,

207 4241 596 4299 commendatur,
611 4250 664 4289 et
677 4255 708 4287 a
723 4240 830 4289 loco
846 4255 942 4302 quo
957 4240 1118 4289 fuerat
1133 4255 1338 4305 suspen-

207 4322 306 4363 em,
339 4308 396 4355 in
436 4304 660 4369 Neptuni
695 4304 878 4369 templo
911 4318 1002 4368 pro
1037 4303 1252 4361 donario,
1291 4314 1343 4351 et

209 4372 338 4434 quod
359 4387 388 4421 e
413 4368 660 4419 manubiis
681 4378 800 4418 erat.

273 4436 373 4483 ³62
405 4450 510 4499 sqq.
555 4434 720 4483 Etiam
742 4433 874 4497 apud
907 4432 1183 4483 Homerum
1215 4448 1338 4493 ntr-

1402 3144 1561 3207 μαχία
1576 3144 1645 3203 fit,
1661 3144 1801 3194 Iliad.
1821 3150 1870 3208 ψ,
1884 3146 2155 3196 561-699.
2182 3145 2401 3196 Certavit
2414 3164 2527 3197 cum

1401 3220 1657 3321 poetarum
1676 3220 1815 3274 patre
1840 3209 2076 3274 Virgilius
2098 3211 2245 3260 etiam
2271 3210 2324 3259 in
2354 3213 2523 3277 singu-

1419 3272 1477 3331 is,
1506 3274 1651 3321 modo
1676 3274 1911 3323 varietate
1942 3276 2085 3325 modo
2116 3286 2327 3343 ornatu„
2362 3278 2528 3327 Poetoe

1401 3337 1619 3387 studium
1662 3338 1714 3387 in
1759 3339 1977 3387 oratione
2016 3340 2247 3389 varianda
2288 3357 2527 3404 cognosce

1401 3402 1549 3450 etiam
1579 3402 1634 3450 in
1666 3400 1763 3460 illo,
1788 3404 1917 3465 quod
1946 3405 2108 3453 dicere
2144 3404 2301 3453 noluit
2335 3404 2529 3468 conjecta·

1402 3483 1575 3523 curm,
1599 3475 1646 3514 et
1666 3470 1785 3515 dona
1800 3477 2009 3529 peracta.

1471 3532 1743 3582 363—367.
1794 3536 1989 3580 Anima
2017 3548 2219 3593 praesens
2254 3531 2451 3605 proprie
2474 3532 2527 3581 in

1406 3594 1705 3651 discrimine,
1745 3595 1827 3658 qui
1861 3595 1969 3643 sine
2002 3596 2380 3659 perturbatione,
2405 3610 2525 3657 quo-

1405 3659 1551 3706 modo
1572 3658 1791 3723 periculo
1812 3668 2045 3715 occurrat,
2066 3668 2149 3706 aut
2170 3658 2360 3707 hostem
2378 3660 2525 3709 susti-
2630 3704 2637 3713 .

1406 3732 1534 3780 neat,
1575 3722 1720 3772 videt.
1788 3722 1951 3771 Debet
1988 3721 2137 3785 igitur
2174 3738 2289 3771 mox
2328 3724 2530 3773 omnino

1405 3787 1565 3835 dictus
1589 3802 1695 3835 esse
1716 3802 1809 3850 pro
1836 3786 1988 3845 fortis,
2012 3796 2069 3835 ut
2098 3788 2143 3835 h.
2176 3786 2209 3835 1.
2242 3786 2369 3836 adsit
2401 3788 2444 3835 is
2477 3797 2530 3837 et

1405 3861 1543 3900 cestu
1576 3860 1791 3916 pugnet:
1828 3862 1879 3899 at
1913 3867 2057 3914 quam
2092 3856 2287 3900 ornate!
2339 3855 2530 3901 em'nctie

1399 3918 1585 3978 palmis,
1633 3924 1797 3973 cestu3
1849 3920 2049 3973 attollat,
2101 3926 2155 3964 ut
2204 3914 2375 3979 ἀείρειν
2426 3932 2529 3965 voc.

1409 3996 1574 4046 propr.
1600 3982 1690 4029 hac
1710 3980 1761 4029 in
1781 3996 1847 4029 re.
1876 3983 2097 4037 Velocem,
2117 3990 2356 4029 ornatum.
2403 3985 2533 4030 Auro

1405 4050 1620 4108 vittisque
1638 4062 1725 4095 seu
1740 4045 1861 4094 vitta
1876 4044 2083 4093 lamellis
2102 4044 2263 4093 aureis
2275 4044 2528 4101 distincta:

1406 4126 1494 4159 seu
1523 4119 1579 4158 ut
1607 4126 1791 4159 cornua
1819 4120 1988 4158 aurata
2018 4108 2143 4163 sint;
2189 4109 2324 4159 vittis
2352 4110 2532 4159 cervici

1404 4174 1661 4239 impositis,
1686 4174 1785 4223 ritu
1807 4174 2047 4236 religioso.

1471 4237 1745 4290 370—374.
1782 4238 1935 4295 Paria,
1954 4237 2101 4313 vulgo
2116 4253 2206 4302 pro
2230 4238 2427 4297 imbelli,
2454 4240 2529 4304 ig-

1405 4318 1547 4361 navo,
1569 4312 1619 4350 et
1640 4300 1903 4350 mulieroso
1922 4302 2119 4351 homme
2150 4303 2319 4353 haberi
2340 4305 2528 4364 solitus,

1406 4382 1497 4415 nec
1527 4366 1659 4430 apud
1696 4366 1971 4415 Homerum
2005 4367 2139 4416 omni
2169 4368 2349 4418 virtute
2382 4380 2530 4430 caret,

1405 4440 1462 4481 ut
1489 4430 1628 4481 Iliad.
1650 4448 1701 4492 Ὺ,
1720 4430 1772 4480 in
1795 4431 2060 4481 certamine
2082 4448 2193 4483 cum
2220 4434 2463 4491 Menelao,
2488 4454 2529 4493 ν,
