3050 4934
504 244 637 307 380

1396 238 1924 307 AENEIDOS

680 391 1093 475 Diffugiunt3
1142 389 1487 473 silvasque,
1518 399 1590 453 et
1619 389 1829 455 sicubi
1855 408 2138 451 concava
2167 386 2388 453 startim

681 493 880 568 Saxa,
912 502 1167 575 petunt.
1244 490 1440 572 Piget
1466 489 1734 572 incepti,
1764 487 2096 570 lucisque3
2143 506 2430 569 suosque

686 592 966 656 Mutatae
995 600 1378 674 agnoscunt,
1405 610 1815 670 excussaque
1845 598 2113 671 pectore
2143 586 2324 651 Juno
2351 595 2477 649 est.

504 693 637 755 680
682 693 817 755 Sed
846 714 977 755 non
1008 690 1251 755 idcirco
1280 689 1554 754 flammae
1583 697 1782 771 atque
1811 688 2113 753 incendia
2141 688 2312 751 vires

680 791 1035 857 Indomitos
1066 812 1347 875 posuere
1372 814 1386 853 ε
1434 790 1570 853 udo
1597 788 1722 853 sub
1753 788 1992 854 robore
2021 787 2176 851 vivit

683 892 941 975 Stuppa
971 912 1235 957 vomens
1268 889 1526 953 tardum
1555 887 1824 963 fumum,
1857 888 2204 970 lentusque
2234 888 2487 951 carinas

688 991 816 1055 Est
846 1013 1071 1074 vapor,
1100 1002 1170 1055 et
1196 999 1336 1054 toto
1364 989 1708 1053 descendit
1737 1008 2012 1070 corpore
2042 989 2284 1070 pestis3

684 1091 831 1155 Nec
860 1092 1029 1153 vires
1060 1090 1333 1154 heroum
1362 1088 1706 1170 infusaque
1736 1087 2001 1151 flumina
2029 1098 2328 1171 prosunt.

509 1192 640 1253 685
684 1191 861 1254 Tum
890 1192 1038 1274 pius
1070 1190 1323 1255 AEneas
1352 1188 1640 1252 humeris
1671 1186 2058 1253 abscindere
2089 1198 2358 1263 vestem,

686 1289 1083 1374 Auxilioque
1115 1310 1347 1353 vocare
1378 1289 1564 1363 dece,
1593 1297 1663 1352 et
1694 1288 1964 1351 tendere
1993 1286 2276 1371 palmas:

685 1390 951 1473 Jupiter
978 1390 1410 1472 omnipotens,
1444 1388 1499 1449 si
1527 1388 1818 1451 nondum
1845 1408 2086 1451 exosus
2117 1388 2202 1451 ad
2231 1408 2430 1453 unum

687 1489 1040 1572 Trojanos,
1072 1490 1127 1553 si
1156 1488 1316 1572 quid
1346 1488 1556 1571 pietas
1587 1488 1856 1570 antiqua
1882 1485 2140 1551 labores

684 1588 984 1672 Respicit
1014 1588 1369 1663 humanos3
1416 1588 1503 1650 da
1533 1586 1851 1655 flammam
1879 1588 2158 1653 evadere
2189 1585 2382 1651 classi

512 1690 643 1752 690
687 1688 909 1765 Nunc,
943 1700 1153 1773 pater,
1186 1698 1253 1753 et
1282 1698 1513 1753 tenues
1545 1685 1878 1753 Teucrfim
1911 1709 2017 1751 res
2045 1688 2226 1769 eripe
2256 1684 2456 1751 letho.

686 1788 815 1853 Vel
845 1800 939 1866 tu,
972 1790 1150 1872 quod
1180 1797 1507 1873 superest,
1539 1786 1779 1851 infesto
1810 1785 2072 1853 fulmine
2102 1788 2317 1863 morti,

688 1890 759 1951 Si
788 1910 1064 1964 mereor,
1096 1889 1387 1963 demitte,
1418 1898 1662 1970 tuaque
1692 1886 1800 1951 hic
1829 1888 2034 1951 obrue
2073 1888 2332 1951 dextra.

693 1989 825 2053 Vix
852 1989 996 2053 haec
1028 1989 1348 2063 ediderat,
1378 2009 1582 2070 quum
1609 1985 1835 2051 effusis
1863 1988 2176 2054 imbribus
2205 1997 2350 2051 atra

691 2088 1084 2171 Tempestas
1118 2089 1255 2150 sine
1284 2109 1461 2151 more
1492 2086 1672 2163 furit,
1701 2089 2074 2170 tonitruque
2105 2088 2486 2151 tremiscunt

516 2188 645 2251 695
690 2188 924 2253 Ardua
951 2200 1271 2253 terrarum
1294 2198 1365 2251 et
1392 2190 1637 2271 campi:
1685 2190 1816 2253 ruit
1843 2188 2088 2253 aethere
2119 2199 2260 2252 toto

496 2297 503 2305 “
690 2288 1031 2353 Turbidus
1060 2289 1267 2353 imber
1296 2310 1465 2371 aqua
1495 2288 1846 2371 densisque
1877 2290 2262 2371 nigerrimus
2294 2289 2570 2365 austris;

692 2388 1181 2472 Implenturque
1214 2408 1413 2471 super
1440 2409 1735 2471 puppes3
1784 2389 2091 2453 semiusta
2119 2388 2500 2455 madescunt

690 2488 980 2553 Robora.
1058 2488 1441 2553 Restinctus
1472 2488 1684 2553 donec
1712 2510 1915 2571 vapor
1945 2490 2174 2564 omnis,
2205 2500 2273 2553 et
2301 2510 2548 2563 omnes,

696 2588 999 2661 Quatuor
1027 2590 1302 2663 amissis,
1334 2598 1609 2651 servatae
1638 2610 1677 2650 a
1706 2599 1890 2671 peste
1922 2590 2177 2653 carinae.

520 2688 648 2749 700
779 2688 874 2751 At
904 2701 1093 2770 pater
1122 2688 1397 2762 AEneas,
1430 2708 1588 2750 casu
1619 2709 1976 2753 concussus
2006 2690 2268 2765 acerbo,

690 2788 888 2853 Nunc
919 2790 1049 2855 huc
1080 2790 1401 2873 ingentes,
1432 2811 1607 2853 nunc
1635 2788 1784 2854 illuc
1815 2801 2081 2874 pectore
2111 2813 2302 2856 curas

692 2889 1001 2954 Mutabat
1031 2910 1331 2965 versans;
1378 2888 1699 2954 Siculisne
1729 2892 2047 2956 resideret
2077 2892 2270 2967 arvis,

692 2988 959 3054 Oblitus
992 2988 1293 3064 fatorum,
1326 2988 1608 3051 Italasne
1640 3001 2014 3072 capesseret
2041 3013 2212 3053 oras.

693 3086 868 3152 Tum
900 3090 1115 3152 senior
1144 3086 1425 3165 Nautes,
1458 3111 1660 3152 unum
1691 3089 1992 3155 Tritonia
2019 3090 2235 3154 Pallas

516 3344 614 3386 tore
636 3337 771 3393 June,
789 3336 1035 3400 praeclare,
1058 3336 1191 3385 furor
1214 3352 1245 3385 a
1264 3338 1294 3385 J
1299 3351 1462 3385 unone
1484 3336 1637 3406 injecg

520 3414 625 3455 tun
662 3410 717 3447 ut
737 3402 849 3448 deus
864 3409 1047 3462 pectore
1064 3404 1214 3463 accipi
1234 3400 1426 3451 dieitur.

582 3464 855 3513 680-688.
890 3464 1065 3513 Ornati
1100 3479 1281 3513 versus-
1346 3466 1477 3513 Vires
1506 3468 1636 3513 indo-

517 3530 654 3579 nitas
688 3542 755 3576 ex
790 3528 1057 3579 Homerico
1092 3526 1335 3589 ἀκάματον
1368 3530 1473 3591 πῦρ.
1541 3532 1642 3578 Udo

519 3596 603 3639 nab
624 3595 794 3649 robore,
819 3595 910 3643 sub
932 3592 1136 3643 materia
1166 3592 1378 3658 desuper
1398 3592 1538 3655 aquis
1559 3591 1636 3642 in-

509 3655 655 3729 jectis
696 3656 706 3667 '
765 3656 775 3667 “
844 3667 908 3717 ta,
946 3662 1059 3705 vivit
1092 3657 1317 3722 (pulchre
1355 3672 1447 3720 pro
1480 3658 1638 3715 durat,

516 3734 682 3797 ignem
695 3720 783 3768 alit
820 3730 1005 3796 stuppa,
1023 3736 1118 3783 qua
1133 3730 1461 3771 consuetorum
1478 3721 1638 3784 tigno-

520 3798 719 3897 5¹:313.ss
721 3793 935 3911 52²3.
945 3793 1345 3913 Ἥρὲόῗμέἶῖἳια
1362 3786 1642 3897 'ffssss'erff’m

582 3910 694 3968 685,
732 3911 841 3959 686.
890 3910 1099 3961 AEneam
1142 3912 1532 3976 reprehendebat
1565 3912 1641 3961 vir

516 3973 702 4033 doctus,
726 3976 857 4049 quod
891 3976 954 4025 ad
988 3991 1159 4051 preces
1195 3974 1375 4025 otiosas
1405 3974 1638 4039 confugit,

516 4052 631 4087 cum
644 4038 885 4089 auxilium
902 4040 1107 4089 naribus
1120 4039 1245 4087 ferre
1259 4039 1471 4088 deberet.
1524 4039 1642 4089 Non

520 4100 822 4161 meminerat,
855 4120 901 4151 v.
935 4104 1045 4160 684,
1069 4104 1170 4151 Nec
1202 4106 1321 4151 vires
1355 4106 1538 4151 heroum
1568 4106 1641 4151 in-

506 4162 709 4229 suaque
742 4170 937 4226 fiumina
976 4175 1189 4241 prosunt.
1248 4166 1644 4215 Praeetruendum

524 4242 653 4275 nunc
677 4240 783 4277 erat
798 4229 1089 4293 prodigium,
1119 4239 1170 4277 et
1188 4244 1337 4279 causa
1356 4229 1535 4279 idonea
1553 4246 1641 4295 ap-

519 4293 745 4363 ponenda
770 4308 859 4341 eur
886 4294 1043 4342 imber
1078 4292 1257 4354 effiuu·
1292 4292 1519 4345 incendia
1553 4310 1639 4343 ex-

520 4364 777 4417 ung-neret.

1771 3338 1880 3385 688.
1920 3340 2139 3386 Pietash.
2164 3339 2196 3387 l.
2221 3338 2483 3400 miseratio,
2501 3356 2598 3404 qua
2609 3342 2839 3395 miserias

1705 3402 1942 3451 humanas
1978 3402 2180 3451 numen·
2207 3404 2421 3468 respicit.
2495 3406 2622 3455 Mox
2661 3410 2838 3457 huu-

1705 3466 1846 3515 docte
1868 3482 1959 3531 pro
1981 3466 2174 3515 excidio
2195 3477 2245 3515 et
2267 3467 2484 3519 interitu.

1770 3530 1880 3605 691,
1905 3530 2015 3579 692.
2050 3531 2156 3579 Aut
2170 3546 2254 3606 me
2277 3532 2482 3583 fulmine
2503 3532 2622 3583 feri:
2643 3534 2749 3585 scil.
2767 3550 2838 3585 ne

1704 3594 2353 3732 emssgffigaeffflemss,
2376 3659 2652 3711 immodice.
2702 3662 2840 3712 Mihi

1705 3720 1897 3771 videtur
1930 3731 2002 3771 ita
2029 3722 2299 3771 reddidisse
2321 3732 2468 3788 poeta
2488 3724 2689 3775 obvium
2711 3725 2840 3777 illud

1705 3787 2030 3913 'mmm
2053 3786 2836 3915 ffirsssfzzfiz‘szztss’ss

1705 3922 2015 3977 terpretatur,
2062 3930 2208 3977 quem
2263 3915 2365 3963 fere
2417 3927 2692 3979 nequunmr
2731 3918 2839 3969 alii.

1705 3980 1874 4027 Densis
1903 3981 2092 4035 auseris,
2115 3994 2206 4041 pro
2237 3978 2419 4029 nimbi·
2447 3996 2569 4043 quon
2601 3982 2758 4031 muni
2779 4000 2836 4034 a·

1704 4040 2839 4175 Wssih‘v’ssimffssssffmimmpmffmmss

1776 4187 1883 4283 303.
1923 4234 2189 4295 capessent
2227 4233 2289 4282 de
2325 4233 2530 4284 consilio
2565 4252 2624 4287 ac
2655 4248 2840 4289 comm

1707 4310 1766 4343 ca
1909 4296 2007 4355 ndi,
2031 4296 2318 4363 occupandi..

1805 4359 2043 4411 04—709.
2082 4360 2257 4425 Magni
2289 4372 2448 4426 poetae
2479 4362 2579 4413 vim
2611 4372 2666 4415 et
2693 4364 2836 4415 indo-
