3050 4934
553 259 676 322 136

1379 257 2049 324 GEORGICON

714 407 954 472 Nonne
985 409 1190 483 videS,
1224 429 1424 491 quum
1453 410 1773 493 praecipiti
1800 410 2151 473 certamine
2180 430 2477 492 campum

715 509 1132 592 Corripuere,
1165 521 1493 593 ruuntque
1523 509 1717 573 effusi
1746 531 2007 574 carcere
2036 531 2289 585 currus,

547 609 666 672 105
713 609 936 680 Quum
966 613 1118 692 spes
1147 620 1418 674 arrectae
1437 611 1773 693 juvenum,
1805 609 2325 690 exsultantiaque
2356 609 2573 670 haurit

713 709 935 772 Corda
965 731 1170 792 pavor
1198 709 1503 792 pulsans:
1551 709 1642 770 illi
1671 711 1913 770 instant
1944 710 2213 770 verbere
2245 716 2441 780 tort0,

717 809 809 871 Et
840 811 1027 893 proni
1058 809 1218 872 dant
1243 809 1421 884 lora3
1467 807 1641 869 volat
1672 807 1733 867 vi
1761 806 2049 868 fervidus
2082 807 2257 880 axis;

711 910 991 992 Jamque
1021 909 1297 973 humiles
1303 954 1321 983 ,
1343 909 1609 990 jamque
1638 904 1791 967 elati
1822 903 2093 966 sublime
2122 903 2424 966 videntur

713 1008 893 1074 Aera
922 1030 1043 1092 per
1073 1030 1345 1072 vacuum
1375 1006 1554 1080 ferri,
1588 1014 1783 1088 atque
1814 1024 2160 1086 assurgere
2188 1003 2255 1066 in
2284 1025 2514 1080 auras3

549 1113 672 1174 110
715 1110 861 1175 Nec
893 1130 1094 1185 mora,
1125 1130 1245 1173 nec
1277 1107 1573 1190 requies3
1620 1117 1689 1169 at
1718 1104 1912 1169 fulvae
1938 1105 2193 1168 nimbus
2224 1126 2443 1188 arenae

713 1210 1032 1287 Tollitur;
1077 1209 1467 1272 humescunt
1497 1207 1741 1290 spumis
1774 1205 2065 1288 flatuque
2098 1207 2527 1288 sequentum?

713 1311 972 1376 Tantus
1000 1331 1181 1374 amor
1206 1309 1496 1384 laudum,
1529 1318 1730 1371 tantae
1757 1318 1861 1371 est
1890 1306 2157 1370 victoria
2188 1327 2385 1370 curae.

717 1413 973 1476 Primus
1007 1409 1478 1475 Erichthonius
1509 1430 1741 1472 currus
1772 1418 1841 1472 et
1868 1417 2151 1492 quatuor
2182 1429 2381 1501 ausus

714 1513 760 1576 J
762 1535 1006 1596 ungere
1036 1533 1264 1595 equoS,
1295 1511 1699 1594 rapidusque
1728 1510 1891 1573 rotis
1918 1509 2219 1572 insistere
2248 1509 2472 1573 victor.

548 1617 671 1680 115
714 1614 929 1678 Frena
959 1611 1360 1677 Pelethronii
1391 1609 1697 1695 Lapithae
1727 1631 2055 1695 gyrosque
2084 1610 2329 1673 dedere

715 1715 1010 1799 Impositi
1037 1715 1259 1790 dorm,
1293 1723 1487 1796 atque
1517 1713 1802 1796 equitem
1831 1713 2115 1776 docuere
2146 1713 2270 1775 sub
2302 1711 2493 1774 armis

633 1865 638 1873 .
717 1815 1038 1881 Insultare
1072 1814 1232 1893 solo,
1264 1825 1332 1878 et
1361 1835 1629 1897 gressus
1664 1811 2025 1896 glomerare
2058 1813 2399 1896 superbos·

542 2124 618 2163 tes
650 2112 906 2173 ediderint,
932 2129 1030 2176 qua
1061 2111 1098 2160 ii
1131 2112 1230 2160 sint
1261 2109 1440 2169 indole,
1463 2126 1561 2175 quo
1592 2109 1665 2162 vi-

539 2194 672 2242 gore.
755 2181 868 2230 Quis
906 2181 1066 2239 cuique
1104 2179 1232 2224 dolor
1247 2196 1263 2224 .-
1310 2177 1667 2224 observandum

539 2257 920 2354 quoquehqgenz'
941 2255 1139 2289 sensum
1169 2240 1386 2288 victoriae
1407 2249 1494 2288 aut
1523 2241 1664 2304 igno-

543 2321 709 2354 mlmae
827 2321 886 2354 ea

603 2369 871 2418 103—112.
899 2369 1134 2417 Praeclare
1148 2369 1252 2416 haec
1265 2384 1407 2417 exem
1443 2366 1490 2416 lo
1499 2368 1664 2432 splen-

539 2433 796 2483 didissimo
823 2443 1039 2482 exornat.
1093 2434 1225 2481 Nota
1246 2442 1298 2481 et
1326 2447 1375 2480 m
1441 2449 1523 2482 um
1547 2433 1667 2480 illud

540 2497 802 2548 efferendi:
840 2501 1002 2546 Nonne
1023 2499 1162 2546 va'des.
1232 2497 1388 2545 Deest
1413 2506 1577 2545 tamen
1600 2506 1665 2545 ut.

541 2563 743 2612 Scilicet
781 2577 986 2637 pergere
1028 2562 1248 2610 volebat:
1303 2570 1500 2623 quantus
1542 2578 1668 2609 amor

540 2630 729 2676 laudum
764 2635 841 2674 sit.
910 2627 1036 2674 Cum
1068 2641 1185 2674 vero
1219 2634 1292 2673 tot
1323 2625 1418 2672 alia
1447 2625 1666 2688 interpo-

538 2691 636 2740 sita
680 2698 858 2747 essent,
900 2705 945 2738 v.
991 2691 1084 2737 112
1127 2703 1304 2736 novam
1349 2705 1551 2737 exorsus
1595 2698 1673 2737 est

538 2753 848 2803 sententiam.
918 2754 1196 2818 Expressus
1235 2762 1398 2801 autem
1435 2752 1574 2801 locus
1606 2769 1671 2802 ex

543 2819 764 2930 fiqmero
808 2817 949 2866 Iliad.
990 2822 1040 2880 ψ,
1083 2817 1178 2865 362
1215 2833 1317 2880 sqq.
1359 2816 1420 2865 cf.
1463 2817 1579 2866 ΖΕΒ.
1620 2833 1664 2876 ν,

661 2897 686 2930 s
751 2916 763 2929 .

609 2897 877 2997 1023—107.
916 2947 1188 3007 Corripuere
1209 2963 1427 3008 eampum,
1451 2945 1665 3009 proprie,

538 3011 699 3075 spatia
732 3026 822 3074 per
853 3024 1096 3074 campum,
1125 3009 1300 3073 campi,
1334 3009 1394 3056 cf.
1429 3009 1515 3056 inf.
1557 3012 1663 3067 142,

541 3083 659 3122 noto
687 3090 780 3123 usu
801 3083 1068 3137 poetarum.
1138 3076 1292 3135 Effusi
1317 3089 1498 3121 carcere
1513 3093 1529 3120 .·
1566 3073 1663 3122 vid.

538 3140 660 3186 Geo.
702 3137 734 3194 i,
783 3139 892 3185 612.
961 3141 1073 3199 Spes
1113 3145 1307 3186 Μυσία
1337 3137 1575 3200 juvenum,
1616 3138 1663 3185 h.

537 3202 840 3264 aurigarurm
869 3201 924 3248 in
945 3201 1104 3250 soluta
1124 3201 1358 3259 oratione,
1377 3201 1531 3249 animi
1552 3211 1669 3250 sunt

539 3264 716 3314 arrecti
753 3281 854 3329 spe.
925 3266 1003 3313 Ita
1039 3275 1089 3312 et
1124 3265 1414 3329 exponenda
1449 3265 1565 3314 AEn.
1598 3265 1665 3323 xi,

539 3331 650 3388 452,
691 3337 884 3377 arreetae
919 3332 1118 3377 stimulis
1151 3333 1277 3377 haud
1307 3333 1515 3378 mollibus
1548 3333 1633 3379 ἕνα
1647 3349 1666 3385 ,·

539 3410 584 3451 v,
615 3395 719 3451 138,
747 3396 934 3442 laudum
958 3401 1142 3442 arrecta
1163 3396 1341 3455 cupido.
1409 3397 1663 3442 Exsultan-

537 3462 609 3507 τίει
651 3461 804 3515 corda,
843 3457 890 3505 h.
910 3456 1175 3520 ‘micantia
1219 3457 1526 3521 trepidantia,
1569 3473 1668 3505 non

539 3523 682 3571 modo
715 3531 850 3571 metu
889 3520 1183 3584 Quonfiniae,
1220 3531 1275 3569 ut
1306 3521 1434 3569 dixit
1469 3522 1664 3570 Lucret.

539 3587 609 3645 iii,
653 3589 758 3645 142,
797 3589 892 3635 Hic
931 3586 1008 3648 (in
1045 3585 1268 3650 pectore)
1309 3588 1512 3634 exsultat
1548 3588 1666 3634 enim

539 3653 692 3698 Pavor
731 3669 786 3698 ae
830 3653 986 3699 Metus
1000 3669 1018 3705 ,·
1068 3665 1239 3698 verum
1280 3651 1426 3698 etiem
1465 3650 1666 3699 omnino

543 3723 647 3762 toto
669 3714 754 3762 illo
773 3714 927 3762 animi
959 3724 1093 3763 motu
1127 3729 1222 3776 quo
1251 3714 1304 3762 in
1327 3715 1414 3762 tali
1448 3723 1666 3779 tempore

535 3779 730 3826 animus
752 3777 926 3840 agitari
944 3778 1081 3826 solet.
1135 3779 1364 3826 Arbitror
1385 3778 1533 3836 enim,
1558 3795 1662 3826 om-

537 3857 652 3890 nem
675 3841 813 3890 illum
836 3841 987 3889 animi
1009 3841 1271 3890 tumultum
1296 3851 1347 3890 et
1365 3851 1537 3890 astum
1561 3859 1662 3906 spe,

535 3917 687 3965 metu,
712 3904 1064 3970 expectatione,
1098 3904 1257 3953 laudis
1279 3904 1454 3962 studio,
1479 3905 1665 3970 pudore

537 3971 746 4019 subinde
777 3980 948 4034 pectus
971 3979 1193 4027 vexante,
1218 3986 1249 4017 a
1279 3978 1426 4034 poeta
1454 3985 1546 4034 per
1574 3988 1662 4032 pa-

535 4051 685 4083 vorem
735 4034 778 4083 si
848 4035 860 4046 '
899 4034 1013 4083 cari.
1101 4035 1254 4082 Pavor
1300 4043 1464 4082 autem
1505 4038 1666 4083 haurit

535 4102 690 4156 eorda,
728 4114 790 4146 ex
825 4099 966 4156 aurit,
1007 4099 1124 4146 dum
1162 4097 1414 4162 sanguinis
1455 4098 1664 4147 liberum

537 4171 752 4210 meatum
781 4162 1063 4211 intercludit
1084 4172 1134 4210 et
1155 4161 1374 4227 impedit,
1397 4163 1527 4224 quod
1550 4179 1660 4211 seu-

536 4241 620 4273 sus
659 4235 710 4273 et
749 4226 1056 4290 experientia
1092 4226 1248 4274 docet.
1318 4227 1454 4275 Hinc
1489 4227 1661 4291 pallor.

545 4291 740 4336 Verbere
763 4297 893 4347 terto,
919 4291 1034 4338 torti
1051 4291 1254 4353 flagelli5
1289 4301 1374 4339 aut
1394 4294 1553 4340 verber
1571 4308 1665 4366 pro

539 4352 742 4414 flagello,
770 4363 826 4400 ut
847 4354 1128 4416 sepissime.
1191 4357 1323 4403 Volat
1350 4359 1409 4414 υἱ,
1433 4371 1547 4405 cum
1568 4371 1659 4404 un-

537 4425 684 4478 petu3
720 4415 817 4464 nisi
833 4419 1026 4478 Jungns,
1050 4417 1331 4478 wiser-nidus.

1802 2111 1907 2170 108,
1950 2111 2055 2160 109.
2103 2112 2295 2173 Jamque
2330 2109 2749 2177 bannilem—plane
2794 2128 2861 2163 ex

1734 2175 1883 2223 Hom.
1924 2175 2067 2224 Iliad.
2103 2179 2151 2238 ψ,
2191 2177 2301 2233 368,
2340 2175 2448 2224 869.
2515 2177 2676 2232 Quam
2717 2193 2858 2242 mag-

1732 2239 1880 2287 nifica
1910 2248 2073 2287 autem
2102 2239 2201 2297 illa,
2230 2257 2319 2301 per
2352 2256 2465 2288 aera
2496 2239 2633 2302 (nam
2666 2259 2861 2291 vacum

1732 2313 1887 2362 ornat,
1911 2313 1967 2351 ut
1989 2304 2159 2368 soepe).
2187 2313 2240 2351 et
2258 2320 2501 2366 asem-gere
2524 2309 2573 2353 in
2592 2313 2772 2354 auras!

1802 2369 2069 2415 llo—112.
2118 2371 2277 2416 Fulvae
2310 2372 2489 2417 nimbus
2521 2385 2673 2417 arm
2712 2373 2857 2418 Tolli-

1732 2439 1811 2479 tur
1827 2450 1842 2478 .-
1876 2432 2082 2481 certavit
2102 2447 2214 2480 cum
2238 2433 2442 2480 Homer.
2466 2432 2497 2480 L
2522 2432 2553 2480 1.
2580 2433 2690 2481 365.
2740 2433 2859 2482 vid.

1732 2507 1783 2544 et
1807 2496 1945 2544 Iliad.
1970 2501 2019 2558 ψ,
2046 2498 2155 2544 380.
2202 2500 2345 2545 Amor
2369 2499 2569 2556 laudum,
2594 2498 2860 2562 cupiditas,

1733 2569 2495 2683 ”tff‘i'ss2‘1'21113‘50‘2220mm
2548 2626 2865 2675 Athe-‚mm

1732 2702 1899 2752 regem
1921 2698 2034 2752 post
2052 2689 2476 2754 Amphictyonem‚
2494 2689 2755 2752 quadrigas
2780 2691 2859 2740 in-

1733 2752 1941 2810 venisse,
1981 2754 2253 2802 Centauros
2282 2753 2467 2817 primos
2498 2769 2735 2817 equorum
2768 2755 2862 2804 do-

1730 2816 1931 2866 mitores
1966 2817 2131 2876 fuisse,
2164 2833 2263 2865 non
2298 2817 2497 2880 quidem
2528 2829 2771 2882 perpetua
2803 2835 2865 2868 ac

1730 2890 1973 2939 constans,
2036 2881 2322 2930 lui-imorum
2344 2891 2509 2930 tamen
2527 2883 2744 2930 narratio
2766 2894 2863 2932 est.

1732 2945 1885 2993 Poeta
1927 2947 1974 2993 h.
2036 2981 2047 2992 .
2090 2947 2317 3007 Lapithae
2358 2946 2591 3004 nominat,
2640 2947 2789 3010 (quos
2833 2965 2867 2996 a

1730 3009 1859 3057 saltu
1887 3012 2176 3058 Pelethronio
2206 3010 2261 3058 in
2294 3010 2433 3058 Pelio
2454 3019 2622 3059 monte
2644 3011 2864 3060 Thessa-

1730 3072 1810 3120 liae
1828 3072 2091 3136 designat)
2112 3073 2190 3122 vel
2206 3084 2263 3122 ut
2279 3074 2491 3122 fabulam
2510 3074 2572 3122 ad
2590 3091 2673 3123 eos
2696 3083 2863 3124 tram-

1730 3137 1855 3185 ferat
1876 3154 1905 3186 s
1928 3137 2201 3196 Centauris,
2226 3138 2303 3186 vel
2336 3147 2393 3186 ut
2424 3140 2514 3186 hos
2546 3139 2677 3188 inter
2704 3139 2862 3204 Lapi-

1732 3202 1924 3250 tharum
1958 3217 2115 3265 genus
2149 3202 2341 3260 referat,
2379 3201 2509 3264 quod
2542 3218 2711 3252 verum
2748 3219 2865 3252 esse

1732 3266 1938 3314 videtur.
2021 3267 2293 3315 Frenorum
2334 3265 2591 3316 inventum
2634 3268 2863 3316 Bellero-

1730 3330 1904 3394 phonti
1928 3329 2123 3379 Pindar.
2146 3330 2224 3378 01.
2257 3332 2331 3388 1³,
2358 3332 2420 3379 90
2442 3347 2511 3394 sq.
2546 3330 2719 3380 tribuit
2748 3331 2866 3381 loco

1731 3394 1974 3457 praeclara
2030 3394 2228 3442 Scilicet
2256 3409 2356 3442 non
2383 3394 2615 3443 historica
2636 3395 2749 3453 fide,
2770 3397 2868 3444 sed

1732 3467 1819 3506 aut
1858 3457 1987 3506 fama
2026 3459 2232 3507 obscura
2284 3468 2371 3506 aut
2412 3468 2570 3524 poetae
2620 3459 2866 3522 figmento

1732 3521 1849 3570 talia
1890 3521 2127 3570 nituntur.
2207 3525 2342 3570 Botis
2384 3526 2609 3581 insistere,
2656 3524 2865 3586 quadri-

1729 3601 1901 3648 garum
1920 3601 2067 3634 cursu
2097 3595 2298 3636 certare.
2366 3589 2579 3649 Rapidus
2612 3587 2868 3650 (epitheto

1729 3665 1761 3698 a
1778 3665 1925 3698 cursu
1941 3650 2121 3714 petito)
2144 3660 2193 3699 et
2212 3655 2357 3699 vietor
2377 3653 2666 3700 certamine:
2692 3653 2871 3702 omnia

1730 3718 1926 3763 ornate!
1990 3717 2139 3778 Gyras
2168 3717 2347 3772 dedere,
2384 3715 2433 3762 h.
2475 3715 2722 3773 invenere,
2768 3717 2863 3766 do-

1728 3795 1875 3827 cuere
1904 3793 2084 3841 equum
2114 3779 2165 3826 in
2188 3793 2359 3853 gyrum
2380 3779 2589 3828 flectere.
2640 3783 2868 3843 Equitem

1729 3853 1920 3892 veteres
1951 3842 2255 3906 grammatici
2287 3858 2379 3906 pro
2405 3859 2529 3907 equo
2551 3843 2738 3892 dictum
2772 3861 2863 3894 vo-

1729 3905 1921 3962 lebant3
1946 3922 2227 3982 perperam:
2253 3923 2341 3956 cur
2360 3925 2495 3969 eques
2514 3923 2613 3956 non
2632 3911 2867 3959 multare

1730 3969 1934 4028 dicatur,
1968 3988 2051 4034 qm
2085 3981 2135 4020 et
2166 3971 2406 4030 incedere,
2428 3973 2723 4020 decurreret
2774 3977 2864 4022 In-

1726 4038 1902 4083 sultare
1926 4037 2055 4084 docet
2074 4039 2245 4098 campis
2272 4037 2377 4097 jam
2400 4036 2579 4084 Varius
2600 4047 2716 4085 ante
2741 4038 2864 4086 vir-

1726 4099 1900 4162 gilium
1944 4099 2149 4148 dixerat.
2232 4101 2361 4148 Tum
2403 4115 2537 4161 eques
2574 4104 2662 4148 sub
2698 4105 2867 4162 amic,

1728 4173 1970 4219 armatum
2006 4164 2135 4212 idem
2158 4179 2308 4227 eques
2340 4167 2533 4212 iruultat
2553 4167 2647 4212 solo
2676 4173 2729 4213 et
2756 4169 2865 4229 glo-

1726 4235 1875 4276 mae
1890 4244 2111 4291 grestem,
2142 4237 2379 4290 quatenus
2402 4244 2580 4290 equum
2614 4227 2667 4276 id
2700 4229 2867 4280 facere

1728 4292 1872 4354 cogit.
1932 4295 2155 4353 -Lapithae
2191 4291 2353 4354 itaque
2392 4291 2665 4342 insidentes
2704 4293 2867 4356 equis,

1728 4358 1931 4414 docuere,
1974 4371 2116 4404 exem
2150 4356 2201 4403 lo
2242 4371 2345 4413 suo,
2390 4360 2585 4418 equitem
2630 4359 2867 4408 insnum-e

1726 4423 1832 4477 solo,
1857 4420 1903 4467 h.
1930 4419 2075 4482 primi
2152 4435 2235 4469 ere
2253 4421 2399 4482 hujus
2420 4420 2538 4469 artis
2560 4430 2806 4472 auctores.
