3050 4934
1325 219 1849 286 AENEIDOS

697 373 850 436 Mos
881 383 1024 435 erat
1055 369 1384 453 Hesperio
1411 371 1480 434 in
1513 369 1730 448 Latio,
1762 389 1955 454 quem
1986 369 2283 452 protinus
2318 367 2515 429 urbes

613 473 889 537 Albanae
920 471 1178 536 coluere
1207 493 1480 548 sacrum,
1511 493 1686 535 nunc
1710 493 2011 535 maxuma
2042 491 2259 533 rerum

613 574 828 637 Roma
857 573 1031 649 colit,
1064 595 1264 656 quum
1292 574 1500 656 prima
1527 583 1787 636 movent
1815 573 1883 635 in
1912 569 2145 656 proelia
2174 569 2483 643 Martem,

613 675 764 738 Sive
797 673 990 737 Getis
1021 673 1260 737 inferre
1290 695 1484 736 manu
1512 672 1903 738 lacrimabile
1932 671 2197 747 bellum,

441 777 570 839 605
616 774 1021 859 Hyrcanisve
1051 771 1373 836 Arabisve
1405 786 1661 857 parant,
1696 796 1813 838 seu
1842 773 2113 837 tendere
2140 772 2225 834 ad
2256 769 2479 843 Indos,

621 874 1078 958 Auroramque
1111 875 1315 956 sequi,
1351 873 1765 958 Parthosque
1796 894 2143 958 reposcere
2176 873 2395 954 signa:

619 978 788 1041 Sunt
817 976 1090 1060 geminae
1119 973 1286 1038 Belli
1315 986 1549 1058 portae,
1584 975 1700 1058 (sic
1730 976 1985 1038 nomine
2018 973 2293 1054 dicunt,)

621 1076 965 1160 Religione
999 1097 1202 1139 sacrae
1229 1085 1297 1138 et
1328 1077 1482 1138 saevi
1509 1076 1851 1140 formidine
1884 1075 2159 1140 Martis:

623 1179 903 1242 Centum
933 1177 1086 1240 aerei
1115 1174 1426 1240 claudunt
1456 1188 1698 1254 vecteS,
1731 1188 2105 1260 aeternaque
2136 1174 2292 1238 ferri
2362 1247 2373 1256 Ι

450 1281 582 1346 610
626 1280 937 1356 Robora;
982 1299 1102 1341 nec
1132 1287 1353 1341 custos
1384 1278 1642 1341 absistit
1670 1277 1887 1342 limine
1918 1277 2151 1341 JanuS.

630 1381 801 1457 HaS,
834 1379 948 1442 ubi
979 1388 1157 1442 certa
1187 1377 1372 1441 sedet
1401 1379 1698 1461 patribus
1732 1379 2053 1442 sententia
2083 1398 2343 1461 pugnae,

633 1484 809 1567 Ipse,
843 1479 1164 1554 Quirinali
1196 1481 1424 1543 trabea
1452 1481 1798 1563 cinctuque
1831 1479 2095 1544 Gabino

631 1584 934 1668 InsigniS,
967 1591 1217 1645 reserat
1249 1581 1588 1644 stridentia
1616 1579 1833 1644 limina
1863 1581 2122 1656 consul;

632 1687 786 1770 Ipse
818 1669 1005 1748 vocat
1033 1704 1287 1766 pugnas
1314 1708 1330 1760 3
1366 1682 1659 1765 sequitur
1688 1694 1825 1746 tum
1856 1692 2094 1746 caetera
2124 1680 2367 1764 pubes3

457 1790 588 1852 615
633 1786 970 1870 AEreaque
1002 1805 1274 1847 assensu
1305 1785 1681 1867 conspirant
1709 1805 1953 1847 cornua
1982 1804 2201 1846 rauco·

630 1887 782 1952 Hoc
810 1898 876 1950 et
906 1897 1042 1949 tum
1075 1884 1390 1946 AEneadis
1420 1885 1708 1948 indicere
1736 1883 1907 1948 bella
1940 1883 2215 1946 Latinus

633 1989 827 2052 More
849 1987 1230 2070 jubebatur,
1263 1985 1612 2067 tristesque
1644 1984 1982 2064 recludere
2014 1995 2259 2069 portas·

631 2087 975 2152 Abstinuit
1005 2095 1187 2148 tactu
1216 2095 1428 2167 pater,
1459 2107 1859 2170 aversusque
1889 2085 2134 2169 refugit

631 2187 844 2253 Foeda
871 2185 1244 2261 ministeria,
1276 2196 1345 2249 et
1375 2187 1565 2250 caecis
1596 2208 1667 2250 se
1698 2187 1989 2252 condidit
2016 2187 2279 2251 umbris.

529 2373 620 2420 601
648 2387 749 2433 sqq.
787 2367 1054 2432 Egregium
1087 2375 1138 2414 et
1165 2367 1318 2430 epicae
1347 2367 1589 2430 majestati

465 2445 845 2485 consentaneum
889 2440 1046 2496 poetoe
1088 2441 1432 2488 commentum,
1473 2431 1591 2479 dum

466 2500 646 2549 bellum
669 2507 856 2546 motum
878 2507 928 2544 et
955 2496 1144 2544 illatum
1165 2506 1448 2544 narraturus
1472 2506 1589 2552 erat,

467 2565 678 2628 primum
691 2577 876 2610 morem
925 2560 1102 2608 atrium
1115 2560 1146 2607 J
1151 2559 1230 2607 ani
1246 2559 1494 2608 reserandi
1511 2575 1589 2607 ar-

467 2643 671 2686 cessere,
697 2637 800 2674 tum
813 2625 874 2674 ad
922 2641 993 2674 eae
1011 2623 1335 2672 ministerium
1358 2639 1466 2672 eam
1487 2639 1591 2671 rem

467 2693 663 2748 referre,
687 2690 816 2738 unde
839 2698 1044 2751 augusta
1063 2687 1136 2736 rei
1153 2687 1340 2751 species
1357 2687 1588 2735 exoritur.

534 2755 806 2804 601-603.
843 2755 1031 2800 Latium
1057 2755 1346 2813 Hesperium,
1373 2767 1470 2798 non
1501 2751 1589 2798 ali-

471 2829 546 2868 ter
564 2834 708 2882 quam
742 2817 986 2880 Hesperia
1019 2815 1174 2864 Italia.
1232 2817 1449 2862 Protinus
1479 2816 1525 2862 h.
1558 2815 1591 2863 l.

461 2883 662 2946 jugiter,
681 2893 738 2930 ut
757 2883 879 2930 bene
897 2881 1030 2929 Serv.
1037 2914 1049 2938 ,
1069 2889 1303 2943 perpetuo
1321 2881 1382 2926 ab
1399 2895 1457 2926 eo
1480 2879 1595 2927 inde

470 2958 702 3010 tempore.
771 2947 915 2992 Urbes
945 2947 1154 3000 Albam,
1187 2942 1402 2991 colonioe.
1466 2944 1596 2990 Nam

475 3010 600 3058 Alba
634 3025 738 3056 xxx
777 3006 1070 3070 oppidorum
1107 3006 1392 3054 Latinorum
1425 3017 1595 3055 mater.

472 3077 694 3122 Maxuma
713 3087 863 3119 rerum
881 3089 898 3124 ‚-
921 3085 1001 3117 res
1023 3069 1247 3116 maxima.
1309 3072 1420 3117 Cum
1445 3075 1599 3131 prima

473 3144 644 3185 movent
669 3135 756 3197 (ad
779 3135 987 3181 Romam
1005 3132 1096 3179 hoc
1119 3133 1424 3181 referendum
1447 3150 1595 3198 prop—

475 3213 548 3250 ter
571 3203 700 3262 sqq.)
725 3203 772 3246 in
799 3199 970 3259 proelt'a
1000 3199 1202 3244 Martem
1233 3213 1358 3245 nove
1383 3197 1594 3246 dictum:

476 3265 622 3326 vulgo
639 3271 838 3310 movetur
853 3263 1030 3318 bellum,
1045 3263 1180 3308 Mars
1194 3280 1211 3314 ,-
1235 3275 1324 3309 nec
1343 3261 1599 3324 quicquam

479 3327 734 3390 adjicitur:
763 3335 867 3374 tum
885 3340 1075 3388 quoque
1093 3333 1322 3373 moventur
1341 3341 1485 3383 ama,
1509 3342 1601 3390 pro

474 3393 650 3456 quibus
667 3393 868 3438 Martem
889 3388 1042 3444 dixit3
1077 3404 1190 3436 nam
1214 3389 1391 3451 adjecit
1407 3393 1456 3438 in
1471 3407 1602 3452 proe-

479 3461 558 3505 lia.

541 3519 813 3568 604-606.
851 3517 1118 3582 Splendida
1135 3527 1210 3565 est
1232 3518 1398 3566 oratio.
1451 3518 1603 3568 Bellis

477 3585 608 3633 enim
632 3600 742 3632 cum
768 3582 1000 3631 extremis
1022 3581 1152 3630 orbis
1174 3591 1412 3631 terrarum
1441 3599 1599 3647 popu-

475 3649 538 3697 lis
549 3647 778 3711 gerendis
795 3647 988 3711 imperii
1008 3646 1218 3694 Romani
1237 3649 1463 3708 maiestas
1477 3663 1601 3711 prae—

476 3713 606 3761 clare
625 3712 911 3760 declaratur.
969 3711 1114 3764 Quod
1139 3713 1280 3758 Getas
1301 3721 1480 3769 narrat,
1505 3727 1605 3759 non

477 3786 551 3825 est
573 3776 872 3840 urg-endum3
908 3773 1062 3822 voluit
1081 3782 1271 3822 tantum
1305 3775 1425 3822 fines
1447 3775 1603 3840 impe·

476 3841 540 3889 rii
563 3840 624 3888 ad
648 3839 931 3886 Danubium
961 3837 1221 3885 declarare.
1278 3841 1506 3886 Auroram
1532 3857 1603 3888 se-

478 3909 557 3967 qui
575 3903 846 3976 magnifice,
867 3901 928 3949 ad
947 3911 1219 3949 extremum
1243 3903 1496 3951 Orientem
1517 3921 1600 3952 us-

478 3985 580 4080 :¹222
595 3967 823 4079 {affl
825 3969 1167 4092 ‘1202222‘3333
1183 3983 1601 4094 ἶέρῖἔξὶἒὲῗξέζ

481 4096 598 4144 tiam
631 4096 712 4142 illa
749 4095 996 4156 adiecisse.
1051 4095 1232 4141 Bellum
1264 4103 1426 4141 autem
1462 4099 1604 4144 lacri-

483 4163 646 4207 mabile
669 4167 743 4206 est
774 4156 1096 4206 Homericum
1127 4155 1423 4220 πολύδακρυς
1445 4159 1605 4222 Ἄρης,

482 4219 836 4282 πολυδάκρυτος
857 4219 1008 4282 μάχη,
1034 4220 1272 4283 δακρυόεις
1296 4220 1515 4282 πόλεμος.

547 4285 818 4334 607—610.
858 4285 1010 4333 Vides
1033 4285 1110 4332 hic
1135 4286 1412 4349 exemplum
1435 4287 1607 4337 sabulae

1656 2369 1835 2418 veteris
1866 2385 1993 2418 nova
2022 2367 2424 2432 interpretatione
2459 2368 2773 2434 interpolatae.

1658 2433 1829 2482 Romoe
1840 2435 1871 2482 J
1874 2433 1957 2482 ani
1972 2433 2207 2496 templum
2219 2431 2484 2490 conditum,
2505 2449 2569 2481 ex
2586 2435 2635 2482 N
2638 2451 2774 2491 umae,

1658 2507 1713 2545 ut
1746 2498 1897 2555 aiunt,
1934 2497 2157 2545 instituto
2190 2497 2406 2544 clausum
2442 2497 2521 2544 vel
2556 2508 2777 2560 apertum

1658 2561 1774 2608 belli
1797 2563 2026 2625 pacisque
2048 2562 2257 2609 habebat
2276 2560 2471 2609 indicia.
2528 2561 2640 2610 Hoc
2664 2577 2775 2610 vero

1657 2626 1851 2673 ornavit
1874 2635 2031 2689 poeta,
2056 2640 2255 2688 remque
2282 2624 2351 2672 ita
2372 2625 2625 2688 expressit,
2644 2626 2777 2688 quasi

1655 2688 1709 2736 in
1732 2705 1791 2736 eo
1814 2688 1995 2752 templo
2016 2689 2209 2737 Bellum
2231 2698 2283 2736 et
2307 2689 2444 2737 Mars
2466 2689 2616 2737 vincti
2645 2701 2773 2738 tene-

1658 2763 1841 2810 rentur,
1866 2753 2066 2801 custode
2090 2754 2141 2800 in
2161 2753 2345 2800 foribus
2374 2754 2516 2801 Jano.
2574 2756 2775 2802 Contra·-

1658 2817 1732 2865 rio
1754 2827 2029 2864 commento
2050 2817 2287 2865 Horatius
2308 2819 2491 2866 Janum
2513 2817 2687 2866 clausis
2708 2819 2775 2865 fo-

1660 2881 1795 2930 ribus
1812 2880 2042 2938 cohiberi,
2070 2895 2296 2943 tanquam
2316 2882 2450 2944 pacis
2472 2891 2715 2931 auctorem
2736 2890 2782 2930 et

1661 2945 1926 3003 custodem,
1946 2945 1981 2992 ii
2000 2945 2158 3008 Epist.
2184 2945 2218 3003 i,
2242 2947 2353 3002 255,
2369 2949 2659 3008 claustraque
2681 2964 2779 2994 cus·

1664 3013 1809 3058 todem
1824 3013 1957 3071 pacis
1971 3012 2228 3057 cohibentia
2248 3013 2430 3058 Jmmm.
2477 3013 2603 3059 Beni
2623 3021 2781 3059 autem

1657 3081 1807 3134 porto
1860 3073 2059 3137 proprio
2117 3073 2314 3121 nomine
2359 3074 2503 3122 dictae
2544 3075 2781 3123 videntur.

1664 3140 1801 3184 Ferri
1830 3141 2005 3195 robora,
2034 3146 2218 3195 ornate,
2246 3153 2337 3201 pro
2357 3137 2485 3186 ferro
2516 3138 2675 3202 simpl.
2698 3155 2785 3188 seu

1664 3201 1833 3249 ferreis
1858 3217 1909 3248 re
2061 3201 2115 3248 's.
2172 3205 2274 3249 Nec
2295 3209 2445 3250 emtor
2464 3206 2648 3250 absistit
2664 3223 2681 3250 .·
2711 3203 2781 3251 vi·

1665 3264 1769 3312 deri
1804 3273 1967 3330 potest
1998 3265 2115 3313 Jani
2150 3265 2345 3328 signum
2384 3265 2437 3313 in
2472 3267 2581 3330 ipso
2619 3267 2782 3331 templi

1665 3329 1801 3377 aditu
1822 3329 1898 3390 (ἐν
1920 3327 2127 3391 προνάῳ)
2151 3329 2360 3378 stetisse.

1733 3394 2005 3440 611—615.
2030 3397 2135 3441 Has
2150 3403 2330 3456 portas,
2350 3398 2597 3442 stridentia
2616 3398 2785 3454 limfae,

1668 3467 1853 3505 reserat
1868 3456 2037 3505 consul
2062 3459 2320 3506 trabeatus.
2368 3461 2549 3506 Trabea
2570 3463 2785 3512 Quirina-

1668 3523 1741 3578 lis,
1766 3521 1908 3578 dicta,
1932 3530 2066 3584 puta,
2095 3521 2223 3582 quod
2256 3522 2328 3569 uti
2356 3523 2567 3584 regibus,
2598 3524 2668 3572 ita
2696 3523 2789 3598 ipsi

1670 3585 1895 3641 Romulo,
1922 3586 2099 3632 trabeae
2122 3585 2281 3632 fuerat
2306 3601 2437 3634 usus.
2496 3587 2669 3636 Plinus
2686 3589 2786 3647 viii,

1670 3651 1749 3704 48,
1770 3665 1806 3696 s.
1834 3649 1912 3703 74,
1937 3651 2127 3697 Trabet‘s
2145 3667 2247 3697 mos
2263 3654 2438 3711 accipio
2453 3668 2596 3714 reges.
2638 3653 2791 3700 Recte

1670 3712 1833 3775 itaque
1866 3713 2011 3760 Maro
2036 3713 2427 3775 antiquissimum
2465 3716 2593 3763 Latii
2628 3733 2793 3777 regem

1674 3776 1843 3824 Picum
1878 3779 2043 3826 trabea
2065 3778 2316 3836 vestiebat,
2340 3794 2446 3842 sup.
2470 3795 2513 3826 v.
2554 3779 2656 3838 187,
2686 3783 2790 3828 188.
2826 3795 2829 3798 ’

1676 3844 1925 3903 Cinctaque
1962 3844 2153 3898 Gabino,
2188 3858 2217 3889 a
2250 3842 2421 3890 Gabiis
2467 3845 2700 3892 translato
2744 3855 2797 3892 et

1670 3905 1818 3954 sacris
1840 3917 2046 3954 servato·
2112 3909 2252 3954 Vocat
2275 3924 2458 3969 pugnas
2474 3927 2489 3953 .·
2526 3918 2580 3955 ut
2608 3925 2714 3971 sup.
2748 3925 2791 3956 v.

1670 3987 1710 4017 c.
1744 3969 1813 4027 iii,
1850 3972 1958 4026 253,
1992 3978 2210 4018 vocantur
2242 3975 2378 4028 venti,
2416 3971 2535 4019 velis
2566 3973 2797 4035 expansis

1672 4033 1995 4096 excipiuntur,
2030 4033 2099 4080 ita
2132 4050 2263 4082 nunc
2292 4035 2540 4098 pugnandi
2582 4045 2799 4099 potestas

1672 4097 1828 4155 datur,
1876 4107 1926 4144 et
1980 4097 2269 4156 admittitur,
2312 4098 2544 4147 indicitur
2597 4099 2793 4148 bellum.

1676 4165 1950 4222 conspirant
1972 4179 2141 4210 cornua
2158 4183 2172 4210 .·
2208 4163 2465 4212 classicum
2488 4163 2694 4212 canitur.

1738 4227 2009 4274 616—622.
2046 4227 2294 4275 Orationis
2316 4227 2505 4290 copiam
2526 4229 2727 4276 observa
2746 4240 2797 4277 et

1673 4299 1897 4338 ornatum
1918 4291 1969 4338 in
1993 4291 2218 4352 singulis:
2256 4291 2315 4338 cf.
2343 4307 2449 4354 sup.
2471 4293 2532 4339 ad
2551 4309 2591 4338 v.
2618 4294 2725 4340 601.
