3050 4934
1213 265 1558 333 LIBER
1602 266 1736 335 IV.

2505 269 2624 334 181

486 412 825 499 Expediet
848 417 1061 481 morbi
1086 434 1373 495 causam,
1404 430 1809 503 eventusque
1835 422 2172 486 secundet.

482 514 659 579 Nam
690 518 828 581 sine
858 519 921 581 vi
948 539 1080 583 non
1108 517 1241 583 ulla
1270 520 1455 583 dabit
1480 532 1837 605 praecepta,
1865 544 2076 606 neque
2105 522 2288 587 illum

490 615 766 681 Orando
794 618 1058 683 flectes:
1104 620 1231 683 vim
1261 621 1491 684 duram
1520 632 1590 685 et
1617 621 1872 687 vincula
1901 634 2095 707 capto

305 714 447 777 400
485 715 760 796 Tende;
806 719 939 783 doli
968 721 1210 785 circum
1238 720 1381 786 haec
1412 722 1674 786 demum
1699 722 2084 807 frangentur
2113 724 2360 789 inanes·

483 816 637 902 Ipsa
665 842 791 904 ego
817 832 909 898 te,
940 823 1189 887 medios
1219 846 1421 906 quum
1452 822 1552 887 sol
1579 824 1952 888 accenderit
1979 835 2205 900 aestus,

488 916 714 990 Quum
743 921 972 986 sitiunt
998 922 1249 999 herbae,
1280 932 1351 987 et
1376 925 1601 1008 pecori
1618 925 1757 1008 jam
1786 926 2036 1009 gratior
2065 926 2298 990 umbra
2327 936 2452 1003 est,

486 1018 565 1082 In
594 1033 849 1086 secreta
878 1024 1050 1087 senis
1081 1024 1337 1100 ducam,
1370 1048 1503 1109 quo
1533 1024 1748 1089 fessus
1779 1027 1864 1089 ab
1892 1026 2086 1090 undis

486 1118 575 1184 Se
604 1123 871 1207 recipit3
917 1123 1106 1189 facile
1134 1136 1211 1189 ut
1238 1146 1464 1189 somno
1494 1126 1880 1209 aggrediare
1900 1127 2252 1211 jacentem.

304 1219 443 1283 405
485 1219 758 1299 Verum,
790 1224 905 1288 ubi
934 1235 1309 1310 correptum
1334 1227 1632 1290 manibus
1655 1226 2010 1312 vinclisque
2039 1229 2318 1306 tenebis,

484 1321 659 1386 Tum
688 1325 883 1389 variae
912 1324 1185 1391 eludent
1214 1327 1467 1411 species
1498 1338 1698 1411 atque
1727 1350 1844 1392 ora
1871 1326 2179 1394 ferarum.

484 1422 633 1489 Fiet
656 1426 826 1489 enim
857 1428 1075 1491 subito
1104 1449 1217 1490 sus
1247 1426 1580 1505 horridus,
1612 1439 1885 1513 atraque
1913 1431 2124 1514 tigris,

486 1525 1019 1611 squamosusque
1049 1527 1271 1604 dracO,
1303 1538 1371 1592 et
1399 1528 1576 1593 fulva
1607 1531 1857 1595 cervice
1886 1530 2128 1608 leaena3

489 1624 632 1691 Aut
658 1649 877 1693 acrem
902 1628 1175 1693 flammae
1210 1630 1487 1693 sonitum
1519 1630 1726 1708 dabit,
1757 1641 1955 1714 atque
1985 1633 2078 1695 ita
2103 1630 2328 1695 vinclis

308 1727 448 1789 410
492 1726 800 1805 Excidet,
831 1740 947 1793 aut
974 1730 1039 1793 in
1067 1751 1271 1814 aquas
1306 1740 1538 1794 tenues
1568 1730 1860 1815 dilapsus
1891 1727 2123 1795 abibit:

488 1827 647 1905 Sed,
680 1840 925 1913 quanto
952 1829 1057 1893 ille
1088 1831 1293 1913 magis
1324 1830 1564 1894 formas
1595 1853 1666 1895 se
1695 1841 1908 1895 vertet
1936 1832 2002 1894 in
2033 1852 2280 1906 omnes,
2353 1864 2358 1869 ·

478 1926 722 2004 Tanto,
752 1938 927 2005 nate,
960 1931 1165 2012 magis
1194 1931 1519 1993 contende
1551 1932 1804 1995 tenacia
1832 1930 2077 2007 vincla3

382 2034 389 2044 ‘
486 2026 719 2091 Donec
750 2026 895 2091 talis
927 2029 1051 2091 erit
1078 2039 1329 2093 mutato
1360 2051 1658 2112 corpore,
1691 2030 1947 2114 qualem

482 2126 770 2203 Videris,
800 2128 1063 2213 incepto
1092 2139 1347 2211 tegeret
1376 2150 1575 2212 quum
1604 2128 1845 2194 lumina
1873 2152 2120 2195 somno.

304 2230 441 2294 415
570 2228 739 2293 Haec
766 2229 880 2305 ait,
912 2239 981 2293 et
1006 2228 1324 2312 liquidum
1352 2230 1696 2293 ambrosiae
1727 2229 2036 2297 diffundit
2065 2233 2368 2311 odorem3

486 2331 639 2404 Quo
670 2340 877 2394 totum
905 2332 1043 2394 nati
1071 2352 1311 2415 corpus
1342 2330 1700 2414 per‘duxit:
1747 2343 1816 2395 at
1843 2331 1935 2396 illi

482 2430 716 2496 Dulcis
744 2432 1119 2516 compositis
1150 2432 1421 2517 spiravit
1450 2432 1738 2496 crinibus
1763 2455 1949 2510 aura,

484 2531 710 2617 Atque
737 2532 973 2597 habilis
1002 2532 1306 2597 membris
1337 2532 1513 2596 venit
1543 2532 1744 2617 vigor.
1824 2532 1952 2598 Est
1981 2556 2218 2619 specus
2248 2536 2477 2621 ingens

484 2634 695 2699 Exesi
720 2632 925 2698 latere
954 2634 1020 2697 in
1050 2634 1308 2710 montiS,
1340 2655 1472 2717 quo
1502 2632 1782 2718 plurima
1810 2645 2006 2699 vento

308 2855 447 2905 ali'u’
433 2870 485 2903 m
503 2855 637 2913 locis,
656 2864 713 2904 ιιι
723 2856 907 2921 passim
921 2856 983 2905 de
1000 2856 1175 2906 insulis
1188 2856 1431 2906 Americae

309 2920 667 2983 narratumlegx
652 2920 790 2969 ‘mua
826 2922 1071 2969 Caeterum
1086 2936 1149 2969 ex
1162 2920 1432 2970 Homerico

308 2985 419 3097 leoco
338 2992 657 3097 amsspmt’
676 2984 817 3033 valde
839 2983 1082 3033 desertam
1102 2984 1189 3033 illo
1211 2996 1431 3048 tempore

685 3058 877 3112 partem
916 3064 1022 3098 esse
1052 3049 1294 3107 debuisse,
1318 3063 1433 3097 cum

306 3112 516 3179 phocae'
502 3128 518 3159 ι
556 3112 623 3160 ud
644 3064 783 3161 littus
798 3113 1108 3175 frequentare
1129 3113 1381 3161 auderent.

377 3176 489 3227 397.
523 3180 813 3239 Eue-utusque
845 3180 1075 3235 secundet,
1110 3186 1315 3226 eventus
1353 3192 1429 3225 se-

308 3241 497 3290 cundos
508 3250 761 3299 monstret,
776 3240 1050 3305 quomodo
1036 3241 1070 3289 ii
1090 3240 1431 3296 obtineantur·

308 3307 358 3354 h.
414 3305 631 3354 remedia
684 3304 907 3361 fortunis,
955 3305 1123 3353 modos
1172 3276 1433 3370 reparandi

310 3385 862 3492 summanr-mm
884 3436 1068 3482 tendere
1093 3436 1237 3481 alienos·
1259 3441 1333 3482 est
1354 3432 1431 3480 in-

302 3498 473 3562 jicere,
518 3498 770 3547 innectere
810 3498 1018 3547 vincula.
1078 3497 1193 3545 AEn.
1241 3497 1293 3555 ii,
1340 3497 1435 3545 236

310 3565 497 3611 vinc-ula
536 3566 649 3611 collo
682 3564 948 3610 latendum.
1004 3564 1187 3609 Circum
1225 3565 1335 3619 haec,
1375 3560 1438 3609 ad

308 3628 431 3685 haec,
471 3626 551 3675 his
588 3626 799 3675 vinculis
845 3624 1091 3674 adhibitis.
1158 3627 1340 3682 Innuet,
1382 3632 1439 3673 ut

311 3692 485 3740 irianes
506 3690 619 3740 sint.
678 3692 923 3740 Ceterum
946 3688 1201 3739 reluctatio
1223 3690 1327 3737 haec
1353 3704 1435 3736 va-

312 3766 431 3814 tum,
457 3754 603 3803 etiam
629 3754 818 3831 Pythiae
840 3764 891 3802 et
914 3754 967 3802 Si
1032 3753 1127 3811 112,
1153 3753 1440 3801 adumbrata

312 3830 391 3869 est
411 3835 476 3868 est
499 3818 725 3885 spasticis
755 3818 999 3868 affectioni
1032 3834 1105 3874 us,
1131 3817 1307 3880 quibus
1328 3832 1434 3865 cor-

310 3885 413 3948 ripi
441 3884 675 3933 videbant
708 3884 1047 3933 ecstaticorum
1086 3882 1293 3931 istorum
1330 3896 1435 3929 cor-

504 3949 606 3997 Res
639 3964 738 3995 non
771 3946 936 3996 minus
967 3946 1029 3995 de
1054 3945 1308 4021 prophetis
1328 3945 1437 3993 He-

310 3964 555 4061 ffirum
586 4020 716 4061 nota.
777 4012 1089 4060 Recusabant
1117 4010 1283 4073 itaque
1303 4017 1441 4058 vates

314 4076 479 4126 subire
498 4076 611 4125 illos
630 4092 863 4141 spasmos.

380 4144 492 4189 403.
528 4142 585 4189 In
619 4148 797 4189 secreta
835 4144 969 4198 senis,
995 4148 1233 4189 secretam
1255 4137 1435 4186 sedem.

314 4206 623 4255 Adurnbrata
634 4214 799 4254 autem
814 4206 921 4253 haec
933 4218 1140 4279 quoque
1140 4203 1200 4279 ad
1217 4217 1435 4250 commu-

316 4286 430 4319 nem
451 4270 707 4318 bominum
729 4269 1040 4345 antiquorum
1062 4266 1359 4343 opinionem,
1386 4266 1438 4315 in

314 4334 579 4383 solitudine
596 4334 781 4383 versari
784 4334 965 4409 odem,
951 4331 1273 4407 inprimisque
1290 4330 1436 4378 meri-

314 4398 410 4455 die,
436 4398 599 4448 medio
620 4408 757 4457 aestu,
782 4397 835 4446 in
974 4412 1087 4445 rum
1112 4395 1443 4457 silvarumque

318 4463 581 4513 solitudine
600 4462 719 4512 deos
737 4462 1017 4527 pastoritios
1040 4470 1092 4510 et
1114 4468 1345 4523 agrestes.

1560 2859 1936 2908 406—410.1n
1960 2859 2120 2907 varias
2153 2858 2336 2907 formas
2369 2874 2422 2908 se
2457 2868 2617 2909 nans-

1495 2921 1756 2979 formabit3
1803 2932 1854 2971 at
1893 2931 2076 2987 quanto
2117 2922 2410 2985 exquisitius
2448 2926 2622 2987 poeta!

1497 2988 1586 3035 Sus
1618 2990 1846 3045 horr-idua
1880 2986 2194 3035 horrentibus
2227 2986 2386 3035 saetis.
2424 2996 2532 3036 atra
2560 2990 2622 3034 ta·-

1497 3054 1615 3115 grc‘s,
1662 3066 1803 3100 σενα.
1873 3052 1986 3100 Fiet
2010 3055 2200 3111 flamma
2239 3050 2315 3098 vel
2358 3067 2494 3112 aqua.
2557 3050 2629 3098 At

1499 3130 1644 3177 quam
1667 3118 1866 3164 ornate!
1916 3119 2133 3174 Excidet,
2151 3115 2384 3172 elabetur,
2411 3113 2625 3189 effugiet,

1498 3187 1556 3227 ut
1597 3179 1854 3228 ἐκπίπτειν.
1921 3182 2146 3242 Dilapsus
2197 3182 2360 3237 abibit,
2407 3178 2626 3227 ornatius

1500 3258 1645 3305 quam
1669 3243 1922 3293 dilabetur.

1563 3308 1836 3355 412—414.
1877 3310 2120 3366 Coreto-nde,
2140 3307 2356 3364 intende,
2375 3307 2623 3355 contrahe.

1498 3370 1820 3420 Communior
1831 3372 1956 3420 ratio
1979 3372 2153 3430 fuerat,
2178 3389 2281 3420 cun
2303 3388 2482 3420 somnus
2501 3379 2625 3435 tege-

1499 3444 1573 3484 ret
1595 3438 1782 3483 lumina.

1566 3501 1676 3546 415.
1715 3500 1818 3547 Hic
1831 3514 1947 3549 vero
1963 3515 2076 3547 cum
2103 3499 2371 3547 Homerica
2387 3498 2624 3572 simplici—

1502 3572 1603 3611 tate
1618 3571 1670 3610 et
1681 3563 1888 3611 veritate
1901 3562 2156 3610 contendit
2169 3562 2367 3623 Virgilii
2387 3560 2629 3635 eleg-antia

1504 3635 1556 3674 et
1575 3626 1861 3688 ingenium.
1897 3641 2012 3673 nam
2045 3626 2097 3672 in
2134 3624 2308 3687 Odyss.
2327 3644 2367 3682 υ,
2391 3627 2490 3671 444
2523 3640 2624 3686 sqq

1504 3689 1760 3738 ambrosiae
1781 3689 1899 3737 odor
1912 3704 2056 3751 quam
2073 3688 2286 3736 maxime
2309 3697 2416 3736 erat
2430 3687 2629 3750 quidem

1502 3753 1654 3811 utilis,
1692 3754 1767 3801 rei
1808 3762 1971 3801 tamen
2011 3752 2166 3816 ipsius
2205 3766 2380 3827 parum
2412 3752 2630 3813 „iucunda

1504 3817 1748 3873 narratio;
1784 3826 1834 3866 at
1852 3816 1904 3865 in
1925 3824 2092 3865 nostro
2107 3815 2305 3879 iuvenis
2326 3830 2504 3879 corpus
2521 3830 2624 3863 am·

1504 3880 1668 3931 brosia
1696 3880 1965 3945 inungitur,
2007 3890 2064 3929 ut
2097 3880 2182 3929 ille
2211 3895 2362 3929 novas
2399 3880 2530 3927 vires
2565 3880 2628 3927 ad

1505 3945 1820 3995 vinciendum
1841 3960 2008 3994 senem
2026 3945 2282 4009 acciperet.

1571 4011 1862 4058 416—418.
1915 4011 2158 4067 Perdat-rit,
2199 4010 2248 4057 h.
2295 4008 2464 4065 illevit,
2511 4022 2623 4072 per-

1506 4074 1682 4129 unxit3
1719 4084 1770 4122 at
1803 4073 1937 4123 istud
1982 4072 2285 4136 exquisitius.
2342 4072 2497 4120 Porro
2518 4072 2626 4120 vul-

1502 4138 1608 4201 gari
1631 4138 1820 4186 ratione
1837 4140 2032 4200 perduci
2051 4140 2321 4185 ambrosian
2333 4153 2594 4199 percorpus
2609 4156 2628 4191 ,-

1504 4202 1796 4265 exquisitius
1818 4218 1980 4263 corpus
2001 4204 2230 4249 ambrosia
2251 4200 2444 4249 dicimr.
2494 4204 2630 4250 Aura

1504 4270 1667 4325 duleis,
1682 4267 1730 4315 h.
1743 4265 1874 4314 odor.
1912 4268 2103 4314 Habiln‘s
2115 4269 2257 4328 vigor,
2274 4265 2358 4327 qui
2367 4265 2624 4313 redditha-

1503 4330 1667 4443 bilem,
1712 4340 1897 4394 aptum,
1939 4328 2170 4378 idoneum
2213 4331 2362 4378 rebus
2409 4329 2628 4392 agendis,

1528 4404 1700 4443 ortem.

1576 4460 1847 4507 418—420.
1895 4458 1988 4507 Est
2011 4468 2205 4508 antrum
2239 4458 2290 4507 in
2322 4474 2444 4521 rupe
2467 4474 2629 4513 exesa,
