3050 4934
393 224 522 288 236

1273 220 1801 289 AENEIDOS

395 374 522 436 725
567 372 672 437 Fit
704 374 1012 458 strepitus
1042 375 1255 452 tectiS,
1287 396 1637 459 vocemque
1668 397 1788 459 per
1816 372 2029 459 ampla
2058 371 2351 437 volutant

566 472 791 553 Αἰνίας
839 475 1214 559 dependent
1235 474 1454 559 lychni
1478 476 1894 560 laquearibus
1924 475 2140 539 aureis

567 572 844 651 Incensi,
877 588 946 639 et
973 586 1230 640 noctem
1255 576 1526 639 flammis
1558 574 1801 639 funalia
1828 576 2113 639 vincunt.

567 676 698 741 Hic
727 678 951 761 regina
979 698 1242 759 gravem
1269 678 1537 760 gemmis
1566 697 1856 758 auroque
1888 676 2188 758 poposcit
2226 719 2237 729 .
2276 749 2283 756 ·

353 828 360 835 .
567 778 996 861 Implevitque
1025 799 1204 842 mero
1233 787 1549 861 pateram,
1581 798 1775 860 quam
1804 774 2007 839 Belus
2038 784 2107 837 et
2134 795 2357 838 omnes

392 880 522 941 730
563 878 628 941 A
661 878 823 942 Belo
855 878 1059 955 soliti3
1105 890 1244 942 tum
1274 877 1446 942 facta
1475 877 1731 942 silentia
1759 878 1985 941 tectis:

563 980 847 1064 Jupiter,
880 980 1248 1063 hospitibus
1279 1002 1426 1042 nam
1457 989 1522 1042 te
1554 979 1712 1042 dare
1734 978 1889 1062 jura
1913 975 2293 1060 loquuntur,

561 1079 760 1145 Hunc
790 1081 1010 1145 laetum
1037 1079 1388 1164 Tyriisque
1417 1080 1593 1143 diem
1621 1078 1960 1163 Trojaque
1987 1076 2301 1162 profectis

564 1182 734 1247 Esse
765 1182 946 1259 velis,
976 1194 1366 1265 nostrosque
1392 1181 1591 1266 hujus
1620 1181 1985 1245 meminisse
2016 1181 2319 1243 minores.

560 1282 760 1348 Adsit
789 1284 1028 1348 laetitiae
1059 1282 1363 1347 Bacchus
1396 1284 1609 1359 dator,
1640 1294 1710 1346 et
1739 1280 2141 1347 bonaeJuno.

391 1386 518 1449 735
564 1384 655 1449 Et
685 1405 822 1460 v08,
855 1407 919 1461 o,
951 1394 1212 1461 coetum,
1244 1382 1454 1466 Tyrii,
1487 1382 1815 1449 celebrate
1844 1382 2159 1447 faventes·

562 1487 771 1561 Dixit,
802 1498 870 1549 et
897 1487 965 1549 in
993 1506 1280 1549 mensam
1307 1484 1571 1549 laticum
1598 1484 1821 1548 libavit
1848 1484 2188 1559 honorem,

559 1587 929 1671 Primaque,
961 1586 1183 1664 libato,
1217 1608 1465 1650 summo
1495 1596 1689 1649 tenus
1720 1586 1936 1669 attigit
1966 1607 2099 1649 ore.

559 1688 736 1752 Tum
765 1688 958 1753 Bitiae
984 1688 1167 1752 dedit
1194 1688 1613 1772 increpitans·
1690 1686 1807 1751 Ille
1838 1687 2111 1771 impiger
2140 1666 2360 1749 hausit

555 1790 977 1874 Spumantem
1005 1799 1319 1873 pateram,
1353 1800 1420 1853 et
1447 1787 1645 1873 pleno
1676 1810 1747 1853 se
1777 1787 2022 1872 proluit
2048 1809 2245 1852 auro:

387 1892 514 1954 740
557 1890 721 1955 Post
750 1890 855 1954 alii
884 1912 1212 1974 proceres·
1290 1889 1561 1953 Cithara
1590 1890 1859 1953 crinitus
1892 1887 2085 1973 Iopas

558 1991 878 2056 Personat
909 2002 1159 2067 aurata,
1192 1992 1414 2055 docuit
1443 2013 1592 2074 quae
1617 2012 1957 2054 maxumus
1987 1987 2200 2053 Atlas.

384 2204 658 2262 dicendum,
689 2214 883 2267 poetam
911 2204 1141 2252 maluisse
1167 2204 1243 2252 sui
1276 2204 1506 2268 temporis

385 2283 582 2316 morem·
605 2268 784 2316 inferre
816 2284 959 2330 quam
992 2268 1245 2330 antiquum
1277 2268 1503 2316 retinere.

389 2332 546 2379 Unice
587 2347 702 2379 vera
745 2342 820 2381 est
861 2332 1102 2396 posterior
1151 2332 1503 2395 interpretatio.

389 2396 516 2443 Nam
546 2399 654 2442 vina
683 2414 906 2454 coronare,
931 2411 1022 2459 pro
1050 2406 1262 2444 crateras
1285 2396 1385 2445 vini
1420 2412 1502 2444 co-

385 2460 520 2507 rollis
551 2459 760 2522 cingere,
788 2462 850 2509 ad
885 2460 1254 2523 intelligendum
1282 2472 1358 2509 est
1389 2476 1503 2524 pro-

387 2538 504 2572 num
546 2533 595 2572 et
638 2534 849 2581 rectum3
902 2534 952 2573 at
993 2529 1102 2573 vina
1145 2542 1370 2582 cor-omre,
1417 2540 1507 2589 pro

385 2597 596 2635 crateras
615 2587 728 2635 vino
747 2588 806 2634 ad
830 2606 936 2637 oras
952 2606 1106 2651 usque
1129 2589 1345 2654 implere,
1366 2604 1509 2637 nemo

386 2651 548 2700 dicere
569 2650 741 2714 potuit.

550 2750 561 2760 .
615 2715 914 2777 Comparant
949 2716 1095 2763 illud:
1147 2718 1428 2779 Μνηστῆρες
1466 2716 1507 2764 δ’

389 2776 634 2838 ὁμάδησαν
665 2777 754 2825 ἀνὰ
782 2775 967 2839 μέγαρα
997 2779 1230 2837 σκιόεντα,
1259 2781 1431 2844 Odyss-
1459 2800 1502 2837 α,

387 2843 498 2899 365,
524 2850 576 2889 et
595 2840 709 2889 alibi
735 2840 1010 2904 repetitum.
1071 2843 1370 2893 Lectissimis
1391 2860 1498 2892 ver—

387 2905 461 2953 bis
491 2922 607 2955 usus
637 2914 688 2953 et
723 2916 900 2961 noster,
925 2903 1146 2966 inprimis
1181 2907 1230 2954 in
1265 2912 1500 2957 volutant.-

383 2965 650 3032 loquuntur
669 2985 777 3031 quae
807 2966 964 3015 audiri
997 2968 1194 3029 possent
1226 2986 1315 3032 per
1347 2982 1500 3021 totum

385 3034 701 3082 coenaculum.

451 3098 560 3155 726,
583 3096 690 3147 727.
723 3094 1068 3143 Continuatatn
1090 3092 1142 3141 in
1165 3096 1363 3144 multam
1385 3116 1498 3149 noc-

385 3171 484 3208 tem
503 3174 690 3207 coenam
713 3158 928 3206 indicare
950 3158 1056 3206 vult
1075 3166 1232 3220 poeta.
1290 3160 1504 3213 Observa

385 3234 437 3271 et
479 3223 558 3271 hic
601 3237 843 3271 summum
887 3231 1110 3269 ornatum
1155 3222 1505 3285 verborumque

385 3288 670 3350 dignitatem
693 3287 746 3333 in
766 3301 822 3334 re
843 3286 990 3333 tenui.
1045 3286 1158 3333 Non
1183 3285 1406 3334 lucernas
1429 3289 1504 3334 vel

384 3350 672 3399 candelabra
714 3350 892 3414 posuit,
938 3349 1026 3397 sed
1073 3352 1268 3411 lychnos,
1298 3349 1504 3412 funalia,

384 3417 432 3463 h.
459 3431 500 3463 e.
525 3415 765 3463 funiculos
785 3428 898 3462 cera
919 3412 1082 3470 illitos,
1106 3413 1151 3462 h.
1174 3429 1215 3461 e.
1239 3414 1380 3461 faces.

409 3534 416 3539 ,
450 3481 558 3531 730.
595 3482 744 3537 Soliti,
781 3494 845 3526 sc.
887 3476 1105 3541 implere,
1143 3478 1191 3525 h.
1230 3494 1271 3525 e.
1306 3494 1402 3541 qua
1429 3479 1506 3527 usi

382 3546 588 3592 fuerant.
656 3544 702 3591 A
727 3543 849 3591 Belo
870 3550 1032 3591 autem
1055 3540 1312 3605 Tyriorum
1335 3557 1504 3606 reg-um

384 3608 586 3671 stirpem
607 3607 850 3656 ducebant
871 3606 1044 3655 Graeci.

447 3672 718 3723 731—735.
773 3672 950 3720 Preces
989 3670 1118 3718 inter
1158 3670 1406 3719 libandum
1443 3672 1504 3719 ad

381 3738 411 3784 J
417 3751 554 3785 ovem
588 3734 751 3798 ξένιον,
783 3734 1086 3798 hospitalem,
1121 3734 1271 3782 factoe.
1329 3738 1500 3796 Hospi—

382 3804 505 3849 tibus
527 3809 570 3848 tc
593 3804 704 3847 darc
722 3800 857 3861 jura,
886 3813 1109 3862 praeesse,
1133 3800 1224 3846 sub
1247 3799 1398 3847 tutela
1419 3814 1503 3847 eos

381 3866 572 3913 habere.
644 3862 774 3911 Illud
807 3880 913 3910 nam
951 3876 1146 3909 causam
1186 3862 1502 3925 interponens

382 3928 702 3976 Homericum
729 3942 834 3974 esse
864 3925 982 3975 satis
1011 3934 1214 3973 constat.
1281 3928 1498 3985 Minores,

380 4002 597 4055 nepotes.
679 3993 811 4038 Bona
850 3993 984 4048 Juno,
1025 3988 1251 4063 propitia,
1290 3990 1496 4052 χρηστὴ,

379 4054 548 4116 ἀγαθή.
606 4052 871 4103 invocatur
901 4062 1063 4102 autem
1085 4053 1180 4111 luc,
1203 4061 1260 4101 ut
1286 4052 1499 4118 patrium

377 4119 638 4182 Tyriorum
660 4134 867 4167 numen:
895 4118 955 4166 cf.
981 4133 1085 4183 sup.
1109 4132 1154 4164 v.
1185 4119 1257 4165 15.
1308 4120 1496 4177 Goetum,

376 4181 679 4257 eon-virium3
713 4181 926 4244 foventes
961 4180 1200 4229 intersitis
1229 4182 1343 4230 huic
1378 4196 1494 4231 con—

377 4260 523 4293 vivio.

440 4308 712 4359 736—739.
774 4310 995 4367 Latia-um,
1048 4309 1219 4367 laticis,
1276 4314 1492 4367 honorem,

374 4374 420 4421 li.
447 4388 487 4420 e.
515 4372 682 4421 vinum
715 4372 766 4419 in
800 4373 1000 4421 deorum
1035 4374 1266 4422 honorem
1301 4390 1355 4422 ac
1389 4375 1491 4422 cul-

1572 2212 1675 2251 tum
1699 2201 1931 2252 libatione
1951 2202 2171 2251 effusum.
2220 2204 2402 2262 Libade,
2426 2204 2471 2251 h.
2492 2220 2533 2253 e.
2558 2215 2691 2270 post-

1572 2282 1716 2329 quam
1738 2267 1941 2315 libatum
1964 2276 2082 2325 erat,
2107 2266 2184 2317 vel
2214 2266 2363 2317 libato
2385 2268 2583 2318 laticum
2604 2272 2693 2319 ho-

1572 2346 1705 2389 nore,
1740 2330 1882 2379 alteri
1916 2330 2063 2379 tradit
2098 2332 2341 2395 poculum,
2375 2334 2505 2381 unde
2535 2335 2696 2397 primo

1570 2395 1678 2443 loco
1698 2405 1979 2457 gustaverat
1998 2395 2181 2458 regina,
2206 2407 2262 2444 ut
2290 2405 2341 2443 et
2362 2396 2445 2445 ille
2462 2397 2695 2449 libatione

1569 2460 1696 2507 facta
1714 2458 1927 2515 biberen
1964 2460 2091 2521 quod
2114 2468 2165 2507 et
2195 2460 2239 2508 is
2268 2460 2408 2509 laetus
2428 2461 2575 2511 luben
2634 2480 2695 2511 ue

1572 2523 1699 2571 facit.
1756 2526 1934 2585 Samnio
1967 2532 2097 2572 tenus
2118 2528 2280 2587 attigit
2308 2542 2397 2583 oro,
2422 2526 2594 2590 primi-
2636 2542 2690 2575 a-

1574 2587 1668 2637 biis
1707 2588 2009 2651 degustavit:
2061 2588 2285 2651 προπίνειν
2327 2589 2412 2639 illa
2454 2600 2507 2638 et
2540 2594 2693 2651 dedit,

1572 2651 1864 2715 propinavit.
1935 2652 1987 2699 Is
2022 2651 2155 2701 enim
2189 2652 2301 2700 vitoe
2332 2654 2541 2703 heroicae
2573 2671 2694 2714 mos,

1572 2724 1629 2763 ut
1646 2716 1852 2779 singulis
1872 2716 2092 2765 convivis
2112 2716 2344 2793 deinceps
2364 2718 2591 2781 poculum
2613 2736 2691 2768 re-

1572 2780 1759 2843 pletum
1824 2782 2077 2838 raebeamr,
2102 2781 2233 2829 unde
2266 2782 2457 2841 libatur,
2482 2792 2585 2831 tum
2619 2784 2693 2832 vi-

1570 2860 1687 2892 num
1722 2796 1945 2893 ebizitur.
2003 2848 2307 2907 Increpitans,
2332 2846 2489 2911 simpl.
2514 2848 2691 2897 adhor-

1569 2920 1691 2966 tans,
1738 2908 1965 2967 invitans,
2010 2920 2067 2957 ut
2108 2920 2157 2957 et
2206 2908 2312 2974 ipse
2356 2911 2570 2968 biberen
2623 2913 2694 2961 nil

1567 2974 2015 3087 ἓῗὲῗῖἒῗωέιὲἴ
2054 2972 2693 3102 Ἣῖωωῗῗῗμὲιῗῗ

2009 3072 2021 3084 ⁰
2676 3078 2691 3101 2

1565 3101 1794 3165 poculum
1820 3101 1919 3149 vini
1950 3102 2150 3165 plenum
2174 3104 2403 3166 epotavit,
2426 3104 2556 3167 quod
2583 3114 2691 3154 tan-

1567 3174 1672 3213 tum
1709 3166 1857 3214 labris
1900 3166 2129 3228 attigerat
2172 3166 2330 3215 Dido:
2378 3172 2589 3230 proluere
2626 3188 2689 3229 se,

1568 3229 1743 3290 gulam,
1768 3230 1953 3295 dictum
1974 3240 2107 3293 puta,
2132 3240 2187 3279 ut
2206 3234 2309 3280 vino
2334 3232 2568 3295 peffundt',
2592 3250 2687 3283 m-

1568 3295 1687 3350 dere,
1720 3297 1853 3357 tingi,
1878 3295 1939 3342 de
1972 3295 2147 3352 ebriis;
2182 3311 2292 3358 quae
2312 3298 2479 3346 omnia
2504 3299 2695 3348 notiora

1570 3364 1704 3462 ξυιὶεέ
1754 3360 1909 3406 Multa
1934 3362 2147 3420 prolutas
2170 3378 2321 3423 vappa
2345 3360 2469 3411 Hor.
2489 3362 2508 3410 i
2532 3362 2688 3413 Serm.

1572 3432 1617 3473 o,
1706 3452 1717 3463 .

1624 3478 1745 3552 JK).
1795 3484 1872 3532 Ad
1910 3484 2117 3535 Homeri
2155 3487 2494 3549 imitationem,
2532 3492 2685 3555 inpri-

1572 3558 1664 3617 mis
1710 3542 1882 3606 Odyss-
1922 3552 1962 3606 Θ,
1998 3552 2063 3597 62
2102 3567 2173 3614 sq.
2223 3552 2454 3604 Heroicis
2498 3565 2597 3604 tem

1570 3608 1705 3658 ribus
1737 3622 1931 3681 semper
1969 3610 2120 3663 ἀοιδὸς
2158 3617 2407 3676 conviviis,
2446 3636 2554 3682 quse
2604 3636 2689 3671 ere

1569 3684 1681 3719 cum
1716 3684 1771 3719 re
1814 3671 1982 3720 dlvina
2020 3688 2157 3725 erant
2193 3684 2465 3743 conjuncta,
2506 3685 2686 3734 adera.

1571 3737 1779 3783 Crinitus
1794 3754 1809 3782 :
1842 3751 1901 3799 pr
1966 3736 2068 3785 rius
2089 3738 2132 3786 i's
2152 3742 2199 3787 ei
2386 3762 2527 3796 orum
2548 3750 2685 3799 habi-

1570 3808 1660 3857 tus,
1690 3815 1877 3847 comam
1904 3816 1933 3848 a
1952 3816 2060 3858 ere;
2096 3802 2219 3851 forte
2242 3807 2486 3869 Apollinis
2518 3828 2683 3862 exem-

1602 3863 1663 3911 lo.
1717 3864 1761 3911 Τ
1762 3864 2015 3913 raduxisse
2048 3874 2209 3914 tamen
2232 3883 2295 3915 ex
2323 3871 2425 3921 suis
2454 3878 2685 3941 tempori-

1599 3944 1656 3976 us
1678 3928 1739 3976 ad
1761 3938 1927 3976 vetera
1947 3928 2139 3977 videtur
2160 3931 2413 3995 Virgilius.

1642 3990 1751 4039 741.
1808 3994 2045 4050 Personat,
2088 3994 2221 4043 canit
2262 3996 2450 4047 cithara
2492 4018 2549 4051 ea
2587 4022 2687 4066 qua

1562 4058 1729 4114 docetis,
1771 4055 1951 4105 cecinit
1991 4055 2138 4122 prior,
2178 4062 2331 4109 Atlas.
2408 4063 2491 4111 Sic
2530 4068 2687 4130 poetis

1561 4137 1735 4178 sonare,
1760 4130 1811 4168 et
1844 4124 2015 4181 dooere,
2048 4120 2297 4173 διδάσκειν.
2366 4127 2603 4179 Praeclare
2635 4142 2687 4181 et

1561 4185 1653 4232 hoc
1684 4184 1746 4233 ad
1782 4184 1996 4235 rationes
2026 4185 2220 4236 illorum
2256 4198 2543 4255 temporum,
2574 4196 2683 4257 qui-

1562 4248 1651 4297 bus
1686 4249 1845 4297 omnis
1877 4249 2182 4315 philosophia
2212 4264 2401 4303 naturae
2430 4257 2681 4320 qualicun-

1560 4327 1654 4373 que
1704 4313 2111 4377 contemplatione
2154 4318 2506 4379 continebatur,
2552 4325 2683 4385 quod

1559 4377 1787 4424 carminis
1818 4388 2156 4441 argumentum
2196 4396 2257 4428 cx
2290 4386 2599 4447 cosmogonia
2630 4397 2681 4435 et
