<?xml version="1.0" encoding="UTF-8"?>
<!DOCTYPE html PUBLIC "-//W3C//DTD XHTML 1.0 Transitional//EN"
    "http://www.w3.org/TR/xhtml1/DTD/xhtml1-transitional.dtd">
<html xmlns="http://www.w3.org/1999/xhtml" xml:lang="en" lang="en">
 <head>
  <title>
</title>
<meta http-equiv="Content-Type" content="text/html;charset=utf-8" />
  <meta name='ocr-system' content='tesseract 3.04.00' />
  <meta name='ocr-capabilities' content='ocr_page ocr_carea ocr_par ocr_line ocrx_word'/>
</head>
<body>
  <div class='ocr_page' id='page_1' title='image "./publiivirgiliim00unkngoog_0063.png"; bbox 0 0 3050 4934; ppageno 0'>
   <div class='ocr_carea' id='block_1_1' title="bbox 494 257 580 318">
    <p class='ocr_par' dir='ltr' id='par_1_1' title="bbox 494 257 580 318">
     <span class='ocr_line' id='line_1_1' title="bbox 494 257 580 318; baseline 0 0"><span class='ocrx_word' id='word_1_1' title='bbox 494 257 580 318; x_wconf 73' lang='lat'><strong>52</strong></span> 
     </span>
    </p>
   </div>
   <div class='ocr_carea' id='block_1_2' title="bbox 1331 245 1977 342">
    <p class='ocr_par' dir='ltr' id='par_1_2' title="bbox 1331 245 1977 342">
     <span class='ocr_line' id='line_1_2' title="bbox 1331 245 1977 342; baseline -0.003 -30"><span class='ocrx_word' id='word_1_2' title='bbox 1331 245 1977 342; x_wconf 77' lang='lat' dir='ltr'><strong>BucoLlcoN</strong></span> 
     </span>
    </p>
   </div>
   <div class='ocr_carea' id='block_1_3' title="bbox 535 397 2539 787">
    <p class='ocr_par' dir='ltr' id='par_1_3' title="bbox 666 397 2405 686">
     <span class='ocr_line' id='line_1_3' title="bbox 666 397 2107 482; baseline -0.003 -16"><span class='ocrx_word' id='word_1_3' title='bbox 666 401 844 466; x_wconf 88' lang='lat' dir='ltr'><strong>Ecce</strong></span> <span class='ocrx_word' id='word_1_4' title='bbox 874 399 1134 465; x_wconf 83' lang='lat' dir='ltr'><strong>Dionaei</strong></span> <span class='ocrx_word' id='word_1_5' title='bbox 1162 398 1484 482; x_wconf 88' lang='lat' dir='ltr'><strong>processit</strong></span> <span class='ocrx_word' id='word_1_6' title='bbox 1515 397 1793 461; x_wconf 81' lang='lat' dir='ltr'><strong>Coesaris</strong></span> <span class='ocrx_word' id='word_1_7' title='bbox 1822 408 2107 476; x_wconf 88' lang='lat' dir='ltr'><strong>astrum;</strong></span> 
     </span>
     <span class='ocr_line' id='line_1_4' title="bbox 668 497 2405 584; baseline -0.002 -19"><span class='ocrx_word' id='word_1_8' title='bbox 668 500 946 566; x_wconf 86' lang='lat' dir='ltr'><strong>Astrum</strong></span> <span class='ocrx_word' id='word_1_9' title='bbox 973 522 1106 584; x_wconf 89' lang='lat' dir='ltr'><strong>quo</strong></span> <span class='ocrx_word' id='word_1_10' title='bbox 1139 510 1394 584; x_wconf 79' lang='lat' dir='ltr'>segetes</span> <span class='ocrx_word' id='word_1_11' title='bbox 1426 499 1793 583; x_wconf 83' lang='lat' dir='ltr'><strong>gauderent</strong></span> <span class='ocrx_word' id='word_1_12' title='bbox 1821 497 2145 583; x_wconf 85' lang='lat' dir='ltr'><strong>frugibus,</strong></span> <span class='ocrx_word' id='word_1_13' title='bbox 2177 509 2245 563; x_wconf 89' lang='lat' dir='ltr'><strong>et</strong></span> <span class='ocrx_word' id='word_1_14' title='bbox 2272 520 2405 583; x_wconf 91' lang='lat' dir='ltr'><strong>quo</strong></span> 
     </span>
     <span class='ocr_line' id='line_1_5' title="bbox 670 599 2124 686; baseline -0.002 -19"><span class='ocrx_word' id='word_1_15' title='bbox 670 602 971 667; x_wconf 85' lang='lat' dir='ltr'>Duceret</span> <span class='ocrx_word' id='word_1_16' title='bbox 999 602 1236 686; x_wconf 83' lang='lat' dir='ltr'><strong>apricis</strong></span> <span class='ocrx_word' id='word_1_17' title='bbox 1265 601 1332 664; x_wconf 92' lang='lat' dir='ltr'><strong>in</strong></span> <span class='ocrx_word' id='word_1_18' title='bbox 1361 600 1635 666; x_wconf 90' lang='lat' dir='ltr'><strong>collibus</strong></span> <span class='ocrx_word' id='word_1_19' title='bbox 1667 621 1793 664; x_wconf 83' lang='lat' dir='ltr'><strong>uva</strong></span> <span class='ocrx_word' id='word_1_20' title='bbox 1822 599 2124 664; x_wconf 88' lang='lat' dir='ltr'><strong>colorem.</strong></span> 
     </span>
    </p>

    <p class='ocr_par' dir='ltr' id='par_1_4' title="bbox 535 699 2539 787">
     <span class='ocr_line' id='line_1_6' title="bbox 535 699 2539 787; baseline -0.002 -20"><span class='ocrx_word' id='word_1_21' title='bbox 535 704 622 768; x_wconf 89' lang='lat'><strong>50</strong></span> <span class='ocrx_word' id='word_1_22' title='bbox 665 703 913 781; x_wconf 81' lang='lat' dir='ltr'><strong>Insere,</strong></span> <span class='ocrx_word' id='word_1_23' title='bbox 945 701 1239 786; x_wconf 86' lang='lat' dir='ltr'><strong>Daphni,</strong></span> <span class='ocrx_word' id='word_1_24' title='bbox 1272 702 1488 787; x_wconf 82' lang='lat' dir='ltr'><strong>piros3</strong></span> <span class='ocrx_word' id='word_1_25' title='bbox 1536 710 1809 785; x_wconf 84' lang='lat' dir='ltr'>carpent</span> <span class='ocrx_word' id='word_1_26' title='bbox 1838 710 1952 765; x_wconf 89' lang='lat' dir='ltr'><strong>tua</strong></span> <span class='ocrx_word' id='word_1_27' title='bbox 1982 721 2176 785; x_wconf 87' lang='lat' dir='ltr'><strong>poma</strong></span> <span class='ocrx_word' id='word_1_28' title='bbox 2204 699 2539 786; x_wconf 80' lang='lat' dir='ltr'><strong>nepotes.”</strong></span> 
     </span>
    </p>
   </div>
   <div class='ocr_carea' id='block_1_4' title="bbox 666 802 1899 886">
    <p class='ocr_par' dir='ltr' id='par_1_5' title="bbox 666 802 1899 886">
     <span class='ocr_line' id='line_1_7' title="bbox 666 802 1899 886; baseline -0.004 -17"><span class='ocrx_word' id='word_1_29' title='bbox 666 804 904 869; x_wconf 89' lang='lat' dir='ltr'><strong>Omnia</strong></span> <span class='ocrx_word' id='word_1_30' title='bbox 932 802 1061 868; x_wconf 79' lang='lat' dir='ltr'><strong>fert</strong></span> <span class='ocrx_word' id='word_1_31' title='bbox 1092 814 1275 880; x_wconf 74' lang='lat' dir='ltr'><strong>aetaS,</strong></span> <span class='ocrx_word' id='word_1_32' title='bbox 1308 804 1589 866; x_wconf 89' lang='lat' dir='ltr'><strong>animum</strong></span> <span class='ocrx_word' id='word_1_33' title='bbox 1615 823 1899 886; x_wconf 89' lang='lat' dir='ltr'><strong>quoque.</strong></span> 
     </span>
    </p>
   </div>
   <div class='ocr_carea' id='block_1_5' title="bbox 1992 799 2605 886">
    <p class='ocr_par' dir='ltr' id='par_1_6' title="bbox 1992 799 2605 886">
     <span class='ocr_line' id='line_1_8' title="bbox 1992 799 2605 886; baseline 0 -22"><span class='ocrx_word' id='word_1_34' title='bbox 1992 801 2188 886; x_wconf 84' lang='lat' dir='ltr'><strong>Saepe</strong></span> <span class='ocrx_word' id='word_1_35' title='bbox 2216 823 2344 886; x_wconf 82' lang='lat' dir='ltr'><strong>ego</strong></span> <span class='ocrx_word' id='word_1_36' title='bbox 2372 799 2605 884; x_wconf 82' lang='lat' dir='ltr'><strong>longos</strong></span> 
     </span>
    </p>
   </div>
   <div class='ocr_carea' id='block_1_6' title="bbox 474 903 2576 2297">
    <p class='ocr_par' dir='ltr' id='par_1_7' title="bbox 474 903 2576 2297">
     <span class='ocr_line' id='line_1_9' title="bbox 666 903 2282 992; baseline -0.002 -21"><span class='ocrx_word' id='word_1_37' title='bbox 666 907 1012 971; x_wconf 74' lang='lat' dir='ltr'><strong>Cantando</strong></span> <span class='ocrx_word' id='word_1_38' title='bbox 1040 928 1316 992; x_wconf 85' lang='lat' dir='ltr'><strong>puerum</strong></span> <span class='ocrx_word' id='word_1_39' title='bbox 1343 906 1601 970; x_wconf 89' lang='lat' dir='ltr'><strong>memini</strong></span> <span class='ocrx_word' id='word_1_40' title='bbox 1628 927 1730 969; x_wconf 89' lang='lat' dir='ltr'><strong>me</strong></span> <span class='ocrx_word' id='word_1_41' title='bbox 1760 905 2043 970; x_wconf 87' lang='lat' dir='ltr'><strong>condere</strong></span> <span class='ocrx_word' id='word_1_42' title='bbox 2075 903 2282 970; x_wconf 83' lang='lat' dir='ltr'><strong>soles:</strong></span> 
     </span>
     <span class='ocr_line' id='line_1_10' title="bbox 663 1003 2501 1090; baseline -0.002 -18"><span class='ocrx_word' id='word_1_43' title='bbox 663 1007 866 1073; x_wconf 89' lang='lat' dir='ltr'><strong>Nunc</strong></span> <span class='ocrx_word' id='word_1_44' title='bbox 897 1007 1098 1072; x_wconf 84' lang='lat' dir='ltr'><strong>oblita</strong></span> <span class='ocrx_word' id='word_1_45' title='bbox 1125 1006 1280 1070; x_wconf 91' lang='lat' dir='ltr'><strong>mihi</strong></span> <span class='ocrx_word' id='word_1_46' title='bbox 1309 1016 1407 1070; x_wconf 88' lang='lat' dir='ltr'><strong>tot</strong></span> <span class='ocrx_word' id='word_1_47' title='bbox 1437 1007 1757 1084; x_wconf 85' lang='lat' dir='ltr'><strong>carmina3</strong></span> <span class='ocrx_word' id='word_1_48' title='bbox 1804 1027 1932 1070; x_wconf 83' lang='lat' dir='ltr'><strong>vox</strong></span> <span class='ocrx_word' id='word_1_49' title='bbox 1960 1027 2223 1090; x_wconf 89' lang='lat' dir='ltr'><strong>quoque</strong></span> <span class='ocrx_word' id='word_1_50' title='bbox 2254 1003 2501 1070; x_wconf 87' lang='lat' dir='ltr'><strong>Moerin</strong></span> 
     </span>
     <span class='ocr_line' id='line_1_11' title="bbox 474 1098 2243 1192; baseline -0.002 -18"><span class='ocrx_word' id='word_1_51' title='bbox 474 1098 490 1180; x_wconf 61' lang='lat'><strong>4,</strong></span> <span class='ocrx_word' id='word_1_52' title='bbox 668 1109 820 1174; x_wconf 82' lang='lat' dir='ltr'><strong>Jam</strong></span> <span class='ocrx_word' id='word_1_53' title='bbox 847 1108 1016 1192; x_wconf 88' lang='lat' dir='ltr'><strong>fugit</strong></span> <span class='ocrx_word' id='word_1_54' title='bbox 1043 1109 1222 1192; x_wconf 86' lang='lat' dir='ltr'><strong>ipsa:</strong></span> <span class='ocrx_word' id='word_1_55' title='bbox 1267 1105 1406 1192; x_wconf 88' lang='lat' dir='ltr'><strong>lupi</strong></span> <span class='ocrx_word' id='word_1_56' title='bbox 1439 1106 1688 1170; x_wconf 86' lang='lat' dir='ltr'><strong>Moerin</strong></span> <span class='ocrx_word' id='word_1_57' title='bbox 1718 1107 1939 1172; x_wconf 84' lang='lat' dir='ltr'><strong>videre</strong></span> <span class='ocrx_word' id='word_1_58' title='bbox 1970 1109 2243 1191; x_wconf 86' lang='lat' dir='ltr'><strong>priores.</strong></span> 
     </span>
     <span class='ocr_line' id='line_1_12' title="bbox 479 1201 2417 1292; baseline -0.003 -17"><span class='ocrx_word' id='word_1_59' title='bbox 479 1201 488 1235; x_wconf 72' lang='lat'><em>³</em></span> <span class='ocrx_word' id='word_1_60' title='bbox 539 1213 624 1275; x_wconf 88' lang='lat'><strong>55</strong></span> <span class='ocrx_word' id='word_1_61' title='bbox 669 1210 804 1274; x_wconf 88' lang='lat' dir='ltr'><strong>Sed</strong></span> <span class='ocrx_word' id='word_1_62' title='bbox 835 1219 1051 1273; x_wconf 89' lang='lat' dir='ltr'><strong>tamen</strong></span> <span class='ocrx_word' id='word_1_63' title='bbox 1082 1210 1208 1272; x_wconf 89' lang='lat' dir='ltr'><strong>ista</strong></span> <span class='ocrx_word' id='word_1_64' title='bbox 1237 1209 1393 1270; x_wconf 87' lang='lat' dir='ltr'><strong>satis</strong></span> <span class='ocrx_word' id='word_1_65' title='bbox 1425 1206 1669 1272; x_wconf 83' lang='lat' dir='ltr'><strong>referet</strong></span> <span class='ocrx_word' id='word_1_66' title='bbox 1697 1209 1817 1272; x_wconf 89' lang='lat' dir='ltr'><strong>tibi</strong></span> <span class='ocrx_word' id='word_1_67' title='bbox 1848 1230 2025 1292; x_wconf 69' lang='lat' dir='ltr'><strong>saepe</strong></span> <span class='ocrx_word' id='word_1_68' title='bbox 2056 1207 2417 1272; x_wconf 84' lang='lat' dir='ltr'><strong>Menalcas.</strong></span> 
     </span>
     <span class='ocr_line' id='line_1_13' title="bbox 671 1307 2451 1392; baseline -0.001 -19"><span class='ocrx_word' id='word_1_69' title='bbox 671 1310 842 1374; x_wconf 80' lang='lat' dir='ltr'><strong>LYC.</strong></span> <span class='ocrx_word' id='word_1_70' title='bbox 893 1307 1244 1373; x_wconf 82' lang='lat' dir='ltr'><strong>Causando</strong></span> <span class='ocrx_word' id='word_1_71' title='bbox 1275 1319 1535 1371; x_wconf 88' lang='lat' dir='ltr'><strong>nostros</strong></span> <span class='ocrx_word' id='word_1_72' title='bbox 1567 1309 1633 1370; x_wconf 92' lang='lat' dir='ltr'><strong>in</strong></span> <span class='ocrx_word' id='word_1_73' title='bbox 1662 1307 1927 1392; x_wconf 85' lang='lat' dir='ltr'><strong>longum</strong></span> <span class='ocrx_word' id='word_1_74' title='bbox 1956 1309 2143 1372; x_wconf 87' lang='lat' dir='ltr'><strong>ducis</strong></span> <span class='ocrx_word' id='word_1_75' title='bbox 2174 1331 2451 1373; x_wconf 79' lang='lat' dir='ltr'><strong>amores·</strong></span> 
     </span>
     <span class='ocr_line' id='line_1_14' title="bbox 669 1407 2490 1493; baseline 0 -19"><span class='ocrx_word' id='word_1_76' title='bbox 669 1409 764 1474; x_wconf 88' lang='lat' dir='ltr'><strong>Et</strong></span> <span class='ocrx_word' id='word_1_77' title='bbox 791 1431 965 1473; x_wconf 89' lang='lat' dir='ltr'><strong>nunc</strong></span> <span class='ocrx_word' id='word_1_78' title='bbox 993 1430 1180 1472; x_wconf 87' lang='lat' dir='ltr'><strong>omne</strong></span> <span class='ocrx_word' id='word_1_79' title='bbox 1213 1407 1331 1473; x_wconf 90' lang='lat' dir='ltr'><strong>tibi</strong></span> <span class='ocrx_word' id='word_1_80' title='bbox 1362 1419 1639 1472; x_wconf 89' lang='lat' dir='ltr'><strong>stratum</strong></span> <span class='ocrx_word' id='word_1_81' title='bbox 1664 1407 1812 1475; x_wconf 83' lang='lat' dir='ltr'><strong>silet</strong></span> <span class='ocrx_word' id='word_1_82' title='bbox 1840 1431 2099 1493; x_wconf 83' lang='lat' dir='ltr'><strong>aequor3</strong></span> <span class='ocrx_word' id='word_1_83' title='bbox 2146 1421 2215 1474; x_wconf 90' lang='lat' dir='ltr'><strong>et</strong></span> <span class='ocrx_word' id='word_1_84' title='bbox 2244 1431 2490 1487; x_wconf 85' lang='lat' dir='ltr'><strong>omnes,</strong></span> 
     </span>
     <span class='ocr_line' id='line_1_15' title="bbox 669 1507 2281 1594; baseline 0 -20"><span class='ocrx_word' id='word_1_85' title='bbox 669 1508 988 1594; x_wconf 87' lang='lat' dir='ltr'><strong>Adspice,</strong></span> <span class='ocrx_word' id='word_1_86' title='bbox 1020 1511 1271 1572; x_wconf 85' lang='lat' dir='ltr'><strong>ventosi</strong></span> <span class='ocrx_word' id='word_1_87' title='bbox 1301 1507 1679 1573; x_wconf 85' lang='lat' dir='ltr'><strong>ceciderunt</strong></span> <span class='ocrx_word' id='word_1_88' title='bbox 1708 1510 2050 1574; x_wconf 85' lang='lat' dir='ltr'><strong>murmuris</strong></span> <span class='ocrx_word' id='word_1_89' title='bbox 2081 1532 2281 1574; x_wconf 80' lang='lat' dir='ltr'><strong>aurae.</strong></span> 
     </span>
     <span class='ocr_line' id='line_1_16' title="bbox 673 1609 2576 1696; baseline 0 -21"><span class='ocrx_word' id='word_1_90' title='bbox 673 1609 850 1675; x_wconf 91' lang='lat' dir='ltr'><strong>Hinc</strong></span> <span class='ocrx_word' id='word_1_91' title='bbox 880 1611 1048 1674; x_wconf 86' lang='lat' dir='ltr'><strong>adeo</strong></span> <span class='ocrx_word' id='word_1_92' title='bbox 1074 1610 1289 1673; x_wconf 83' lang='lat' dir='ltr'><strong>media</strong></span> <span class='ocrx_word' id='word_1_93' title='bbox 1317 1618 1422 1673; x_wconf 89' lang='lat' dir='ltr'><strong>est</strong></span> <span class='ocrx_word' id='word_1_94' title='bbox 1449 1610 1638 1674; x_wconf 89' lang='lat' dir='ltr'><strong>nobis</strong></span> <span class='ocrx_word' id='word_1_95' title='bbox 1668 1610 1806 1687; x_wconf 81' lang='lat' dir='ltr'><strong>via3</strong></span> <span class='ocrx_word' id='word_1_96' title='bbox 1850 1633 2129 1694; x_wconf 85' lang='lat' dir='ltr'><strong>namque</strong></span> <span class='ocrx_word' id='word_1_97' title='bbox 2160 1609 2576 1696; x_wconf 85' lang='lat' dir='ltr'><strong>sepulchrum</strong></span> 
     </span>
     <span class='ocr_line' id='line_1_17' title="bbox 543 1708 2221 1796; baseline -0.002 -17"><span class='ocrx_word' id='word_1_98' title='bbox 543 1715 630 1779; x_wconf 88' lang='grc'><strong>60</strong></span> <span class='ocrx_word' id='word_1_99' title='bbox 671 1710 911 1796; x_wconf 89' lang='lat' dir='ltr'><strong>Incipit</strong></span> <span class='ocrx_word' id='word_1_100' title='bbox 939 1731 1260 1795; x_wconf 86' lang='lat' dir='ltr'><strong>apparere</strong></span> <span class='ocrx_word' id='word_1_101' title='bbox 1291 1709 1631 1773; x_wconf 82' lang='lat' dir='ltr'><strong>Bianoris:</strong></span> <span class='ocrx_word' id='word_1_102' title='bbox 1678 1708 1807 1786; x_wconf 90' lang='lat' dir='ltr'><strong>hic,</strong></span> <span class='ocrx_word' id='word_1_103' title='bbox 1840 1711 1952 1775; x_wconf 89' lang='lat' dir='ltr'><strong>ubi</strong></span> <span class='ocrx_word' id='word_1_104' title='bbox 1982 1712 2221 1776; x_wconf 88' lang='lat' dir='ltr'><strong>densas</strong></span> 
     </span>
     <span class='ocr_line' id='line_1_18' title="bbox 673 1811 2483 1900; baseline 0 -22"><span class='ocrx_word' id='word_1_105' title='bbox 673 1812 1003 1900; x_wconf 85' lang='lat' dir='ltr'><strong>Agricolae</strong></span> <span class='ocrx_word' id='word_1_106' title='bbox 1035 1813 1365 1896; x_wconf 82' lang='lat' dir='ltr'><strong>stringunt</strong></span> <span class='ocrx_word' id='word_1_107' title='bbox 1393 1811 1685 1888; x_wconf 71' lang='lat' dir='ltr'><strong>frondea,</strong></span> <span class='ocrx_word' id='word_1_108' title='bbox 1718 1811 1847 1888; x_wconf 91' lang='lat' dir='ltr'><strong>hic,</strong></span> <span class='ocrx_word' id='word_1_109' title='bbox 1881 1811 2105 1890; x_wconf 86' lang='lat' dir='ltr'><strong>Moeri,</strong></span> <span class='ocrx_word' id='word_1_110' title='bbox 2139 1835 2483 1892; x_wconf 88' lang='lat' dir='ltr'><strong>canamus;</strong></span> 
     </span>
     <span class='ocr_line' id='line_1_19' title="bbox 671 1912 2388 1996; baseline -0.003 -15"><span class='ocrx_word' id='word_1_111' title='bbox 671 1915 804 1980; x_wconf 90' lang='lat' dir='ltr'><strong>Hic</strong></span> <span class='ocrx_word' id='word_1_112' title='bbox 832 1915 1062 1978; x_wconf 86' lang='lat' dir='ltr'><strong>haedos</strong></span> <span class='ocrx_word' id='word_1_113' title='bbox 1094 1914 1388 1996; x_wconf 80' lang='lat' dir='ltr'><strong>depone3</strong></span> <span class='ocrx_word' id='word_1_114' title='bbox 1435 1923 1652 1976; x_wconf 89' lang='lat' dir='ltr'><strong>tamen</strong></span> <span class='ocrx_word' id='word_1_115' title='bbox 1681 1912 2012 1976; x_wconf 87' lang='lat' dir='ltr'><strong>veniemus</strong></span> <span class='ocrx_word' id='word_1_116' title='bbox 2042 1913 2109 1976; x_wconf 87' lang='lat' dir='ltr'><strong>in</strong></span> <span class='ocrx_word' id='word_1_117' title='bbox 2139 1915 2388 1978; x_wconf 88' lang='lat' dir='ltr'><strong>urbem.</strong></span> 
     </span>
     <span class='ocr_line' id='line_1_20' title="bbox 673 2011 2390 2097; baseline -0.001 -17"><span class='ocrx_word' id='word_1_118' title='bbox 673 2017 838 2092; x_wconf 84' lang='lat' dir='ltr'><strong>Aut,</strong></span> <span class='ocrx_word' id='word_1_119' title='bbox 871 2016 947 2090; x_wconf 90' lang='lat' dir='ltr'><strong>si,</strong></span> <span class='ocrx_word' id='word_1_120' title='bbox 978 2034 1114 2077; x_wconf 84' lang='lat' dir='ltr'><strong>nox</strong></span> <span class='ocrx_word' id='word_1_121' title='bbox 1145 2011 1425 2097; x_wconf 83' lang='lat' dir='ltr'><strong>pluviam</strong></span> <span class='ocrx_word' id='word_1_122' title='bbox 1455 2033 1539 2077; x_wconf 90' lang='lat' dir='ltr'><strong>ne</strong></span> <span class='ocrx_word' id='word_1_123' title='bbox 1570 2011 1832 2096; x_wconf 85' lang='lat' dir='ltr'><strong>colligat</strong></span> <span class='ocrx_word' id='word_1_124' title='bbox 1860 2021 2036 2089; x_wconf 86' lang='lat' dir='ltr'><strong>ante,</strong></span> <span class='ocrx_word' id='word_1_125' title='bbox 2070 2035 2390 2091; x_wconf 86' lang='lat' dir='ltr'><strong>veremur,</strong></span> 
     </span>
     <span class='ocr_line' id='line_1_21' title="bbox 673 2112 2370 2197; baseline -0.001 -18"><span class='ocrx_word' id='word_1_126' title='bbox 673 2117 1029 2179; x_wconf 82' lang='lat' dir='ltr'><strong>Cantantes</strong></span> <span class='ocrx_word' id='word_1_127' title='bbox 1056 2113 1208 2178; x_wconf 90' lang='lat' dir='ltr'><strong>licet</strong></span> <span class='ocrx_word' id='word_1_128' title='bbox 1237 2135 1446 2196; x_wconf 90' lang='lat' dir='ltr'><strong>usque</strong></span> <span class='ocrx_word' id='word_1_129' title='bbox 1481 2112 1715 2194; x_wconf 87' lang='lat' dir='ltr'><strong>(minus</strong></span> <span class='ocrx_word' id='word_1_130' title='bbox 1747 2113 1848 2177; x_wconf 90' lang='lat' dir='ltr'><strong>via</strong></span> <span class='ocrx_word' id='word_1_131' title='bbox 1875 2112 2097 2197; x_wconf 83' lang='lat' dir='ltr'><strong>laedat)</strong></span> <span class='ocrx_word' id='word_1_132' title='bbox 2128 2137 2370 2179; x_wconf 79' lang='lat' dir='ltr'><strong>eamus·</strong></span> 
     </span>
     <span class='ocr_line' id='line_1_22' title="bbox 547 2212 2313 2297; baseline -0.003 -14"><span class='ocrx_word' id='word_1_133' title='bbox 547 2221 634 2284; x_wconf 88' lang='lat'><strong>65</strong></span> <span class='ocrx_word' id='word_1_134' title='bbox 678 2218 1036 2280; x_wconf 83' lang='lat' dir='ltr'><strong>Cantantes</strong></span> <span class='ocrx_word' id='word_1_135' title='bbox 1065 2224 1138 2278; x_wconf 89' lang='lat' dir='ltr'><strong>ut</strong></span> <span class='ocrx_word' id='word_1_136' title='bbox 1168 2235 1411 2286; x_wconf 89' lang='lat' dir='ltr'><strong>eamus,</strong></span> <span class='ocrx_word' id='word_1_137' title='bbox 1445 2234 1572 2297; x_wconf 85' lang='lat' dir='ltr'><strong>ego</strong></span> <span class='ocrx_word' id='word_1_138' title='bbox 1600 2212 1727 2277; x_wconf 92' lang='lat' dir='ltr'><strong>hoc</strong></span> <span class='ocrx_word' id='word_1_139' title='bbox 1758 2224 1823 2278; x_wconf 91' lang='lat' dir='ltr'><strong>te</strong></span> <span class='ocrx_word' id='word_1_140' title='bbox 1855 2213 2031 2279; x_wconf 87' lang='lat' dir='ltr'><strong>fasce</strong></span> <span class='ocrx_word' id='word_1_141' title='bbox 2060 2212 2313 2280; x_wconf 82' lang='lat' dir='ltr'><strong>levab0.</strong></span> 
     </span>
    </p>
   </div>
   <div class='ocr_carea' id='block_1_7' title="bbox 503 2417 1635 3646">
    <p class='ocr_par' dir='ltr' id='par_1_8' title="bbox 503 2417 1634 3124">
     <span class='ocr_line' id='line_1_23' title="bbox 503 2417 1627 2476; baseline -0.005 -6"><span class='ocrx_word' id='word_1_142' title='bbox 503 2425 615 2470; x_wconf 69' lang='lat' dir='ltr'><strong>liam</strong></span> <span class='ocrx_word' id='word_1_143' title='bbox 647 2424 775 2468; x_wconf 68' lang='lat' dir='ltr'><strong>sidus</strong></span> <span class='ocrx_word' id='word_1_144' title='bbox 809 2419 932 2468; x_wconf 89' lang='lat' dir='ltr'><strong>Hor.</strong></span> <span class='ocrx_word' id='word_1_145' title='bbox 969 2419 1063 2467; x_wconf 89' lang='lat' dir='ltr'><strong>Od.</strong></span> <span class='ocrx_word' id='word_1_146' title='bbox 1095 2418 1128 2476; x_wconf 89' lang='lat' dir='ltr'><strong>i,</strong></span> <span class='ocrx_word' id='word_1_147' title='bbox 1161 2420 1237 2476; x_wconf 85' lang='lat'><strong>12,</strong></span> <span class='ocrx_word' id='word_1_148' title='bbox 1262 2417 1340 2468; x_wconf 77' lang='lat'><strong>47.</strong></span> <span class='ocrx_word' id='word_1_149' title='bbox 1383 2420 1627 2476; x_wconf 71' lang='lat' dir='ltr'><strong>Processit,</strong></span> 
     </span>
     <span class='ocr_line' id='line_1_24' title="bbox 503 2481 1634 2543; baseline -0.005 -9"><span class='ocrx_word' id='word_1_150' title='bbox 503 2495 612 2534; x_wconf 80' lang='lat' dir='ltr'><strong>orta</strong></span> <span class='ocrx_word' id='word_1_151' title='bbox 634 2494 710 2532; x_wconf 83' lang='lat' dir='ltr'><strong>est</strong></span> <span class='ocrx_word' id='word_1_152' title='bbox 727 2483 882 2532; x_wconf 83' lang='lat' dir='ltr'><strong>stella.</strong></span> <span class='ocrx_word' id='word_1_153' title='bbox 935 2483 1041 2530; x_wconf 87' lang='lat' dir='ltr'><strong>Eel.</strong></span> <span class='ocrx_word' id='word_1_154' title='bbox 1067 2481 1131 2540; x_wconf 85' lang='lat' dir='ltr'><strong>vi,</strong></span> <span class='ocrx_word' id='word_1_155' title='bbox 1159 2483 1234 2539; x_wconf 84' lang='lat'><strong>86,</strong></span> <span class='ocrx_word' id='word_1_156' title='bbox 1256 2484 1398 2530; x_wconf 68' lang='lat' dir='ltr'><strong>invito</strong></span> <span class='ocrx_word' id='word_1_157' title='bbox 1407 2485 1634 2543; x_wconf 67' lang='lat' dir='ltr'><strong>processit</strong></span> 
     </span>
     <span class='ocr_line' id='line_1_25' title="bbox 511 2546 1628 2611; baseline -0.004 -13"><span class='ocrx_word' id='word_1_158' title='bbox 511 2553 680 2611; x_wconf 71' lang='lat' dir='ltr'><strong>Vesper</strong></span> <span class='ocrx_word' id='word_1_159' title='bbox 705 2551 908 2611; x_wconf 78' lang='lat' dir='ltr'><strong>Olympo.</strong></span> <span class='ocrx_word' id='word_1_160' title='bbox 976 2546 1092 2594; x_wconf 83' lang='lat' dir='ltr'><strong>Alio</strong></span> <span class='ocrx_word' id='word_1_161' title='bbox 1110 2546 1253 2594; x_wconf 86' lang='lat' dir='ltr'><strong>modo</strong></span> <span class='ocrx_word' id='word_1_162' title='bbox 1273 2563 1444 2594; x_wconf 73' lang='lat' dir='ltr'><strong>menses</strong></span> <span class='ocrx_word' id='word_1_163' title='bbox 1468 2561 1628 2607; x_wconf 82' lang='lat' dir='ltr'><strong>proce-</strong></span> 
     </span>
     <span class='ocr_line' id='line_1_26' title="bbox 503 2609 1629 2670; baseline -0.005 -8"><span class='ocrx_word' id='word_1_164' title='bbox 503 2618 622 2662; x_wconf 75' lang='lat' dir='ltr'><strong>dunt</strong></span> <span class='ocrx_word' id='word_1_165' title='bbox 644 2613 748 2660; x_wconf 84' lang='lat' dir='ltr'><strong>Eel.</strong></span> <span class='ocrx_word' id='word_1_166' title='bbox 773 2611 838 2670; x_wconf 84' lang='lat' dir='ltr'><strong>iv,</strong></span> <span class='ocrx_word' id='word_1_167' title='bbox 868 2613 941 2658; x_wconf 86' lang='lat'><strong>12.</strong></span> <span class='ocrx_word' id='word_1_168' title='bbox 1010 2611 1236 2658; x_wconf 76' lang='lat' dir='ltr'><strong>Laudant</strong></span> <span class='ocrx_word' id='word_1_169' title='bbox 1261 2610 1462 2657; x_wconf 80' lang='lat' dir='ltr'><strong>Homer.</strong></span> <span class='ocrx_word' id='word_1_170' title='bbox 1489 2609 1629 2657; x_wconf 87' lang='lat' dir='ltr'><strong>Iliad.</strong></span> 
     </span>
     <span class='ocr_line' id='line_1_27' title="bbox 505 2673 1631 2739; baseline -0.004 -14"><span class='ocrx_word' id='word_1_171' title='bbox 505 2696 550 2734; x_wconf 77' lang='grc' dir='ltr'><strong>κ,</strong></span> <span class='ocrx_word' id='word_1_172' title='bbox 567 2679 676 2734; x_wconf 82' lang='lat'><strong>252,</strong></span> <span class='ocrx_word' id='word_1_173' title='bbox 702 2675 856 2739; x_wconf 70' lang='grc' dir='ltr'>ἄστρα</span> <span class='ocrx_word' id='word_1_174' title='bbox 878 2673 930 2723; x_wconf 71' lang='grc' dir='ltr'><strong>δὲ</strong></span> <span class='ocrx_word' id='word_1_175' title='bbox 952 2675 1010 2732; x_wconf 77' lang='grc' dir='ltr'><strong>δὴ</strong></span> <span class='ocrx_word' id='word_1_176' title='bbox 1033 2673 1332 2736; x_wconf 73' lang='grc' dir='ltr'><strong><em>προβέβηκες</em></strong></span> <span class='ocrx_word' id='word_1_177' title='bbox 1357 2688 1529 2722; x_wconf 81' lang='lat' dir='ltr'><strong>verum</strong></span> <span class='ocrx_word' id='word_1_178' title='bbox 1550 2673 1631 2720; x_wconf 89' lang='lat' dir='ltr'><strong>hic</strong></span> 
     </span>
     <span class='ocr_line' id='line_1_28' title="bbox 503 2737 1633 2813; baseline -0.004 -23"><span class='ocrx_word' id='word_1_179' title='bbox 503 2741 602 2790; x_wconf 80' lang='lat' dir='ltr'><strong>alio</strong></span> <span class='ocrx_word' id='word_1_180' title='bbox 633 2739 778 2788; x_wconf 87' lang='lat' dir='ltr'><strong>modo</strong></span> <span class='ocrx_word' id='word_1_181' title='bbox 804 2739 988 2813; x_wconf 72' lang='lat' dir='ltr'><strong>dictum</strong></span> <span class='ocrx_word' id='word_1_182' title='bbox 1011 2746 1100 2795; x_wconf 86' lang='lat' dir='ltr'><strong>est,</strong></span> <span class='ocrx_word' id='word_1_183' title='bbox 1136 2747 1188 2786; x_wconf 88' lang='lat' dir='ltr'><strong>et</strong></span> <span class='ocrx_word' id='word_1_184' title='bbox 1208 2737 1418 2801; x_wconf 84' lang='lat' dir='ltr'><strong>petitum</strong></span> <span class='ocrx_word' id='word_1_185' title='bbox 1447 2753 1476 2784; x_wconf 88' lang='lat' dir='ltr'><strong>a</strong></span> <span class='ocrx_word' id='word_1_186' title='bbox 1495 2746 1633 2786; x_wconf 84' lang='lat' dir='ltr'><strong>motu</strong></span> 
     </span>
     <span class='ocr_line' id='line_1_29' title="bbox 504 2802 1633 2929; baseline -0.003 -13"><span class='ocrx_word' id='word_1_187' title='bbox 504 2802 1633 2929; x_wconf 49' lang='lat' dir='ltr'><strong>amma*“00³212‘ffiffi030130122‘230?“{333</strong></span> 
     </span>
     <span class='ocr_line' id='line_1_30' title="bbox 505 2930 1629 2994; baseline -0.004 -12"><span class='ocrx_word' id='word_1_188' title='bbox 505 2948 623 2982; x_wconf 84' lang='lat' dir='ltr'><strong>vero</strong></span> <span class='ocrx_word' id='word_1_189' title='bbox 655 2931 810 2981; x_wconf 82' lang='lat' dir='ltr'><strong>stellae</strong></span> <span class='ocrx_word' id='word_1_190' title='bbox 831 2940 967 2979; x_wconf 89' lang='lat' dir='ltr'><strong>ortus</strong></span> <span class='ocrx_word' id='word_1_191' title='bbox 989 2932 1170 2978; x_wconf 85' lang='lat' dir='ltr'><strong>bonum</strong></span> <span class='ocrx_word' id='word_1_192' title='bbox 1203 2930 1396 2994; x_wconf 78' lang='lat' dir='ltr'><strong>frugum</strong></span> <span class='ocrx_word' id='word_1_193' title='bbox 1417 2945 1629 2993; x_wconf 76' lang='lat' dir='ltr'><strong>proven—</strong></span> 
     </span>
     <span class='ocr_line' id='line_1_31' title="bbox 505 2993 1631 3056; baseline -0.004 -11"><span class='ocrx_word' id='word_1_194' title='bbox 505 3007 612 3046; x_wconf 85' lang='lat' dir='ltr'><strong>tum</strong></span> <span class='ocrx_word' id='word_1_195' title='bbox 650 2995 858 3044; x_wconf 82' lang='lat' dir='ltr'><strong>ominari</strong></span> <span class='ocrx_word' id='word_1_196' title='bbox 897 3005 948 3043; x_wconf 87' lang='lat' dir='ltr'><strong>et</strong></span> <span class='ocrx_word' id='word_1_197' title='bbox 985 3003 1230 3042; x_wconf 82' lang='lat' dir='ltr'><strong>maturare</strong></span> <span class='ocrx_word' id='word_1_198' title='bbox 1265 2993 1480 3056; x_wconf 81' lang='lat' dir='ltr'><strong>fingitur.</strong></span> <span class='ocrx_word' id='word_1_199' title='bbox 1549 2996 1631 3042; x_wconf 76' lang='lat' dir='ltr'><strong>In·</strong></span> 
     </span>
     <span class='ocr_line' id='line_1_32' title="bbox 505 3057 1510 3124; baseline -0.005 -14"><span class='ocrx_word' id='word_1_200' title='bbox 505 3078 618 3118; x_wconf 72' lang='lat' dir='ltr'><strong>sm,</strong></span> <span class='ocrx_word' id='word_1_201' title='bbox 639 3076 728 3108; x_wconf 85' lang='lat' dir='ltr'><strong>seu</strong></span> <span class='ocrx_word' id='word_1_202' title='bbox 747 3059 960 3124; x_wconf 88' lang='lat' dir='ltr'><strong>proprie,</strong></span> <span class='ocrx_word' id='word_1_203' title='bbox 981 3074 1071 3107; x_wconf 85' lang='lat' dir='ltr'><strong>seu</strong></span> <span class='ocrx_word' id='word_1_204' title='bbox 1093 3058 1307 3114; x_wconf 88' lang='lat' dir='ltr'><strong>omnino,</strong></span> <span class='ocrx_word' id='word_1_205' title='bbox 1329 3057 1510 3122; x_wconf 79' lang='lat' dir='ltr'><strong>planta.</strong></span> 
     </span>
    </p>

    <p class='ocr_par' dir='ltr' id='par_1_9' title="bbox 507 3121 1635 3646">
     <span class='ocr_line' id='line_1_33' title="bbox 572 3121 1630 3185; baseline -0.002 -13"><span class='ocrx_word' id='word_1_206' title='bbox 572 3127 650 3182; x_wconf 80' lang='lat'><strong>51,</strong></span> <span class='ocrx_word' id='word_1_207' title='bbox 672 3126 749 3172; x_wconf 81' lang='lat'><strong>52.</strong></span> <span class='ocrx_word' id='word_1_208' title='bbox 787 3127 950 3172; x_wconf 73' lang='lat' dir='ltr'><strong>Omnia</strong></span> <span class='ocrx_word' id='word_1_209' title='bbox 959 3121 1064 3185; x_wconf 80' lang='lat' dir='ltr'><strong>sert</strong></span> <span class='ocrx_word' id='word_1_210' title='bbox 1079 3131 1210 3179; x_wconf 71' lang='lat' dir='ltr'><strong>oetas,</strong></span> <span class='ocrx_word' id='word_1_211' title='bbox 1229 3126 1428 3170; x_wconf 73' lang='lat' dir='ltr'><strong>animum</strong></span> <span class='ocrx_word' id='word_1_212' title='bbox 1445 3139 1630 3184; x_wconf 73' lang='lat' dir='ltr'><strong>quoque.</strong></span> 
     </span>
     <span class='ocr_line' id='line_1_34' title="bbox 509 3185 1630 3237; baseline -0.003 -1"><span class='ocrx_word' id='word_1_213' title='bbox 509 3187 756 3237; x_wconf 83' lang='lat' dir='ltr'><strong>Memoria</strong></span> <span class='ocrx_word' id='word_1_214' title='bbox 787 3187 1046 3235; x_wconf 83' lang='lat' dir='ltr'><strong>deficiente</strong></span> <span class='ocrx_word' id='word_1_215' title='bbox 1083 3185 1268 3234; x_wconf 88' lang='lat' dir='ltr'><strong>Moerin</strong></span> <span class='ocrx_word' id='word_1_216' title='bbox 1308 3187 1470 3234; x_wconf 88' lang='lat' dir='ltr'><strong>subito</strong></span> <span class='ocrx_word' id='word_1_217' title='bbox 1504 3187 1630 3235; x_wconf 87' lang='lat' dir='ltr'><strong>obti-</strong></span> 
     </span>
     <span class='ocr_line' id='line_1_35' title="bbox 507 3249 1631 3327; baseline -0.003 -26"><span class='ocrx_word' id='word_1_218' title='bbox 507 3252 681 3309; x_wconf 84' lang='lat' dir='ltr'><strong>cuisse,</strong></span> <span class='ocrx_word' id='word_1_219' title='bbox 717 3267 809 3300; x_wconf 90' lang='lat' dir='ltr'><strong>nec</strong></span> <span class='ocrx_word' id='word_1_220' title='bbox 843 3252 972 3327; x_wconf 74' lang='lat' dir='ltr'><strong>quod</strong></span> <span class='ocrx_word' id='word_1_221' title='bbox 995 3259 1218 3326; x_wconf 67' lang='lat' dir='ltr'><strong>eoeperat</strong></span> <span class='ocrx_word' id='word_1_222' title='bbox 1249 3249 1316 3297; x_wconf 89' lang='lat' dir='ltr'><strong>im</strong></span> <span class='ocrx_word' id='word_1_223' title='bbox 1353 3250 1454 3298; x_wconf 88' lang='lat' dir='ltr'><strong>lere</strong></span> <span class='ocrx_word' id='word_1_224' title='bbox 1487 3259 1631 3314; x_wconf 87' lang='lat' dir='ltr'><strong>potu-</strong></span> 
     </span>
     <span class='ocr_line' id='line_1_36' title="bbox 507 3314 1635 3453; baseline -0.002 -26"><span class='ocrx_word' id='word_1_225' title='bbox 507 3315 969 3453; x_wconf 61' lang='grc'><strong>8.*8,,88.,</strong></span> <span class='ocrx_word' id='word_1_226' title='bbox 984 3325 1297 3435; x_wconf 53' lang='grc' dir='ltr'><strong>,8588ὲὲ</strong></span> <span class='ocrx_word' id='word_1_227' title='bbox 1318 3314 1635 3426; x_wconf 50' lang='lat' dir='ltr'><strong>emm}</strong></span> 
     </span>
     <span class='ocr_line' id='line_1_37' title="bbox 507 3443 1632 3506; baseline -0.002 -14"><span class='ocrx_word' id='word_1_228' title='bbox 507 3444 652 3501; x_wconf 85' lang='lat' dir='ltr'><strong>vires,</strong></span> <span class='ocrx_word' id='word_1_229' title='bbox 691 3457 988 3490; x_wconf 76' lang='lat' dir='ltr'><strong>memoriam.</strong></span> <span class='ocrx_word' id='word_1_230' title='bbox 1057 3443 1209 3504; x_wconf 76' lang='lat' dir='ltr'><strong>Atqui</strong></span> <span class='ocrx_word' id='word_1_231' title='bbox 1243 3457 1373 3506; x_wconf 75' lang='lat' dir='ltr'><strong>saepe</strong></span> <span class='ocrx_word' id='word_1_232' title='bbox 1409 3457 1500 3505; x_wconf 82' lang='lat' dir='ltr'><strong>ego</strong></span> <span class='ocrx_word' id='word_1_233' title='bbox 1540 3457 1632 3501; x_wconf 86' lang='lat' dir='ltr'><strong>me,</strong></span> 
     </span>
     <span class='ocr_line' id='line_1_38' title="bbox 508 3506 1631 3571; baseline -0.002 -15"><span class='ocrx_word' id='word_1_234' title='bbox 508 3509 626 3556; x_wconf 86' lang='lat' dir='ltr'><strong>dum</strong></span> <span class='ocrx_word' id='word_1_235' title='bbox 647 3523 772 3571; x_wconf 89' lang='lat' dir='ltr'><strong>puer</strong></span> <span class='ocrx_word' id='word_1_236' title='bbox 789 3522 962 3563; x_wconf 82' lang='lat' dir='ltr'><strong>essem,</strong></span> <span class='ocrx_word' id='word_1_237' title='bbox 987 3506 1204 3564; x_wconf 88' lang='lat' dir='ltr'><strong>memini,</strong></span> <span class='ocrx_word' id='word_1_238' title='bbox 1226 3515 1352 3554; x_wconf 90' lang='lat' dir='ltr'><strong>totos</strong></span> <span class='ocrx_word' id='word_1_239' title='bbox 1373 3506 1480 3556; x_wconf 83' lang='lat' dir='ltr'><strong>dies</strong></span> <span class='ocrx_word' id='word_1_240' title='bbox 1499 3507 1631 3555; x_wconf 77' lang='lat' dir='ltr'><strong>aesti-</strong></span> 
     </span>
     <span class='ocr_line' id='line_1_39' title="bbox 507 3570 1631 3646; baseline -0.002 -26"><span class='ocrx_word' id='word_1_241' title='bbox 507 3587 594 3620; x_wconf 85' lang='lat' dir='ltr'><strong>vos</strong></span> <span class='ocrx_word' id='word_1_242' title='bbox 627 3571 868 3620; x_wconf 85' lang='lat' dir='ltr'><strong>cantando</strong></span> <span class='ocrx_word' id='word_1_243' title='bbox 901 3570 1129 3646; x_wconf 73' lang='lat' dir='ltr'><strong>exigere3</strong></span> <span class='ocrx_word' id='word_1_244' title='bbox 1175 3586 1304 3619; x_wconf 85' lang='lat' dir='ltr'><strong>nunc</strong></span> <span class='ocrx_word' id='word_1_245' title='bbox 1341 3580 1414 3619; x_wconf 89' lang='lat' dir='ltr'><strong>tot</strong></span> <span class='ocrx_word' id='word_1_246' title='bbox 1455 3570 1631 3620; x_wconf 89' lang='lat' dir='ltr'><strong>carmi-</strong></span> 
     </span>
    </p>
   </div>
   <div class='ocr_carea' id='block_1_8' title="bbox 508 3635 1638 4471">
    <p class='ocr_par' dir='ltr' id='par_1_10' title="bbox 508 3635 1638 4471">
     <span class='ocr_line' id='line_1_40' title="bbox 509 3635 1632 3700; baseline -0.002 -15"><span class='ocrx_word' id='word_1_247' title='bbox 509 3652 626 3685; x_wconf 85' lang='lat' dir='ltr'><strong>num</strong></span> <span class='ocrx_word' id='word_1_248' title='bbox 655 3635 837 3685; x_wconf 87' lang='lat' dir='ltr'><strong>oblitus</strong></span> <span class='ocrx_word' id='word_1_249' title='bbox 859 3651 982 3693; x_wconf 89' lang='lat' dir='ltr'><strong>sum,</strong></span> <span class='ocrx_word' id='word_1_250' title='bbox 1015 3651 1122 3700; x_wconf 75' lang='lat' dir='ltr'><strong>ipsa</strong></span> <span class='ocrx_word' id='word_1_251' title='bbox 1148 3635 1296 3684; x_wconf 85' lang='lat' dir='ltr'><strong>etiam</strong></span> <span class='ocrx_word' id='word_1_252' title='bbox 1317 3651 1415 3685; x_wconf 80' lang='lat' dir='ltr'><strong>vox</strong></span> <span class='ocrx_word' id='word_1_253' title='bbox 1448 3652 1526 3684; x_wconf 90' lang='lat' dir='ltr'><strong>me</strong></span> <span class='ocrx_word' id='word_1_254' title='bbox 1546 3636 1632 3684; x_wconf 90' lang='lat' dir='ltr'><strong>de-</strong></span> 
     </span>
     <span class='ocr_line' id='line_1_41' title="bbox 509 3700 1633 3759; baseline -0.001 -10"><span class='ocrx_word' id='word_1_255' title='bbox 509 3701 624 3750; x_wconf 83' lang='lat' dir='ltr'><strong>ficit.</strong></span> <span class='ocrx_word' id='word_1_256' title='bbox 697 3703 898 3749; x_wconf 78' lang='lat' dir='ltr'><strong>Condere</strong></span> <span class='ocrx_word' id='word_1_257' title='bbox 926 3703 1054 3758; x_wconf 69' lang='lat' dir='ltr'><strong>soles,</strong></span> <span class='ocrx_word' id='word_1_258' title='bbox 1079 3710 1137 3748; x_wconf 90' lang='lat' dir='ltr'><strong>ut</strong></span> <span class='ocrx_word' id='word_1_259' title='bbox 1161 3701 1284 3748; x_wconf 86' lang='lat' dir='ltr'><strong>Hor.</strong></span> <span class='ocrx_word' id='word_1_260' title='bbox 1319 3700 1371 3749; x_wconf 83' lang='lat' dir='ltr'><strong>iv</strong></span> <span class='ocrx_word' id='word_1_261' title='bbox 1401 3701 1563 3749; x_wconf 79' lang='lat' dir='ltr'><strong>Carm.</strong></span> <span class='ocrx_word' id='word_1_262' title='bbox 1588 3703 1633 3759; x_wconf 82' lang='lat'><strong>6,</strong></span> 
     </span>
     <span class='ocr_line' id='line_1_42' title="bbox 508 3767 1635 3826; baseline -0.001 -13"><span class='ocrx_word' id='word_1_263' title='bbox 508 3767 589 3823; x_wconf 78' lang='lat'><strong>29,</strong></span> <span class='ocrx_word' id='word_1_264' title='bbox 641 3767 807 3812; x_wconf 74' lang='lat' dir='ltr'><strong>Condit</strong></span> <span class='ocrx_word' id='word_1_265' title='bbox 840 3767 1026 3826; x_wconf 67' lang='lat' dir='ltr'><strong>quisque</strong></span> <span class='ocrx_word' id='word_1_266' title='bbox 1059 3767 1178 3812; x_wconf 67' lang='lat' dir='ltr'><strong>diem</strong></span> <span class='ocrx_word' id='word_1_267' title='bbox 1209 3767 1400 3812; x_wconf 73' lang='lat' dir='ltr'><strong>collibus</strong></span> <span class='ocrx_word' id='word_1_268' title='bbox 1428 3768 1478 3812; x_wconf 75' lang='lat' dir='ltr'><strong>in</strong></span> <span class='ocrx_word' id='word_1_269' title='bbox 1506 3769 1635 3820; x_wconf 64' lang='lat' dir='ltr'><strong>tuisf</strong></span> 
     </span>
     <span class='ocr_line' id='line_1_43' title="bbox 509 3827 1638 3905; baseline -0.001 -28"><span class='ocrx_word' id='word_1_270' title='bbox 509 3845 600 3905; x_wconf 87' lang='lat' dir='ltr'><strong>pro</strong></span> <span class='ocrx_word' id='word_1_271' title='bbox 629 3828 830 3892; x_wconf 81' lang='lat' dir='ltr'><strong>vulgari,</strong></span> <span class='ocrx_word' id='word_1_272' title='bbox 857 3827 991 3876; x_wconf 87' lang='lat' dir='ltr'><strong>videt</strong></span> <span class='ocrx_word' id='word_1_273' title='bbox 1011 3827 1142 3876; x_wconf 90' lang='lat' dir='ltr'><strong>diem</strong></span> <span class='ocrx_word' id='word_1_274' title='bbox 1175 3827 1333 3875; x_wconf 89' lang='lat' dir='ltr'><strong>condi.</strong></span> <span class='ocrx_word' id='word_1_275' title='bbox 1401 3829 1548 3882; x_wconf 86' lang='lat' dir='ltr'><strong>Quod</strong></span> <span class='ocrx_word' id='word_1_276' title='bbox 1579 3829 1638 3876; x_wconf 80' lang='lat' dir='ltr'><strong>fit</strong></span> 
     </span>
     <span class='ocr_line' id='line_1_44' title="bbox 508 3891 1631 3957; baseline -0.001 -16"><span class='ocrx_word' id='word_1_277' title='bbox 508 3909 562 3942; x_wconf 83' lang='lat' dir='ltr'><strong>m</strong></span> <span class='ocrx_word' id='word_1_278' title='bbox 597 3903 829 3957; x_wconf 87' lang='lat' dir='ltr'><strong>tempore,</strong></span> <span class='ocrx_word' id='word_1_279' title='bbox 855 3891 1086 3940; x_wconf 79' lang='lat' dir='ltr'><strong>tribuitur</strong></span> <span class='ocrx_word' id='word_1_280' title='bbox 1114 3891 1254 3940; x_wconf 75' lang='lat' dir='ltr'><strong>alteri</strong></span> <span class='ocrx_word' id='word_1_281' title='bbox 1289 3902 1518 3955; x_wconf 80' lang='lat' dir='ltr'><strong>tanquam</strong></span> <span class='ocrx_word' id='word_1_282' title='bbox 1552 3907 1631 3940; x_wconf 86' lang='lat' dir='ltr'><strong>ac-</strong></span> 
     </span>
     <span class='ocr_line' id='line_1_45' title="bbox 508 3955 1633 4020; baseline -0.001 -16"><span class='ocrx_word' id='word_1_283' title='bbox 508 3958 608 4004; x_wconf 81' lang='lat' dir='ltr'><strong>tio=</strong></span> <span class='ocrx_word' id='word_1_284' title='bbox 668 3956 825 4020; x_wconf 75' lang='lat' dir='ltr'><strong>exigit</strong></span> <span class='ocrx_word' id='word_1_285' title='bbox 865 3956 1009 4014; x_wconf 86' lang='lat' dir='ltr'><strong>diem,</strong></span> <span class='ocrx_word' id='word_1_286' title='bbox 1129 3955 1269 4018; x_wconf 81' lang='lat' dir='ltr'><strong>ragit,</strong></span> <span class='ocrx_word' id='word_1_287' title='bbox 1313 3956 1463 4019; x_wconf 79' lang='lat' dir='ltr'><strong>fugat,</strong></span> <span class='ocrx_word' id='word_1_288' title='bbox 1509 3955 1633 4014; x_wconf 86' lang='lat' dir='ltr'><strong>finit,</strong></span> 
     </span>
     <span class='ocr_line' id='line_1_46' title="bbox 511 3971 1138 4083; baseline -0.002 -14"><span class='ocrx_word' id='word_1_289' title='bbox 511 4021 728 4082; x_wconf 78' lang='lat' dir='ltr'><strong>adeoque</strong></span> <span class='ocrx_word' id='word_1_290' title='bbox 751 4035 941 4083; x_wconf 88' lang='lat' dir='ltr'><strong>quoque</strong></span> <span class='ocrx_word' id='word_1_291' title='bbox 959 3971 1138 4070; x_wconf 48' lang='lat' dir='ltr'><strong>concili.</strong></span> 
     </span>
     <span class='ocr_line' id='line_1_47' title="bbox 575 4085 1637 4149; baseline 0.002 -17"><span class='ocrx_word' id='word_1_292' title='bbox 575 4087 654 4132; x_wconf 78' lang='lat'><strong>54.</strong></span> <span class='ocrx_word' id='word_1_293' title='bbox 685 4087 811 4146; x_wconf 78' lang='lat' dir='ltr'><strong>Lupi</strong></span> <span class='ocrx_word' id='word_1_294' title='bbox 827 4087 1000 4133; x_wconf 67' lang='lat' dir='ltr'><strong>Moerin</strong></span> <span class='ocrx_word' id='word_1_295' title='bbox 1016 4088 1170 4134; x_wconf 73' lang='lat' dir='ltr'><strong>videre</strong></span> <span class='ocrx_word' id='word_1_296' title='bbox 1185 4087 1365 4147; x_wconf 70' lang='lat' dir='ltr'><strong>priores</strong></span> <span class='ocrx_word' id='word_1_297' title='bbox 1379 4103 1396 4132; x_wconf 91' lang='lat'><strong>.·</strong></span> <span class='ocrx_word' id='word_1_298' title='bbox 1418 4085 1472 4132; x_wconf 90' lang='lat' dir='ltr'><strong>in</strong></span> <span class='ocrx_word' id='word_1_299' title='bbox 1490 4099 1637 4149; x_wconf 84' lang='lat' dir='ltr'><strong>prosa</strong></span> 
     </span>
     <span class='ocr_line' id='line_1_48' title="bbox 513 4147 1636 4212; baseline 0 -14"><span class='ocrx_word' id='word_1_300' title='bbox 513 4147 784 4204; x_wconf 78' lang='lat' dir='ltr'><strong>exnssieses,</strong></span> <span class='ocrx_word' id='word_1_301' title='bbox 810 4148 1009 4197; x_wconf 84' lang='lat' dir='ltr'><strong>Obticui</strong></span> <span class='ocrx_word' id='word_1_302' title='bbox 1033 4149 1216 4212; x_wconf 86' lang='lat' dir='ltr'><strong>(subito</strong></span> <span class='ocrx_word' id='word_1_303' title='bbox 1237 4149 1533 4198; x_wconf 83' lang='lat' dir='ltr'><strong>destituente</strong></span> <span class='ocrx_word' id='word_1_304' title='bbox 1558 4165 1636 4198; x_wconf 90' lang='lat' dir='ltr'><strong>me</strong></span> 
     </span>
     <span class='ocr_line' id='line_1_49' title="bbox 513 4211 1634 4278; baseline -0.001 -16"><span class='ocrx_word' id='word_1_305' title='bbox 513 4211 788 4271; x_wconf 84' lang='lat' dir='ltr'><strong>memoria),</strong></span> <span class='ocrx_word' id='word_1_306' title='bbox 813 4213 950 4273; x_wconf 82' lang='lat' dir='ltr'><strong>quasi</strong></span> <span class='ocrx_word' id='word_1_307' title='bbox 983 4213 1126 4278; x_wconf 84' lang='lat' dir='ltr'><strong>lupus</strong></span> <span class='ocrx_word' id='word_1_308' title='bbox 1159 4229 1238 4262; x_wconf 88' lang='lat' dir='ltr'><strong>me</strong></span> <span class='ocrx_word' id='word_1_309' title='bbox 1269 4213 1456 4278; x_wconf 77' lang='lat' dir='ltr'><strong>primus</strong></span> <span class='ocrx_word' id='word_1_310' title='bbox 1483 4213 1634 4263; x_wconf 83' lang='lat' dir='ltr'><strong>vidis-</strong></span> 
     </span>
     <span class='ocr_line' id='line_1_50' title="bbox 513 4275 1635 4354; baseline 0.001 -28"><span class='ocrx_word' id='word_1_311' title='bbox 513 4287 615 4332; x_wconf 68' lang='lat' dir='ltr'><strong>set:</strong></span> <span class='ocrx_word' id='word_1_312' title='bbox 669 4291 731 4323; x_wconf 81' lang='lat' dir='ltr'><strong>ex</strong></span> <span class='ocrx_word' id='word_1_313' title='bbox 769 4275 1000 4338; x_wconf 85' lang='lat' dir='ltr'><strong>opinione</strong></span> <span class='ocrx_word' id='word_1_314' title='bbox 1037 4293 1093 4325; x_wconf 77' lang='lat' dir='ltr'><strong>ac</strong></span> <span class='ocrx_word' id='word_1_315' title='bbox 1135 4279 1394 4354; x_wconf 81' lang='lat' dir='ltr'><strong>proverbio</strong></span> <span class='ocrx_word' id='word_1_316' title='bbox 1431 4279 1635 4342; x_wconf 78' lang='lat' dir='ltr'><strong>vulgari,</strong></span> 
     </span>
     <span class='ocr_line' id='line_1_51' title="bbox 513 4339 1637 4393; baseline 0.002 -2"><span class='ocrx_word' id='word_1_317' title='bbox 513 4341 594 4391; x_wconf 89' lang='lat' dir='ltr'><strong>cui</strong></span> <span class='ocrx_word' id='word_1_318' title='bbox 628 4339 754 4388; x_wconf 85' lang='lat' dir='ltr'><strong>ratio</strong></span> <span class='ocrx_word' id='word_1_319' title='bbox 776 4353 805 4387; x_wconf 83' lang='lat' dir='ltr'><strong>a</strong></span> <span class='ocrx_word' id='word_1_320' title='bbox 827 4348 986 4387; x_wconf 85' lang='lat' dir='ltr'><strong>metus</strong></span> <span class='ocrx_word' id='word_1_321' title='bbox 1009 4341 1156 4390; x_wconf 74' lang='lat' dir='ltr'><strong>subiti</strong></span> <span class='ocrx_word' id='word_1_322' title='bbox 1190 4353 1416 4392; x_wconf 86' lang='lat' dir='ltr'><strong>contactu</strong></span> <span class='ocrx_word' id='word_1_323' title='bbox 1437 4346 1637 4393; x_wconf 81' lang='lat' dir='ltr'><strong>subesse</strong></span> 
     </span>
     <span class='ocr_line' id='line_1_52' title="bbox 510 4403 1603 4471; baseline 0.005 -18"><span class='ocrx_word' id='word_1_324' title='bbox 510 4404 686 4471; x_wconf 81' lang='lat' dir='ltr'><strong>potuit.</strong></span> <span class='ocrx_word' id='word_1_325' title='bbox 757 4403 924 4452; x_wconf 88' lang='lat' dir='ltr'><strong>Habet</strong></span> <span class='ocrx_word' id='word_1_326' title='bbox 941 4413 990 4451; x_wconf 88' lang='lat' dir='ltr'><strong>et</strong></span> <span class='ocrx_word' id='word_1_327' title='bbox 1011 4405 1102 4453; x_wconf 86' lang='lat' dir='ltr'><strong>hoc</strong></span> <span class='ocrx_word' id='word_1_328' title='bbox 1125 4421 1154 4453; x_wconf 82' lang='lat' dir='ltr'><strong>a</strong></span> <span class='ocrx_word' id='word_1_329' title='bbox 1176 4407 1380 4456; x_wconf 86' lang='lat' dir='ltr'><strong>Theocr.</strong></span> <span class='ocrx_word' id='word_1_330' title='bbox 1402 4408 1499 4468; x_wconf 82' lang='lat' dir='ltr'><strong>xiv,</strong></span> <span class='ocrx_word' id='word_1_331' title='bbox 1525 4411 1603 4458; x_wconf 82' lang='lat'><strong>22.</strong></span> 
     </span>
    </p>
   </div>
   <div class='ocr_carea' id='block_1_9' title="bbox 1696 2417 2840 4475">
    <p class='ocr_par' dir='ltr' id='par_1_11' title="bbox 1696 2417 2840 3893">
     <span class='ocr_line' id='line_1_53' title="bbox 1759 2417 2833 2470; baseline 0.005 -6"><span class='ocrx_word' id='word_1_332' title='bbox 1759 2417 1968 2465; x_wconf 81' lang='lat'><strong>56—58.</strong></span> <span class='ocrx_word' id='word_1_333' title='bbox 2020 2420 2293 2466; x_wconf 70' lang='lat' dir='ltr'><strong>Causando.-</strong></span> <span class='ocrx_word' id='word_1_334' title='bbox 2330 2433 2503 2467; x_wconf 81' lang='lat' dir='ltr'><strong>causas</strong></span> <span class='ocrx_word' id='word_1_335' title='bbox 2536 2428 2589 2468; x_wconf 86' lang='lat' dir='ltr'><strong>et</strong></span> <span class='ocrx_word' id='word_1_336' title='bbox 2616 2434 2833 2470; x_wconf 80' lang='lat' dir='ltr'><strong>excusa-</strong></span> 
     </span>
     <span class='ocr_line' id='line_1_54' title="bbox 1696 2480 2837 2533; baseline 0.004 -4"><span class='ocrx_word' id='word_1_337' title='bbox 1696 2480 1855 2529; x_wconf 85' lang='lat' dir='ltr'><strong>tiones</strong></span> <span class='ocrx_word' id='word_1_338' title='bbox 1884 2481 2129 2530; x_wconf 81' lang='lat' dir='ltr'><strong>afferendo</strong></span> <span class='ocrx_word' id='word_1_339' title='bbox 2150 2481 2315 2530; x_wconf 84' lang='lat' dir='ltr'><strong>differs</strong></span> <span class='ocrx_word' id='word_1_340' title='bbox 2338 2498 2503 2530; x_wconf 88' lang='lat' dir='ltr'><strong>meum</strong></span> <span class='ocrx_word' id='word_1_341' title='bbox 2524 2482 2837 2533; x_wconf 80' lang='lat' dir='ltr'><strong>desiderium</strong></span> 
     </span>
     <span class='ocr_line' id='line_1_55' title="bbox 1696 2545 2835 2604; baseline 0.004 -11"><span class='ocrx_word' id='word_1_342' title='bbox 1696 2553 1953 2594; x_wconf 86' lang='lat' dir='ltr'><strong>canentem</strong></span> <span class='ocrx_word' id='word_1_343' title='bbox 1998 2555 2048 2594; x_wconf 91' lang='lat' dir='ltr'><strong>te</strong></span> <span class='ocrx_word' id='word_1_344' title='bbox 2085 2545 2347 2595; x_wconf 78' lang='lat' dir='ltr'><strong>audiendi:</strong></span> <span class='ocrx_word' id='word_1_345' title='bbox 2398 2547 2591 2596; x_wconf 89' lang='lat' dir='ltr'><strong>Lucret.</strong></span> <span class='ocrx_word' id='word_1_346' title='bbox 2634 2547 2667 2604; x_wconf 91' lang='lat' dir='ltr'><strong>i,</strong></span> <span class='ocrx_word' id='word_1_347' title='bbox 2710 2550 2835 2598; x_wconf 76' lang='lat'><strong>³99.</strong></span> 
     </span>
     <span class='ocr_line' id='line_1_56' title="bbox 1702 2611 2835 2672; baseline 0.004 -16"><span class='ocrx_word' id='word_1_348' title='bbox 1702 2611 2005 2672; x_wconf 76' lang='lat' dir='ltr'><strong>Quapropter,</strong></span> <span class='ocrx_word' id='word_1_349' title='bbox 2046 2615 2250 2672; x_wconf 73' lang='lat' dir='ltr'><strong>quamvis</strong></span> <span class='ocrx_word' id='word_1_350' title='bbox 2286 2614 2515 2670; x_wconf 63' lang='lat' dir='ltr'><strong>cquando</strong></span> <span class='ocrx_word' id='word_1_351' title='bbox 2546 2614 2693 2658; x_wconf 72' lang='lat' dir='ltr'><strong>malta</strong></span> <span class='ocrx_word' id='word_1_352' title='bbox 2724 2629 2835 2661; x_wconf 73' lang='lat' dir='ltr'><strong>no-</strong></span> 
     </span>
     <span class='ocr_line' id='line_1_57' title="bbox 1696 2673 2837 2736; baseline 0.004 -16"><span class='ocrx_word' id='word_1_353' title='bbox 1696 2677 1829 2730; x_wconf 71' lang='lat' dir='ltr'><strong>rert’s,</strong></span> <span class='ocrx_word' id='word_1_354' title='bbox 1864 2677 1980 2722; x_wconf 71' lang='lat' dir='ltr'><strong>Esse</strong></span> <span class='ocrx_word' id='word_1_355' title='bbox 2014 2677 2063 2721; x_wconf 71' lang='lat' dir='ltr'><strong>in</strong></span> <span class='ocrx_word' id='word_1_356' title='bbox 2095 2677 2230 2722; x_wconf 75' lang='lat' dir='ltr'><strong>rebus</strong></span> <span class='ocrx_word' id='word_1_357' title='bbox 2262 2678 2412 2732; x_wconf 71' lang='lat' dir='ltr'><strong>inane,</strong></span> <span class='ocrx_word' id='word_1_358' title='bbox 2451 2683 2602 2723; x_wconf 71' lang='lat' dir='ltr'><strong>tamen</strong></span> <span class='ocrx_word' id='word_1_359' title='bbox 2630 2673 2837 2736; x_wconf 70' lang='lat' dir='ltr'><strong>satem</strong></span> 
     </span>
     <span class='ocr_line' id='line_1_58' title="bbox 1696 2739 2839 2802; baseline 0.004 -18"><span class='ocrx_word' id='word_1_360' title='bbox 1696 2753 1872 2794; x_wconf 59' lang='lat' dir='ltr'><strong>neeesse</strong></span> <span class='ocrx_word' id='word_1_361' title='bbox 1904 2747 1987 2785; x_wconf 73' lang='lat' dir='ltr'><strong>eet.</strong></span> <span class='ocrx_word' id='word_1_362' title='bbox 2055 2741 2246 2800; x_wconf 74' lang='lat' dir='ltr'><strong>AEquor,</strong></span> <span class='ocrx_word' id='word_1_363' title='bbox 2276 2739 2367 2786; x_wconf 83' lang='lat' dir='ltr'><strong>int.</strong></span> <span class='ocrx_word' id='word_1_364' title='bbox 2400 2739 2575 2796; x_wconf 80' lang='lat' dir='ltr'><strong>lacum,</strong></span> <span class='ocrx_word' id='word_1_365' title='bbox 2602 2739 2655 2786; x_wconf 86' lang='lat' dir='ltr'><strong>in</strong></span> <span class='ocrx_word' id='word_1_366' title='bbox 2676 2755 2839 2802; x_wconf 81' lang='lat' dir='ltr'><strong>quem</strong></span> 
     </span>
     <span class='ocr_line' id='line_1_59' title="bbox 1698 2802 2833 2865; baseline 0.004 -17"><span class='ocrx_word' id='word_1_367' title='bbox 1698 2816 1796 2849; x_wconf 89' lang='lat' dir='ltr'><strong>non</strong></span> <span class='ocrx_word' id='word_1_368' title='bbox 1832 2802 1974 2865; x_wconf 81' lang='lat' dir='ltr'><strong>longe</strong></span> <span class='ocrx_word' id='word_1_369' title='bbox 1997 2817 2029 2850; x_wconf 84' lang='lat' dir='ltr'><strong>a</strong></span> <span class='ocrx_word' id='word_1_370' title='bbox 2051 2803 2259 2850; x_wconf 85' lang='lat' dir='ltr'><strong>Mantua</strong></span> <span class='ocrx_word' id='word_1_371' title='bbox 2277 2802 2455 2851; x_wconf 86' lang='lat' dir='ltr'><strong>fluvius</strong></span> <span class='ocrx_word' id='word_1_372' title='bbox 2478 2803 2697 2852; x_wconf 80' lang='lat' dir='ltr'><strong>Mincius</strong></span> <span class='ocrx_word' id='word_1_373' title='bbox 2724 2803 2833 2852; x_wconf 79' lang='lat' dir='ltr'><strong>dif-</strong></span> 
     </span>
     <span class='ocr_line' id='line_1_60' title="bbox 1698 2865 2833 2930; baseline 0.004 -18"><span class='ocrx_word' id='word_1_374' title='bbox 1698 2865 1930 2914; x_wconf 84' lang='lat' dir='ltr'><strong>funditur.</strong></span> <span class='ocrx_word' id='word_1_375' title='bbox 1958 2869 2112 2915; x_wconf 74' lang='lat' dir='ltr'><strong>Sterni</strong></span> <span class='ocrx_word' id='word_1_376' title='bbox 2120 2877 2173 2915; x_wconf 90' lang='lat' dir='ltr'><strong>et</strong></span> <span class='ocrx_word' id='word_1_377' title='bbox 2180 2869 2463 2929; x_wconf 71' lang='grc' dir='ltr'><strong>στορεῖσθαι,</strong></span> <span class='ocrx_word' id='word_1_378' title='bbox 2478 2869 2833 2930; x_wconf 57' lang='lat' dir='ltr'><strong>navae-rope&amp;-</strong></span> 
     </span>
     <span class='ocr_line' id='line_1_61' title="bbox 1698 2929 2839 2992; baseline 0.004 -14"><span class='ocrx_word' id='word_1_379' title='bbox 1698 2933 1786 2988; x_wconf 75' lang='grc' dir='ltr'><strong>θαι,</strong></span> <span class='ocrx_word' id='word_1_380' title='bbox 1822 2929 1883 2978; x_wconf 87' lang='lat' dir='ltr'><strong>de</strong></span> <span class='ocrx_word' id='word_1_381' title='bbox 1918 2931 2268 2992; x_wconf 79' lang='lat' dir='ltr'><strong>tranquillitate</strong></span> <span class='ocrx_word' id='word_1_382' title='bbox 2306 2930 2456 2979; x_wconf 87' lang='lat' dir='ltr'><strong>maris</strong></span> <span class='ocrx_word' id='word_1_383' title='bbox 2490 2930 2723 2989; x_wconf 80' lang='lat' dir='ltr'><strong>sollenne,</strong></span> <span class='ocrx_word' id='word_1_384' title='bbox 2771 2943 2839 2982; x_wconf 81' lang='lat' dir='ltr'><strong>ut</strong></span> 
     </span>
     <span class='ocr_line' id='line_1_62' title="bbox 1698 2993 2837 3053; baseline 0.004 -12"><span class='ocrx_word' id='word_1_385' title='bbox 1698 2993 1905 3042; x_wconf 85' lang='lat' dir='ltr'><strong>Theocr.</strong></span> <span class='ocrx_word' id='word_1_386' title='bbox 1945 2994 2027 3053; x_wconf 79' lang='lat' dir='ltr'><strong>vii,</strong></span> <span class='ocrx_word' id='word_1_387' title='bbox 2068 2993 2159 3050; x_wconf 66' lang='lat'><strong>573</strong></span> <span class='ocrx_word' id='word_1_388' title='bbox 2207 3003 2263 3042; x_wconf 89' lang='lat' dir='ltr'><strong>ut</strong></span> <span class='ocrx_word' id='word_1_389' title='bbox 2300 3004 2352 3042; x_wconf 90' lang='lat' dir='ltr'><strong>et</strong></span> <span class='ocrx_word' id='word_1_390' title='bbox 2387 2998 2525 3043; x_wconf 72' lang='lat' dir='ltr'><strong>silere</strong></span> <span class='ocrx_word' id='word_1_391' title='bbox 2562 2995 2625 3044; x_wconf 87' lang='lat' dir='ltr'><strong>de</strong></span> <span class='ocrx_word' id='word_1_392' title='bbox 2662 2996 2837 3046; x_wconf 77' lang='lat' dir='ltr'><strong>ventis</strong></span> 
     </span>
     <span class='ocr_line' id='line_1_63' title="bbox 1698 3059 2840 3118; baseline 0.004 -12"><span class='ocrx_word' id='word_1_393' title='bbox 1698 3059 2014 3115; x_wconf 83' lang='lat' dir='ltr'><strong>cessantibus,</strong></span> <span class='ocrx_word' id='word_1_394' title='bbox 2057 3067 2114 3107; x_wconf 89' lang='lat' dir='ltr'><strong>ut</strong></span> <span class='ocrx_word' id='word_1_395' title='bbox 2152 3059 2359 3108; x_wconf 85' lang='lat' dir='ltr'><strong>Theocr.</strong></span> <span class='ocrx_word' id='word_1_396' title='bbox 2394 3059 2447 3118; x_wconf 91' lang='lat' dir='ltr'><strong>ii,</strong></span> <span class='ocrx_word' id='word_1_397' title='bbox 2490 3062 2566 3108; x_wconf 79' lang='lat'><strong>38.</strong></span> <span class='ocrx_word' id='word_1_398' title='bbox 2640 3062 2840 3110; x_wconf 60' lang='lat' dir='ltr'><strong>Ventos}</strong></span> 
     </span>
     <span class='ocr_line' id='line_1_64' title="bbox 1698 3123 2833 3174; baseline 0.004 -4"><span class='ocrx_word' id='word_1_399' title='bbox 1698 3125 1959 3170; x_wconf 71' lang='lat' dir='ltr'><strong>ceciderunt</strong></span> <span class='ocrx_word' id='word_1_400' title='bbox 1987 3127 2231 3171; x_wconf 71' lang='lat' dir='ltr'><strong>murmuris</strong></span> <span class='ocrx_word' id='word_1_401' title='bbox 2260 3139 2388 3171; x_wconf 70' lang='lat' dir='ltr'><strong>aure</strong></span> <span class='ocrx_word' id='word_1_402' title='bbox 2403 3142 2419 3170; x_wconf 93' lang='lat'><strong>.·</strong></span> <span class='ocrx_word' id='word_1_403' title='bbox 2452 3123 2507 3172; x_wconf 86' lang='lat' dir='ltr'><strong>in</strong></span> <span class='ocrx_word' id='word_1_404' title='bbox 2528 3123 2687 3173; x_wconf 77' lang='lat' dir='ltr'><strong>soluta</strong></span> <span class='ocrx_word' id='word_1_405' title='bbox 2712 3139 2833 3174; x_wconf 79' lang='lat' dir='ltr'><strong>ora—</strong></span> 
     </span>
     <span class='ocr_line' id='line_1_65' title="bbox 1700 3185 2837 3253; baseline 0.003 -20"><span class='ocrx_word' id='word_1_406' title='bbox 1700 3185 1846 3244; x_wconf 86' lang='lat' dir='ltr'><strong>tione,</strong></span> <span class='ocrx_word' id='word_1_407' title='bbox 1882 3201 2103 3234; x_wconf 88' lang='lat' dir='ltr'><strong>murmur</strong></span> <span class='ocrx_word' id='word_1_408' title='bbox 2133 3203 2265 3242; x_wconf 80' lang='lat' dir='ltr'><strong>auroe</strong></span> <span class='ocrx_word' id='word_1_409' title='bbox 2296 3186 2488 3250; x_wconf 81' lang='lat' dir='ltr'><strong>cecidit,</strong></span> <span class='ocrx_word' id='word_1_410' title='bbox 2524 3197 2575 3236; x_wconf 88' lang='lat' dir='ltr'><strong>et</strong></span> <span class='ocrx_word' id='word_1_411' title='bbox 2606 3188 2696 3236; x_wconf 91' lang='lat' dir='ltr'><strong>hoc</strong></span> <span class='ocrx_word' id='word_1_412' title='bbox 2732 3205 2837 3253; x_wconf 82' lang='lat' dir='ltr'><strong>pro</strong></span> 
     </span>
     <span class='ocr_line' id='line_1_66' title="bbox 1697 3249 2833 3314; baseline 0.004 -17"><span class='ocrx_word' id='word_1_413' title='bbox 1697 3249 1808 3314; x_wconf 86' lang='lat' dir='ltr'><strong>ipsa</strong></span> <span class='ocrx_word' id='word_1_414' title='bbox 1827 3267 1972 3299; x_wconf 88' lang='lat' dir='ltr'><strong>aura:</strong></span> <span class='ocrx_word' id='word_1_415' title='bbox 2009 3267 2140 3310; x_wconf 84' lang='lat' dir='ltr'><strong>aura,</strong></span> <span class='ocrx_word' id='word_1_416' title='bbox 2164 3261 2341 3301; x_wconf 82' lang='lat' dir='ltr'><strong>ventus</strong></span> <span class='ocrx_word' id='word_1_417' title='bbox 2362 3251 2553 3300; x_wconf 84' lang='lat' dir='ltr'><strong>cecidit.</strong></span> <span class='ocrx_word' id='word_1_418' title='bbox 2611 3252 2833 3314; x_wconf 54' lang='lat' dir='ltr'><strong>Sciliceg</strong></span> 
     </span>
     <span class='ocr_line' id='line_1_67' title="bbox 1698 3315 2831 3380; baseline 0.004 -18"><span class='ocrx_word' id='word_1_419' title='bbox 1698 3331 1817 3362; x_wconf 83' lang='lat' dir='ltr'><strong>aura</strong></span> <span class='ocrx_word' id='word_1_420' title='bbox 1848 3319 2092 3364; x_wconf 74' lang='lat' dir='ltr'><strong>murmuris</strong></span> <span class='ocrx_word' id='word_1_421' title='bbox 2114 3315 2297 3364; x_wconf 88' lang='lat' dir='ltr'><strong>dictum</strong></span> <span class='ocrx_word' id='word_1_422' title='bbox 2330 3325 2407 3364; x_wconf 84' lang='lat' dir='ltr'><strong>est</strong></span> <span class='ocrx_word' id='word_1_423' title='bbox 2438 3331 2528 3380; x_wconf 87' lang='lat' dir='ltr'><strong>pro</strong></span> <span class='ocrx_word' id='word_1_424' title='bbox 2550 3331 2669 3364; x_wconf 81' lang='lat' dir='ltr'><strong>aura</strong></span> <span class='ocrx_word' id='word_1_425' title='bbox 2688 3333 2831 3367; x_wconf 87' lang='lat' dir='ltr'><strong>mur-</strong></span> 
     </span>
     <span class='ocr_line' id='line_1_68' title="bbox 1699 3379 2839 3445; baseline 0.004 -18"><span class='ocrx_word' id='word_1_426' title='bbox 1699 3393 1912 3436; x_wconf 83' lang='lat' dir='ltr'><strong>murans,</strong></span> <span class='ocrx_word' id='word_1_427' title='bbox 1940 3379 2149 3428; x_wconf 86' lang='lat' dir='ltr'><strong>sollenni</strong></span> <span class='ocrx_word' id='word_1_428' title='bbox 2178 3389 2435 3445; x_wconf 87' lang='lat' dir='ltr'><strong>poetarum</strong></span> <span class='ocrx_word' id='word_1_429' title='bbox 2463 3381 2745 3429; x_wconf 75' lang='lat' dir='ltr'><strong>Graecorum</strong></span> <span class='ocrx_word' id='word_1_430' title='bbox 2780 3392 2839 3432; x_wconf 86' lang='lat' dir='ltr'><strong>et</strong></span> 
     </span>
     <span class='ocr_line' id='line_1_69' title="bbox 1700 3443 2832 3506; baseline 0.003 -16"><span class='ocrx_word' id='word_1_431' title='bbox 1700 3443 2048 3503; x_wconf 81' lang='lat' dir='ltr'><strong>Romanorum,</strong></span> <span class='ocrx_word' id='word_1_432' title='bbox 2068 3453 2213 3506; x_wconf 88' lang='lat' dir='ltr'><strong>atque</strong></span> <span class='ocrx_word' id='word_1_433' title='bbox 2242 3444 2389 3492; x_wconf 87' lang='lat' dir='ltr'><strong>etiam</strong></span> <span class='ocrx_word' id='word_1_434' title='bbox 2412 3443 2648 3503; x_wconf 83' lang='lat' dir='ltr'><strong>Orientis,</strong></span> <span class='ocrx_word' id='word_1_435' title='bbox 2672 3461 2832 3504; x_wconf 83' lang='lat' dir='ltr'><strong>more,</strong></span> 
     </span>
     <span class='ocr_line' id='line_1_70' title="bbox 1700 3506 2831 3573; baseline 0.004 -18"><span class='ocrx_word' id='word_1_436' title='bbox 1700 3506 1993 3568; x_wconf 76' lang='lat' dir='ltr'><strong>adjectivum</strong></span> <span class='ocrx_word' id='word_1_437' title='bbox 2024 3509 2101 3556; x_wconf 88' lang='lat' dir='ltr'><strong>vel</strong></span> <span class='ocrx_word' id='word_1_438' title='bbox 2124 3508 2438 3573; x_wconf 86' lang='lat' dir='ltr'><strong>participium</strong></span> <span class='ocrx_word' id='word_1_439' title='bbox 2472 3509 2525 3556; x_wconf 87' lang='lat' dir='ltr'><strong>in</strong></span> <span class='ocrx_word' id='word_1_440' title='bbox 2556 3509 2831 3559; x_wconf 76' lang='lat' dir='ltr'><strong>substanti-</strong></span> 
     </span>
     <span class='ocr_line' id='line_1_71' title="bbox 1700 3572 2829 3630; baseline 0.003 -10"><span class='ocrx_word' id='word_1_441' title='bbox 1700 3586 1815 3620; x_wconf 86' lang='lat' dir='ltr'><strong>vum</strong></span> <span class='ocrx_word' id='word_1_442' title='bbox 1840 3572 2086 3630; x_wconf 83' lang='lat' dir='ltr'><strong>mutandi3</strong></span> <span class='ocrx_word' id='word_1_443' title='bbox 2122 3573 2253 3621; x_wconf 89' lang='lat' dir='ltr'><strong>unde</strong></span> <span class='ocrx_word' id='word_1_444' title='bbox 2276 3572 2445 3620; x_wconf 77' lang='lat' dir='ltr'><strong>existit</strong></span> <span class='ocrx_word' id='word_1_445' title='bbox 2474 3589 2594 3620; x_wconf 73' lang='lat' dir='ltr'><strong>aura</strong></span> <span class='ocrx_word' id='word_1_446' title='bbox 2622 3590 2829 3624; x_wconf 69' lang='lat' dir='ltr'><strong>mmu-</strong></span> 
     </span>
     <span class='ocr_line' id='line_1_72' title="bbox 1699 3636 2833 3698; baseline 0.005 -16"><span class='ocrx_word' id='word_1_447' title='bbox 1699 3639 1781 3684; x_wconf 74' lang='lat' dir='ltr'><strong>ris.</strong></span> <span class='ocrx_word' id='word_1_448' title='bbox 1853 3636 2063 3685; x_wconf 82' lang='lat' dir='ltr'><strong>Diversa</strong></span> <span class='ocrx_word' id='word_1_449' title='bbox 2090 3647 2166 3686; x_wconf 84' lang='lat' dir='ltr'><strong>est</strong></span> <span class='ocrx_word' id='word_1_450' title='bbox 2196 3637 2335 3694; x_wconf 83' lang='lat' dir='ltr'><strong>ratio,</strong></span> <span class='ocrx_word' id='word_1_451' title='bbox 2390 3652 2452 3685; x_wconf 89' lang='lat' dir='ltr'><strong>ua</strong></span> <span class='ocrx_word' id='word_1_452' title='bbox 2474 3637 2670 3686; x_wconf 79' lang='lat' dir='ltr'><strong>oetheris</strong></span> <span class='ocrx_word' id='word_1_453' title='bbox 2690 3653 2833 3698; x_wconf 78' lang='lat' dir='ltr'><strong>aura,</strong></span> 
     </span>
     <span class='ocr_line' id='line_1_73' title="bbox 1702 3699 2835 3766; baseline 0.004 -18"><span class='ocrx_word' id='word_1_454' title='bbox 1702 3699 1902 3749; x_wconf 86' lang='lat' dir='ltr'><strong>luminis</strong></span> <span class='ocrx_word' id='word_1_455' title='bbox 1924 3717 2055 3759; x_wconf 82' lang='lat' dir='ltr'><strong>aura,</strong></span> <span class='ocrx_word' id='word_1_456' title='bbox 2080 3710 2132 3749; x_wconf 89' lang='lat' dir='ltr'><strong>et</strong></span> <span class='ocrx_word' id='word_1_457' title='bbox 2150 3701 2222 3750; x_wconf 88' lang='lat' dir='ltr'><strong>sic</strong></span> <span class='ocrx_word' id='word_1_458' title='bbox 2241 3701 2338 3750; x_wconf 85' lang='lat' dir='ltr'><strong>alia</strong></span> <span class='ocrx_word' id='word_1_459' title='bbox 2390 3700 2610 3758; x_wconf 66' lang='lat' dir='ltr'><strong>‘cunum</strong></span> <span class='ocrx_word' id='word_1_460' title='bbox 2646 3701 2709 3750; x_wconf 81' lang='lat' dir='ltr'><strong>de</strong></span> <span class='ocrx_word' id='word_1_461' title='bbox 2730 3719 2835 3766; x_wconf 89' lang='lat' dir='ltr'><strong>quo</strong></span> 
     </span>
     <span class='ocr_line' id='line_1_74' title="bbox 1702 3764 2833 3832; baseline 0.005 -20"><span class='ocrx_word' id='word_1_462' title='bbox 1702 3764 1799 3812; x_wconf 79' lang='lat' dir='ltr'><strong>vid.</strong></span> <span class='ocrx_word' id='word_1_463' title='bbox 1838 3765 1899 3813; x_wconf 83' lang='lat' dir='ltr'><strong>ad</strong></span> <span class='ocrx_word' id='word_1_464' title='bbox 1933 3766 2053 3814; x_wconf 90' lang='lat' dir='ltr'><strong>Geo.</strong></span> <span class='ocrx_word' id='word_1_465' title='bbox 2088 3765 2139 3824; x_wconf 89' lang='lat' dir='ltr'><strong>ii,</strong></span> <span class='ocrx_word' id='word_1_466' title='bbox 2176 3765 2255 3817; x_wconf 74' lang='lat'><strong>47.</strong></span> <span class='ocrx_word' id='word_1_467' title='bbox 2324 3765 2595 3829; x_wconf 77' lang='lat' dir='ltr'><strong>Epitheton</strong></span> <span class='ocrx_word' id='word_1_468' title='bbox 2626 3768 2833 3832; x_wconf 79' lang='lat' dir='ltr'><strong>proprie</strong></span> 
     </span>
     <span class='ocr_line' id='line_1_75' title="bbox 1701 3829 2236 3893; baseline 0.004 -17"><span class='ocrx_word' id='word_1_469' title='bbox 1701 3829 1764 3876; x_wconf 86' lang='lat' dir='ltr'><strong>ad</strong></span> <span class='ocrx_word' id='word_1_470' title='bbox 1786 3844 1953 3877; x_wconf 78' lang='lat' dir='ltr'><strong>auram</strong></span> <span class='ocrx_word' id='word_1_471' title='bbox 1972 3831 2236 3893; x_wconf 83' lang='lat' dir='ltr'><strong>spectabat.</strong></span> 
     </span>
    </p>

    <p class='ocr_par' dir='ltr' id='par_1_12' title="bbox 1700 3893 2838 4402">
     <span class='ocr_line' id='line_1_76' title="bbox 1766 3893 2835 3952; baseline 0.007 -14"><span class='ocrx_word' id='word_1_472' title='bbox 1766 3893 1843 3939; x_wconf 85' lang='lat'><strong>60.</strong></span> <span class='ocrx_word' id='word_1_473' title='bbox 1894 3895 2141 3942; x_wconf 71' lang='lat' dir='ltr'><strong>Bianor-em</strong></span> <span class='ocrx_word' id='word_1_474' title='bbox 2182 3893 2395 3942; x_wconf 85' lang='lat' dir='ltr'><strong>eundem</strong></span> <span class='ocrx_word' id='word_1_475' title='bbox 2430 3909 2545 3942; x_wconf 88' lang='lat' dir='ltr'><strong>cum</strong></span> <span class='ocrx_word' id='word_1_476' title='bbox 2582 3895 2739 3952; x_wconf 83' lang='lat' dir='ltr'><strong>Ocno,</strong></span> <span class='ocrx_word' id='word_1_477' title='bbox 2781 3907 2835 3946; x_wconf 88' lang='lat' dir='ltr'><strong>et</strong></span> 
     </span>
     <span class='ocr_line' id='line_1_77' title="bbox 1700 3957 2833 4016; baseline 0.005 -13"><span class='ocrx_word' id='word_1_478' title='bbox 1700 3957 2002 4005; x_wconf 87' lang='lat' dir='ltr'><strong>conditorem</strong></span> <span class='ocrx_word' id='word_1_479' title='bbox 2039 3957 2273 4016; x_wconf 70' lang='lat' dir='ltr'><strong>Mantuae,</strong></span> <span class='ocrx_word' id='word_1_480' title='bbox 2296 3957 2415 4007; x_wconf 79' lang='lat' dir='ltr'><strong>facit</strong></span> <span class='ocrx_word' id='word_1_481' title='bbox 2436 3958 2639 4008; x_wconf 81' lang='lat' dir='ltr'><strong>Servius</strong></span> <span class='ocrx_word' id='word_1_482' title='bbox 2666 3960 2750 4008; x_wconf 88' lang='lat' dir='ltr'><strong>hic</strong></span> <span class='ocrx_word' id='word_1_483' title='bbox 2781 3971 2833 4010; x_wconf 89' lang='lat' dir='ltr'><strong>et</strong></span> 
     </span>
     <span class='ocr_line' id='line_1_78' title="bbox 1700 4019 2833 4079; baseline 0.006 -12"><span class='ocrx_word' id='word_1_484' title='bbox 1700 4019 1763 4068; x_wconf 88' lang='lat' dir='ltr'><strong>ad</strong></span> <span class='ocrx_word' id='word_1_485' title='bbox 1786 4021 1900 4068; x_wconf 85' lang='lat' dir='ltr'><strong>AEn.</strong></span> <span class='ocrx_word' id='word_1_486' title='bbox 1926 4037 1973 4079; x_wconf 84' lang='lat' dir='ltr'><strong>x,</strong></span> <span class='ocrx_word' id='word_1_487' title='bbox 2002 4021 2271 4070; x_wconf 84' lang='lat'><strong>198—200.</strong></span> <span class='ocrx_word' id='word_1_488' title='bbox 2338 4022 2639 4071; x_wconf 83' lang='lat' dir='ltr'><strong>Destituitur</strong></span> <span class='ocrx_word' id='word_1_489' title='bbox 2662 4033 2833 4074; x_wconf 83' lang='lat' dir='ltr'><strong>tamen</strong></span> 
     </span>
     <span class='ocr_line' id='line_1_79' title="bbox 1702 4087 2829 4145; baseline 0.004 -12"><span class='ocrx_word' id='word_1_490' title='bbox 1702 4094 1859 4134; x_wconf 85' lang='lat' dir='ltr'><strong>totum</strong></span> <span class='ocrx_word' id='word_1_491' title='bbox 1898 4087 1989 4133; x_wconf 88' lang='lat' dir='ltr'><strong>hoc</strong></span> <span class='ocrx_word' id='word_1_492' title='bbox 2022 4095 2265 4134; x_wconf 81' lang='lat' dir='ltr'><strong>assertum</strong></span> <span class='ocrx_word' id='word_1_493' title='bbox 2296 4087 2474 4135; x_wconf 87' lang='lat' dir='ltr'><strong>idonea</strong></span> <span class='ocrx_word' id='word_1_494' title='bbox 2508 4088 2829 4145; x_wconf 64' lang='lat' dir='ltr'><strong>auctoritates</strong></span> 
     </span>
     <span class='ocr_line' id='line_1_80' title="bbox 1702 4149 2834 4213; baseline 0.005 -16"><span class='ocrx_word' id='word_1_495' title='bbox 1702 4163 1792 4198; x_wconf 90' lang='lat' dir='ltr'><strong>nec</strong></span> <span class='ocrx_word' id='word_1_496' title='bbox 1815 4149 1939 4198; x_wconf 84' lang='lat' dir='ltr'><strong>alius</strong></span> <span class='ocrx_word' id='word_1_497' title='bbox 1960 4165 2105 4213; x_wconf 86' lang='lat' dir='ltr'><strong>quam</strong></span> <span class='ocrx_word' id='word_1_498' title='bbox 2128 4149 2303 4213; x_wconf 77' lang='lat' dir='ltr'><strong>aliquis</strong></span> <span class='ocrx_word' id='word_1_499' title='bbox 2326 4167 2389 4199; x_wconf 86' lang='lat' dir='ltr'><strong>ex</strong></span> <span class='ocrx_word' id='word_1_500' title='bbox 2416 4149 2689 4201; x_wconf 76' lang='lat' dir='ltr'><strong>illustribus</strong></span> <span class='ocrx_word' id='word_1_501' title='bbox 2712 4153 2834 4203; x_wconf 81' lang='lat' dir='ltr'><strong>viris</strong></span> 
     </span>
     <span class='ocr_line' id='line_1_81' title="bbox 1702 4214 2831 4267; baseline 0.004 -5"><span class='ocrx_word' id='word_1_502' title='bbox 1702 4214 1781 4262; x_wconf 85' lang='lat' dir='ltr'><strong>vel</strong></span> <span class='ocrx_word' id='word_1_503' title='bbox 1820 4231 1883 4263; x_wconf 85' lang='lat' dir='ltr'><strong>ex</strong></span> <span class='ocrx_word' id='word_1_504' title='bbox 1912 4215 2141 4264; x_wconf 79' lang='lat' dir='ltr'><strong>heroibus</strong></span> <span class='ocrx_word' id='word_1_505' title='bbox 2164 4215 2549 4264; x_wconf 80' lang='lat' dir='ltr'><strong>Mantuanorum</strong></span> <span class='ocrx_word' id='word_1_506' title='bbox 2577 4215 2733 4266; x_wconf 77' lang='lat' dir='ltr'><strong>fuisse</strong></span> <span class='ocrx_word' id='word_1_507' title='bbox 2756 4219 2831 4267; x_wconf 83' lang='lat' dir='ltr'><strong>vi-</strong></span> 
     </span>
     <span class='ocr_line' id='line_1_82' title="bbox 1702 4278 2838 4344; baseline 0.005 -17"><span class='ocrx_word' id='word_1_508' title='bbox 1702 4279 1846 4328; x_wconf 84' lang='lat' dir='ltr'><strong>detur</strong></span> <span class='ocrx_word' id='word_1_509' title='bbox 1866 4279 1949 4327; x_wconf 88' lang='lat' dir='ltr'><strong>ille</strong></span> <span class='ocrx_word' id='word_1_510' title='bbox 1970 4278 2167 4328; x_wconf 86' lang='lat' dir='ltr'><strong>Bianor.</strong></span> <span class='ocrx_word' id='word_1_511' title='bbox 2218 4278 2441 4344; x_wconf 78' lang='lat' dir='ltr'><strong>vestig-ia</strong></span> <span class='ocrx_word' id='word_1_512' title='bbox 2461 4289 2627 4329; x_wconf 88' lang='lat' dir='ltr'><strong>autem</strong></span> <span class='ocrx_word' id='word_1_513' title='bbox 2652 4283 2838 4344; x_wconf 75' lang='lat' dir='ltr'><strong>pressit</strong></span> 
     </span>
     <span class='ocr_line' id='line_1_83' title="bbox 1703 4343 2259 4402; baseline -0.002 -9"><span class='ocrx_word' id='word_1_514' title='bbox 1703 4343 1948 4393; x_wconf 84' lang='lat' dir='ltr'><strong>Theocrit.</strong></span> <span class='ocrx_word' id='word_1_515' title='bbox 1971 4344 2053 4402; x_wconf 85' lang='lat' dir='ltr'><strong>vii,</strong></span> <span class='ocrx_word' id='word_1_516' title='bbox 2082 4347 2155 4402; x_wconf 90' lang='grc'><strong>10,</strong></span> <span class='ocrx_word' id='word_1_517' title='bbox 2186 4347 2259 4392; x_wconf 83' lang='grc'><strong>12.</strong></span> 
     </span>
    </p>

    <p class='ocr_par' dir='ltr' id='par_1_13' title="bbox 1763 4409 2835 4475">
     <span class='ocr_line' id='line_1_84' title="bbox 1763 4409 2835 4475; baseline 0.006 -19"><span class='ocrx_word' id='word_1_518' title='bbox 1763 4409 1969 4456; x_wconf 81' lang='grc'>61-65,</span> <span class='ocrx_word' id='word_1_519' title='bbox 2005 4413 2241 4472; x_wconf 71' lang='lat' dir='ltr'><strong>Str-ingere</strong></span> <span class='ocrx_word' id='word_1_520' title='bbox 2254 4409 2414 4474; x_wconf 84' lang='lat' dir='ltr'><strong>simpl.</strong></span> <span class='ocrx_word' id='word_1_521' title='bbox 2434 4409 2523 4459; x_wconf 82' lang='lat' dir='ltr'><strong>int.</strong></span> <span class='ocrx_word' id='word_1_522' title='bbox 2544 4409 2835 4475; x_wconf 83' lang='lat' dir='ltr'><strong>decerpere,</strong></span> 
     </span>
    </p>
   </div>
  </div>
 </body>
</html>
