3050 4934
464 232 598 300 :374

1358 224 1889 297 AENEIDOS

633 381 1025 445 Muneribus
1055 378 1341 447 cumulat
1366 380 1644 462 magnis,
1675 401 1754 443 ac
1783 378 1938 443 talia
1965 378 2176 443 fatur:

632 482 854 557 Sume,
887 490 1111 564 pater;
1156 502 1307 545 nam
1334 488 1401 543 te
1433 478 1638 543 voluit
1665 501 1786 543 rex
1813 500 2088 561 magnus
2122 478 2388 563 Olympi

632 580 909 645 Talibus
939 580 1245 663 auspiciis
1276 590 1608 643 exsortem
1635 575 1877 643 ducere
1907 578 2214 643 honores·

462 683 590 746 535
633 680 851 766 Ipsius
882 678 1196 745 Anchisae
1224 679 1501 764 longaevi
1528 679 1656 745 hoc
1685 702 1921 744 munus
1953 680 2253 757 habebis,

634 781 909 845 Cratera
936 782 1324 864 impressum
1356 781 1579 863 signis,
1610 802 1806 864 quem
1830 780 2159 845 Thracius
2193 779 2346 843 olim

632 879 943 945 Anchisae
972 882 1251 964 genitori
1279 882 1347 945 in
1376 903 1610 964 magno
1639 904 1908 965 munere
1941 882 2210 945 Cisseus

633 981 833 1046 Ferre
866 984 968 1045 sui
998 982 1275 1047 dederat
1303 994 1789 1047 monumentum
1815 994 1884 1047 et
1913 983 2152 1066 pignus
2183 983 2440 1046 amoris.

633 1081 743 1145 Sic
771 1081 945 1146 fatus
978 1084 1177 1165 cingit
1199 1082 1504 1146 viridanti
1531 1092 1828 1167 tempora
1854 1082 2063 1160 lauro,

461 1184 590 1246 540
634 1182 729 1246 Et
758 1184 1036 1267 primum
1066 1194 1217 1247 ante
1248 1204 1472 1247 omnes
1502 1184 1814 1247 victorem
1841 1182 2130 1268 appellat
2159 1181 2470 1248 Acesten.

632 1283 782 1348 Nec
806 1286 1020 1347 bonus
1052 1284 1377 1367 Eurytion
1406 1282 1680 1367 praelato
1709 1285 1941 1348 invidit
1969 1284 2242 1362 honori3

634 1384 950 1457 Quamvis
982 1384 1159 1449 solus
1190 1406 1375 1448 avem
1403 1384 1572 1449 coelo
1603 1385 1843 1469 dejecit
1871 1388 1956 1449 ab
1985 1385 2140 1449 alto.

636 1483 982 1548 Proximus
1012 1485 1379 1568 ingreditur
1408 1486 1620 1562 donis,
1651 1487 1766 1569 qui
1796 1486 2050 1551 vincula
2077 1489 2292 1570 rupit;

638 1583 993 1648 Extremus
999 1632 1017 1661 ,
1050 1584 1293 1651 volucri
1325 1588 1439 1670 qui
1464 1586 1614 1649 fixit
1643 1587 1959 1650 arundine
1991 1587 2250 1651 malum.

463 1684 590 1746 545
727 1682 817 1748 At
846 1695 1036 1769 pater
1064 1686 1343 1763 AEneas‚
1374 1687 1666 1751 nondum
1696 1690 2044 1751 certamine
2073 1689 2293 1763 misso,

636 1785 995 1849 Custodem
1024 1788 1110 1851 ad
1142 1810 1287 1851 sese
1316 1788 1746 1872 comitemque
1775 1789 2054 1873 impubis
2087 1788 2214 1852 Iuli

637 1884 974 1969 Epytiden
1002 1899 1212 1965 vocat,
1243 1899 1311 1952 et
1340 1888 1543 1953 fidam
1573 1890 1665 1953 sic
1696 1888 1872 1953 fatur
1901 1890 1987 1953 ad
2016 1911 2275 1953 aurem:

634 1987 828 2051 Vade
859 2010 1006 2071 age,
1038 1999 1108 2053 et
1135 1987 1449 2066 Ascani0,
1482 1992 1540 2051 si
1559 1991 1697 2073 jam
1727 1990 1974 2074 puerile
2005 2002 2304 2074 paratum

542 2106 546 2111 ·
632 2084 892 2169 Agmen
922 2088 1123 2153 habet
1154 2111 1400 2166 secum,
1430 2111 1796 2173 cursusque
1821 2092 2131 2155 instruxit
2159 2114 2500 2175 equorum,

462 2187 589 2248 550
634 2184 858 2250 Ducat
887 2210 1009 2253 avo
1037 2199 1305 2266 turmas,
1338 2199 1406 2253 et
1436 2212 1580 2254 sese
1613 2192 1919 2255 ostendat
1945 2191 2010 2255 in
2041 2192 2258 2268 armis,

636 2285 790 2363 Dic,
822 2289 933 2351 ait.
1010 2288 1165 2372 Ipse
1198 2312 1449 2354 omnem
1478 2289 1678 2374 longo
1707 2292 2030 2357 decedere
2059 2293 2232 2357 circo

636 2386 935 2451 Infusum
966 2389 1300 2473 populum,
1331 2401 1399 2453 et
1429 2412 1692 2473 campos
1715 2393 1910 2475 jubet
1937 2414 2083 2456 esse
2117 2403 2439 2475 patentes.

634 2488 957 2552 Incedunt
986 2492 1196 2573 pueri,
1226 2491 1784 2581 pariterque-ante
1817 2513 1932 2555 ora
1959 2504 2302 2575 parentum

636 2589 935 2654 Frenatis
965 2588 1185 2655 lucent
1212 2592 1277 2655 in
1308 2592 1532 2675 equis;
1578 2615 1744 2674 quos
1775 2594 1980 2657 omnis
2011 2604 2242 2659 euntes

464 2692 591 2754 555
635 2690 995 2754 Trinacrioe
1024 2692 1254 2755 mirata
1282 2691 1498 2755 fremit
1527 2691 1884 2777 Trojaeque
1905 2694 2240 2778 juventus·

640 2792 963 2857 Omnibus
994 2794 1061 2856 in
1088 2814 1331 2856 morem
1364 2802 1553 2856 tonsa
1581 2815 1763 2857 coma
1791 2816 2022 2878 pressa
2050 2817 2325 2859 corona:

534 2998 643 3045 532.
682 2996 911 3047 Imitatur
944 2996 1093 3043 Hom.
1122 2994 1261 3043 Iliad.
1288 2999 1337 3056 ψ,
1362 2997 1457 3042 616
1484 3012 1588 3058 sqq.

468 3060 551 3110 ubi
590 3062 771 3108 Nestor
806 3059 955 3107 simili
986 3059 1129 3107 modo
1161 3058 1417 3121 praemium
1452 3070 1593 3108 extra

470 3124 693 3173 ordinem
710 3124 817 3173 fert.

534 3187 645 3243 536,
667 3186 776 3237 537.
812 3186 893 3235 Ad
922 3194 1105 3235 cratem
1138 3187 1310 3235 saltem
1338 3187 1401 3235 cf.
1432 3196 1589 3235 crate-

468 3266 574 3301 rem
600 3250 856 3299 Sidonium
888 3251 1061 3313 odyss.
1084 3268 1127 3308 ο,
1158 3253 1261 3299 115.
1319 3254 1595 3313 Iam-enum

466 3318 629 3379 signia,
680 3314 1006 3379 anaglyphum
1052 3314 1208 3377 signis
1250 3316 1497 3380 expressis
1540 3316 1592 3363 in

468 3389 671 3443 argento
702 3380 779 3427 vel
810 3395 922 3428 aere.
982 3382 1175 3437 Cisseus,
1208 3379 1453 3427 Thracum
1486 3396 1590 3438 rex,

466 3446 606 3505 cuius
641 3442 742 3494 filia
779 3444 1013 3492 Hecuba:
1057 3443 1117 3491 cf.
1146 3443 1231 3491 inf.
1262 3459 1311 3503 x,
1346 3445 1454 3495 705.
1514 3445 1593 3493 De

468 3508 641 3557 eodem
666 3508 914 3557 Homerus
940 3507 1079 3557 Iliad.
1103 3516 1151 3565 λ,
1178 3509 1286 3556 223.

534 3574 807 3621 541-544,
844 3574 1049 3622 pretato
1076 3575 1245 3630 honori,
1270 3572 1317 3621 h.
1347 3588 1389 3620 e.
1418 3572 1592 3620 honori

466 3651 613 3699 quem
645 3636 769 3687 alter
802 3636 821 3684 i
882 3636 898 3684 i
930 3636 1225 3702 praetulerat,
1255 3636 1590 3700 praeripuerat.

467 3702 626 3749 Bonus
642 3716 754 3751 cum
771 3700 823 3749 di
842 3710 955 3749 ectu
970 3702 1017 3749 h.
1038 3701 1068 3749 1.
1084 3701 1311 3765 positum,
1332 3710 1388 3749 ut
1404 3699 1592 3758 ἐσθλὸς,

468 3764 731 3825 emp-v.
800 3767 1045 3813 Proximus
1078 3768 1207 3813 donis
1246 3766 1327 3821 (ut
1360 3768 1596 3827 protinus

468 3829 635 3889 laude)
698 3833 709 3843 '
798 3832 953 3877 edim·
1008 3829 1123 3892 (pro
1170 3828 1285 3889 est),
1330 3830 1378 3876 h.
1424 3844 1466 3876 e.
1510 3829 1594 3890 qui

466 3892 692 3957 proximo
765 3906 853 3941 oco
901 3892 1102 3955 praemio
1148 3893 1371 3949 donatur,
1420 3892 1591 3940 Mnes-

466 3957 626 4007 theus.
682 3956 901 4006 Omnino
932 3966 1021 4015 εει,
1053 3956 1183 4019 quod
1210 3972 1317 4020 sup.
1346 3957 1454 4013 268,
1480 3956 1591 4014 269,

468 4038 617 4071 omnes
667 4024 828 4070 donati
883 4024 1027 4069 ibant.
1100 4024 1347 4069 Extremus
1404 4021 1590 4082 Hyrta-

466 4086 615 4135 eides.

534 4152 645 4207 645,
683 4150 793 4198 546.
852 4150 901 4197 N
906 4164 1001 4197 unc
1051 4148 1197 4196 ludus
1240 4148 1401 4211 'trojae
1448 4148 1590 4197 insti-

469 4212 636 4271 tuitur,
660 4228 689 4263 a
722 4212 968 4263 nobilibus
998 4212 1166 4277 pueris
1198 4222 1347 4271 actus,
1372 4228 1503 4277 sepe
1532 4215 1594 4263 ab

468 4277 695 4338 Augusto
726 4276 999 4326 exhibitus:
1036 4277 1096 4325 es.
1128 4277 1263 4325 Suet.
1298 4279 1424 4343 Aug.
1450 4280 1512 4326 43
1543 4288 1595 4325 et

470 4339 625 4403 intpp.
710 4342 966 4389 (lev-tamine
1018 4345 1167 4398 misso,
1213 4351 1269 4390 ut
1314 4342 1457 4403 ἀγὸν,
1504 4358 1594 4406 pro

1655 2997 1948 3045 certantium
1971 3013 2026 3045 ac
2055 2997 2380 3061 spectantium
2404 3002 2546 3049 turba
2565 3002 2786 3053 dimissa.

1659 3064 1899 3109 Custodem
1934 3066 2236 3125 comitemque,
2273 3073 2324 3110 et
2357 3064 2443 3113 inf.
2479 3066 2574 3113 562
2609 3072 2786 3131 nagis-

1657 3133 1766 3183 troe,
1803 3141 1867 3173 ex
1899 3140 1992 3173 suo
2025 3142 2130 3175 aevo
2163 3126 2372 3176 adscivit
2404 3128 2656 3191 Virgilius,
2687 3148 2792 3194 quo

1656 3188 1902 3237 nobilibus
1923 3190 2188 3251 juvenibus
2207 3190 2514 3241 addebantur
2533 3194 2656 3243 tales
2679 3212 2786 3243 mn-

1658 3253 1800 3365 βὶὅττί
1843 3254 1949 3365 17ε316
1965 3254 2218 3365 οὲιιωάοει
2281 3255 2490 3304 Horatio
2537 3274 2684 3321 reges,
2731 3270 2793 3309 ut

1657 3332 1676 3364 1
1741 3333 1859 3365 arm.
2019 3352 2031 3365 .

1724 3383 1833 3438 550,
1859 3352 1968 3428 551’.
2003 3386 2116 3440 Am,
2141 3382 2344 3431 inludis
2365 3384 2418 3431 in
2443 3385 2674 3434 Anchise
2695 3388 2786 3435 ho-

1659 3460 1828 3492 norem
1863 3446 2058 3494 habitis.
2129 3448 2262 3495 Circo
2297 3447 2360 3495 de
2395 3450 2555 3512 spatio
2589 3459 2642 3498 et
2677 3450 2789 3499 loco

1657 3507 1718 3621 ἓξ
1733 3509 2092 3621 quodidecursus
2126 3520 2352 3573 equester
2381 3512 2452 3570 fit,
2476 3523 2534 3561 ut
2557 3529 2664 3578 sup.
2691 3517 2790 3564 289

1739 3582 1816 3621 sta
1867 3589 1912 3621 ο.

1722 3638 1994 3685 554—-556,
2029 3640 2270 3687 Ornatam
2295 3641 2556 3689 verborum
2589 3642 2702 3691 vide
2733 3642 2788 3691 in

1659 3704 1812 3749 lucent
1843 3718 1933 3765 pro
1953 3703 2212 3761 vehuntur,
2237 3712 2288 3752 et
2317 3708 2487 3752 mirata
2506 3704 2676 3767 stanit

1659 3765 1877 3824 miratur,
1913 3775 1965 3813 et
1997 3765 2068 3814 sic
2099 3783 2246 3831 porro
2281 3768 2334 3815 in
2371 3767 2508 3825 alii„
2556 3780 2614 3817 ut
2645 3722 2791 3829 inm

1647 3828 1849 3893 fulgent,
1879 3838 2109 3892 vagantur
2139 3842 2232 3879 etc.
2295 3834 2442 3879 Tama
2473 3850 2600 3881 cona
2625 3852 2794 3896 presso

1659 3910 1836 3950 corona,
1857 3894 2089 3953 coronati,
2109 3904 2157 3943 et
2179 3896 2392 3958 quidem,
2415 3905 2471 3944 ut
2491 3897 2577 3947 inf.
2605 3914 2649 3947 v.
2674 3900 2789 3957 67³,

1657 3957 1962 4021 intelligitur,
1999 3974 2176 4007 corona
2215 3976 2364 4024 super
2401 3960 2591 4025 galeam
2625 3962 2788 4028 impo—

1657 4021 1764 4069 sita.
1811 4024 1966 4071 Coma
1989 4033 2152 4071 tamen
2175 4024 2252 4072 vel
2275 4024 2346 4072 sic
2369 4042 2400 4073 a
2421 4042 2586 4074 corona
2609 4026 2740 4088 (non
2757 4044 2790 4077 a

1655 4086 1818 4148 galea)
1853 4104 2015 4162 pressa
2053 4088 2152 4135 dici
2188 4089 2362 4153 potuit,
2404 4098 2644 4151 quatenus
2683 4093 2790 4141 hae

1657 4152 2144 4274 fflffikffi‘ffi
2159 4154 2688 4283 2ᾝέἕέὲωῖ
2725 4172 2792 4269 ἳέἑ

1657 4278 1898 4391 {ffitogua
1927 4284 2059 4330 oliva.
2112 4284 2172 4329 In
2199 4298 2378 4341 morem,
2402 4298 2466 4331 ex
2487 4298 2626 4332 more
2642 4284 2792 4348 hujus

1745 4358 1847 4392 ion.
