3050 4934
1187 267 1526 334 LIBER
1580 267 1633 333 1.
1706 319 1714 326 .
2482 269 2566 332 83

427 417 718 495 Deserit,
750 429 950 502 atque
979 417 1176 482 altam
1205 441 1408 504 supra
1435 417 1610 484 volat
1636 419 1839 482 ardea
1868 422 2125 485 nubem.

246 518 380 582 365
428 517 620 603 Saepe
649 522 848 584 etiam
876 518 1120 597 stellas,
1153 531 1348 584 vento
1377 505 1816 604 impendente,
1850 522 2099 588 videbis

427 620 808 706 Praecipites
839 620 1008 686 coelo
1038 618 1193 698 labi,
1225 621 1565 706 noctisque
1594 645 1715 706 per
1742 625 2037 687 umbram

424 720 854 786 Flammarum
881 719 1113 806 longos
1145 744 1186 786 a
1215 733 1402 807 tergo
1431 722 1765 788 albescere
1794 733 2081 790 tractus:

426 821 618 906 Saepe
645 821 853 887 levem
881 822 1137 907 paleam
1163 833 1232 887 et
1257 821 1526 887 frondes
1558 823 1825 890 volitare
1856 826 2161 903 caducaS,

425 921 571 988 Aut
599 947 845 988 summa
872 935 1106 988 nantes
1138 925 1204 988 in
1233 945 1405 1008 aqua
1433 924 1764 991 colludere
1794 926 2070 1010 plumaS.

241 1024 382 1086 370
423 1021 524 1087 At
553 1024 786 1089 Boreae
813 1025 897 1090 de
929 1035 1120 1110 parte
1150 1026 1353 1090 trucis
1383 1048 1585 1109 quum
1613 1024 1931 1104 fulminat,
1962 1039 2029 1093 et
2056 1052 2255 1112 quum

427 1125 725 1208 Eurique
759 1126 1186 1211 Zephyrique
1217 1136 1401 1190 tonat
1431 1126 1701 1204 domus;
1748 1129 1961 1192 omnia
1989 1129 2197 1213 plenis

425 1224 618 1288 Rura
647 1236 874 1290 natant
899 1226 1118 1304 fossis,
1149 1237 1346 1310 atque
1379 1227 1585 1292 omnis
1614 1229 1832 1292 navita
1862 1239 2065 1313 ponto

425 1325 720 1390 Humida
747 1326 890 1391 vela
915 1326 1096 1412 legit.
1187 1326 1547 1410 Nunquam
1574 1329 2097 1412 imprudentibus
2128 1332 2332 1396 imber

427 1428 700 1493 Obfuit:
746 1439 862 1494 aut
887 1428 1064 1494 illmn
1093 1441 1468 1515 surgentem
1497 1429 1770 1496 vallibus
1801 1433 1943 1496 imis

241 1531 382 1594 375
422 1528 647 1594 Aeriae
673 1530 904 1614 fugere
932 1552 1168 1614 grues3
1212 1542 1328 1595 aut
1354 1530 1595 1596 bucula
1622 1531 1860 1597 coelum

425 1632 804 1715 Suspiciens
835 1631 1074 1716 patulis
1105 1632 1390 1716 captavit
1420 1633 1688 1697 naribus
1718 1657 1948 1712 auras3

424 1728 568 1796 Aut
596 1742 831 1815 arguta
857 1731 1036 1796 lacus
1067 1731 1597 1797 circumvolitavit
1624 1733 1943 1810 hirundo;

423 1831 522 1896 Et
550 1842 836 1896 veterem
861 1834 929 1896 in
957 1831 1109 1897 limo
1137 1855 1314 1897 ranae
1344 1833 1639 1898 cecinere
1668 1833 2018 1916 querelam.

426 1933 686 2017 Saepius
715 1943 786 1997 et
815 1935 1004 1998 tectis
1029 1932 1474 2018 penetralibus
1505 1931 1741 1997 extulit
1771 1956 1893 1997 ova

245 2036 384 2099 380
425 2032 806 2118 Angustum
832 2033 1100 2098 formica
1129 2045 1349 2098 terens
1378 2035 1539 2112 iter3
1584 2045 1653 2097 et
1682 2034 1845 2098 bibit
1874 2035 2101 2118 ingens

421 2134 682 2214 Arcus;
727 2146 797 2199 et
821 2157 862 2200 e
891 2145 1088 2220 pastu
1116 2135 1445 2200 decedens
1476 2136 1729 2219 agmine
1757 2157 1993 2220 magno

247 2376 494 2432 fluctibus,
515 2375 908 2423 increbrescente
933 2373 1159 2438 procelle
1180 2371 1243 2430 vi,
1267 2387 1380 2420 cum

245 2451 342 2488 etc.
399 2443 508 2488 Sila·
705 2455 788 2486 are
811 2447 887 2486 est
915 2453 970 2486 se
995 2437 1262 2494 continere,
1286 2437 1380 2486 sibi

245 2504 453 2552 modum
481 2517 682 2578 ponere.
751 2501 852 2550 His
872 2501 986 2550 addi
1015 2509 1176 2564 potest
1207 2501 1380 2550 tertius

245 2583 408 2624 cuns,
455 2581 500 2614 n
544 2573 804 2629 quaeram,
852 2568 1068 2614 adverm
1149 2583 1248 2614 sen
1289 2565 1378 2614 tibi

249 2631 1152 2767 “ffffnzm‘ffssam
1179 2645 1382 2767 *01:32

441 2767 532 2816 ter,
555 2757 642 2806 sed
669 2757 960 2821 permutatis
981 2771 1146 2815 annm
1167 2757 1377 2804 nomini-

245 2821 666 2884 bmfortequod
701 2820 1380 2869 communisearumhacin

337 2895 420 2936 est
457 2894 648 2934 natum
712 2885 858 2940 Quod
897 2885 1060 2947 itaque
1101 2886 1284 2933 Aratus
1317 2883 1379 2932 de

243 2952 402 3000 ndu
428 2950 636 3008 dixerat,
668 2949 731 2997 ad
761 2964 955 3012 mergos
987 2949 1236 2997 transtulit
1263 2949 1376 2996 Vir-

241 3015 414 3079 gilius.
481 3015 670 3062 Contra
695 3015 882 3061 Aratus
906 3028 1099 3075 mergos
1129 3012 1182 3060 in
1215 3011 1380 3060 littore

241 3080 342 3128 alis
375 3079 614 3143 plangere
645 3085 1010 3134 memoraverat,
1034 3077 1163 3124 unde
1187 3075 1380 3124 videtur

241 3144 456 3192 ductum
483 3141 615 3204 quod
637 3141 684 3189 h.
707 3141 740 3189 l.
764 3139 1010 3202 defalieae‘s
1031 3149 1270 3198 narratur,
1303 3143 1376 3188 ls-

241 3212 358 3257 den
378 3210 432 3254 ἂι
451 3209 586 3254 sicco.

315 3269 595 3320 sas—³67.
638 3269 832 3316 Lucret.
863 3267 914 3325 ii,
949 3269 1056 3325 143,
1089 3270 1376 3316 Nocturnas-

243 3333 486 3398 ’πείσαι
504 3336 612 3382 αιιὲ
631 3335 821 3381 sublime
840 3335 1041 3380 nolanus
1066 3335 1232 3380 Nonne
1251 3334 1378 3400 videa

245 3403 408 3461 langas
434 3401 728 3460 flamus·
763 3399 927 3444 ducere
973 3403 1151 3444 έναι-τω
1163 3415 1182 3450 ,·
1231 3411 1378 3460 quem

245 3464 414 3512 locum
433 3461 654 3510 Mser-ob.
672 3459 737 3518 vi,
764 3462 804 3517 1,
823 3476 870 3524 p.
893 3461 1004 3517 754,
1031 3460 1227 3509 Maroni
1250 3475 1373 3524 prae-

245 3527 438 3576 luxisse
479 3525 562 3574 ait.
642 3527 884 3574 Albuoerc
923 3523 1194 3586 elegantius
1231 3539 1376 3586 quam

245 3591 483 3647 existere,
507 3605 632 3638 ene.

337 3655 612 3706 svo—372.
666 3653 780 3702 Jam
822 3651 1061 3716 prmagia
1099 3651 1376 3715 pluviarum

251 3729 560 3768 narrantum
638 3716 857 3764 Primum
896 3725 972 3764 est
1014 3715 1274 3764 fulminum
1315 3731 1378 3763 ex

251 3783 482 3832 omnibus
493 3780 606 3830 coeli
621 3781 843 3844 partibus
855 3795 1134 3829 concursus.
1169 3779 1379 3835 Quando

249 3849 318 3895 ab
333 3845 466 3894 omni
477 3845 590 3894 eoeli
605 3855 744 3908 parte
763 3853 911 3902 tonat,
926 3844 1108 3893 imbres
1125 3845 1375 3906 ingruunt.

249 3913 426 3959 Danu
455 3913 580 3958 Bam·
608 3908 824 3957 suaviter
853 3907 982 3956 dixit
1011 3908 1074 3956 de
1095 3917 1236 3972 parte
1267 3907 1378 3956 coeli

249 3973 384 4022 unde
403 3973 578 4037 spirat.
643 3975 778 4020 Rura
797 3981 976 4030 natam,
1001 3972 1313 4020 inundantur.

319 4039 428 4088 ³7³.
465 4039 716 4098 Nunquam
736 4039 1099 4098 inprudentibus
1119 4039 1263 4084 imber
1283 4039 1375 4083 Ob-

235 4100 348 4162 s-'e
361 4120 377 4148 .·
409 4115 510 4150 non
537 4100 680 4150 facile
701 4099 860 4149 imber
879 4101 1196 4164 supervenire
1215 4109 1380 4164 potest

249 4165 422 4214 isnciis
441 4163 744 4212 bominibus:
770 4165 950 4227 pluviae
971 4173 1189 4212 venturae
1209 4166 1374 4212 obser-

251 4228 384 4278 vatio
417 4229 470 4276 in
499 4237 698 4292 promtu
717 4236 820 4283 ests
857 4236 955 4276 tam
987 4228 1242 4276 manifesta
1273 4229 1377 4288 ejus

249 4293 396 4355 signa
409 4301 542 4350 sunt,
559 4307 670 4354 quae
691 4291 806 4340 inde
825 4291 1036 4353 subjicit,
1058 4301 1114 4340 ut
1131 4291 1377 4340 neminem

331 4355 346 4367 ‘
435 4369 534 4404 non
578 4365 693 4404 ante
725 4356 924 4420 provisa
954 4365 1006 4404 et
1043 4355 1380 4404 animadversa

253 4419 422 4485 pluvia
457 4419 738 4484 opprimere
773 4419 944 4484 possit.
1012 4419 1268 4468 Sententia
1306 4427 1380 4467 est

245 2696 355 2744 ff

243 2759 438 2822 i

1447 2374 1617 2422 eadem
1667 2373 1752 2422 inf.
1798 2377 1911 2432 425,
1976 2379 2223 2437 Nunquam
2276 2387 2320 2426 te
2363 2384 2569 2430 erectim

1430 2435 1578 2498 fallet
1620 2441 1754 2486 Hora
1794 2455 1935 2500 neque
1979 2443 2163 2488 insidiis
2197 2445 2343 2490 noetis
2387 2447 2567 2504 capiere

1442 2518 1629 2550 serena.

1523 2564 1797 2616 375—378.
1852 2567 1986 2614 Ante
2030 2567 2195 2616 oculos
2233 2577 2391 2631 poetae
2431 2570 2569 2619 suere

1444 2630 1629 2678 Aratea
1652 2631 1761 2688 299,
1786 2646 1815 2678 e
1836 2630 2012 2693 quibus
2030 2639 2082 2678 et
2102 2631 2307 2680 Aristot.
2328 2633 2396 2681 H.
2414 2634 2474 2681 A.
2500 2633 2565 2692 ix,

1450 2695 1524 2750 10,
1546 2702 1685 2757 patet
1712 2694 1871 2742 solere
1898 2711 2053 2757 grues,
2078 2695 2163 2744 ubi
2193 2695 2246 2743 in
2276 2695 2429 2744 altum
2451 2713 2565 2746 evo-

1443 2757 1667 2814 laverint,
1714 2761 1764 2805 n‘u
1801 2775 1965 2816 aerest,
2021 2757 2183 2820 ἠέριαι,
2232 2760 2571 2810 animadversa

1447 2829 1751 2883 tempestate,
1790 2821 1956 2870 statim
1996 2837 2049 2870 se
2089 2823 2345 2872 demittere
2385 2834 2437 2873 et
2473 2826 2566 2874 im·-

1445 2885 1581 2932 brem
1604 2884 1799 2948 fugere:
1834 2901 1981 2948 grues
2014 2885 2219 2935 imbrem
2251 2888 2445 2952 fugiunt
2466 2895 2565 2938 val·

1444 2951 1567 2996 libus
1588 2951 1705 3006 imis,
1726 2949 2019 3012 recipientes
2042 2965 2095 2998 se
2118 2950 2169 2998 in
2192 2952 2383 3000 vallem.
2444 2957 2565 3015 Cap-

1445 3016 1577 3070 tavt‘t,
1597 3021 1795 3076 captare
1814 3014 1953 3071 solet,
1973 3023 2151 3078 captat,
2169 3031 2324 3071 auras,
2344 3017 2391 3064 h.
2416 3017 2567 3076 ducit,

1442 3075 1621 3124 olfacit.
1679 3081 1868 3139 Arg-uta
1888 3077 1951 3126 ad
1973 3094 2139 3126 vocem
2163 3079 2385 3128 refertur.
2439 3081 2565 3128 Plin.

1441 3139 1581 3198 xviii,
1619 3140 1697 3198 87,
1732 3145 1927 3190 hirundo
1958 3151 2053 3190 tum
2074 3143 2222 3204 juxta
2255 3161 2420 3206 aquam
2454 3148 2565 3194 volt·-

1443 3212 1563 3262 tans,
1604 3213 1657 3252 ut
1688 3221 1842 3266 penna
1879 3222 1999 3268 saepe
2032 3211 2279 3268 percutiat.
2364 3211 2570 3258 Veterem

1443 3272 1671 3330 querelam
1694 3269 1756 3316 ad
1780 3268 1992 3317 fabulam
2023 3271 2461 3322 transformationis
2488 3289 2566 3322 ra-

1441 3347 1617 3380 narum
1652 3333 1772 3394 (vid.
1795 3333 1937 3381 Ovid.
1966 3335 2087 3382 Met.
2118 3335 2181 3393 vi,
2207 3337 2301 3384 316
2324 3337 2453 3399 sqq.)
2486 3353 2564 3385 re-

1441 3395 1633 3453 ferunt3
1668 3397 1755 3445 sed
1776 3397 1939 3446 verbis
1968 3397 2255 3462 simpliciter
2284 3399 2413 3448 inest
2433 3402 2570 3449 notio

1440 3459 1666 3508 clamoris
1713 3461 1932 3510 continui
1987 3478 2275 3526 semperque
2330 3465 2563 3524 ejusdem.

1441 3524 1609 3572 Poetis
1638 3525 1770 3572 enim
1800 3529 2028 3588 querelam
2052 3525 2112 3573 de
2139 3542 2426 3588 quacunque
2458 3529 2564 3575 ani-

1441 3587 1643 3635 malium
1666 3603 1782 3634 voce
1800 3589 1898 3635 dici
1922 3598 2091 3636 notum
2114 3598 2201 3636 est.

1508 3649 1620 3706 379,
1654 3653 1763 3696 380.
1814 3653 1953 3698 Tecta
1984 3654 2259 3712 penetralia,
2294 3661 2351 3699 ut
2379 3656 2569 3714 adytum

1435 3716 1674 3776 penetrale
1708 3713 1821 3760 AEn.
1856 3713 1909 3770 ii,
1945 3713 2067 3768 2673
2114 3718 2282 3777 templa
2308 3721 2569 3777 penetralia

1441 3781 1548 3828 coeli
1570 3777 1765 3826 Lucret-
1790 3778 1823 3835 i,
1858 3781 1997 3836 1098,
2023 3787 2078 3826 ut
2099 3779 2151 3828 in
2174 3779 2423 3829 nonnullis
2444 3780 2563 3844 legi-

1443 3851 1536 3892 tur.
1612 3847 1871 3906 Angustum
1912 3847 2016 3902 iter,
2059 3843 2225 3902 κοίλης
2262 3843 2397 3906 ὀχῆς,
2438 3845 2564 3893 sora-

1441 3907 1619 3964 minis;
1656 3907 1697 3956 si
1728 3909 1874 3956 modo
1908 3909 2115 3957 Aratum
2148 3909 2351 3956 reddere
2386 3908 2564 3957 voluit:

1442 3971 1520 4020 sin
1556 3971 1756 4020 omnino
1792 3981 2016 4021 naturam
2055 3972 2365 4020 formicarum
2402 3974 2566 4038 expri-

1443 4051 1579 4084 mere
1613 4035 1798 4094 maluit,
1836 4045 2029 4098 angusto
2065 4035 2186 4083 calle
2222 4037 2566 4098 incedentium,
2616 4051 2629 4062 ·

1443 4109 1499 4147 ut
1533 4100 1649 4148 AEn.
1685 4099 1749 4156 iv,
1787 4103 1897 4156 405,
1939 4099 2119 4147 rectius
2154 4103 2245 4150 iter
2278 4101 2339 4149 de
2374 4103 2567 4152 tramite

1441 4163 1539 4212 isto
1560 4179 1656 4226 quo
1678 4175 1797 4211 eunt
1820 4163 2119 4225 redeuntque
2143 4163 2399 4229 intelliges.

1508 4230 1618 4275 381.
1654 4232 1819 4284 Arcus,
1854 4227 1954 4282 iris,
1982 4231 2145 4284 bibere,
2170 4228 2217 4276 h.
2249 4231 2461 4288 haurire,
2493 4241 2565 4280 at-

1445 4291 1651 4348 trahere,
1682 4306 1830 4351 aquas
1852 4290 2209 4342 suia.cornibus
2241 4295 2407 4357 pluvio
2442 4305 2564 4344 tem-

1443 4371 1577 4418 pore,
1602 4354 1749 4402 etiam
1771 4370 1800 4401 a
1830 4354 2009 4403 nostris
2030 4356 2308 4408 hominibus
2337 4359 2562 4408 creditur.

1445 4417 1585 4467 Alias
1604 4421 1743 4466 nubes
1762 4417 1991 4468 dicuntur
2012 4423 2177 4470 bibere.
