3050 4934
493 225 580 288 74

1313 222 1981 288 GEORGICON

665 373 763 440 At
793 376 847 440 si
878 375 1197 441 triticeam
1226 375 1291 438 in
1321 395 1601 439 messem
1628 375 2031 456 robustaque
2063 371 2239 435 farra

495 479 624 542 220
669 476 1034 542 Exercebis
1065 477 1356 552 humum,
1391 476 1675 559 solisque
1704 475 1979 538 instabis
2010 473 2265 550 aristis;

667 579 847 644 Ante
878 579 996 643 tibi
1023 579 1188 642 Eoae
1219 575 1595 642 Atlantides
1626 577 2137 651 abscondantur,

669 681 1051 764 Gnosiaque
1083 679 1374 744 ardentis
1405 679 1687 742 decedat
1716 677 1903 742 stella
1934 677 2235 752 Coronae,

671 782 922 847 Debita
951 803 1145 866 quam
1177 780 1372 846 sulcis
1403 781 1766 845 committas
1798 780 2065 856 semina,
2093 799 2417 862 quamque

669 882 898 948 Invitae
929 905 1243 968 properes
1275 883 1427 946 anni
1456 904 1641 965 spem
1670 882 1939 946 credere
1970 892 2185 945 terrae.

496 985 624 1048 225
671 984 871 1048 Multi
903 995 1054 1048 ante
1085 1005 1385 1048 occasum
1415 983 1617 1047 Maiae
1644 1005 1949 1068 coepere;
1996 983 2115 1046 sed
2145 979 2289 1045 illos

668 1087 1079 1171 Exspectata
1111 1107 1300 1170 seges
1330 1086 1510 1148 vanis
1543 1085 1738 1150 elusit
1770 1085 2005 1148 aristis.

670 1188 743 1252 Si
772 1210 928 1252 vero
959 1188 1315 1271 viciamque
1347 1208 1526 1250 seres
1559 1185 1876 1270 vilemque
1906 1185 2205 1260 faselum,

668 1288 818 1353 Nec
850 1287 1211 1353 Pelusiacae
1239 1308 1460 1351 curam
1492 1288 1931 1370 aspernabere
1962 1285 2194 1362 lentis3

670 1389 876 1454 Haud
907 1390 1188 1453 obscura
1217 1388 1460 1452 cadens
1491 1389 1705 1451 mittet
1735 1389 1853 1451 tibi
1884 1389 2068 1470 signa
2099 1386 2385 1450 Bootes:

491 1574 615 1621 bens
649 1571 800 1620 Tauri
833 1571 1058 1629 frontem,
1093 1570 1176 1632 qui
1215 1570 1366 1618 instat
1397 1569 1627 1618 cornibus

495 1635 782 1685 minacibus.

561 1703 670 1758 219,
698 1703 806 1748 220.
843 1699 1017 1747 Tritici
1049 1707 1100 1747 et
1119 1698 1262 1747 farris
1293 1695 1418 1746 satio
1449 1713 1547 1744 non
1572 1698 1629 1744 fit

494 1763 592 1813 nisi
625 1775 739 1828 post
772 1764 1064 1812 matutinum
1101 1777 1325 1812 occasum
1361 1763 1627 1809 cosmicum

497 1827 766 1886 Pleiadum,
783 1837 832 1876 et
847 1837 958 1892 post
971 1837 1131 1875 ortum
1144 1827 1386 1875 heliacum
1405 1829 1625 1882 Coronae,

495 1894 544 1941 h.
569 1909 738 1941 mense
761 1892 976 1940 Octobri.
1050 1894 1274 1939 Triticum
1297 1900 1518 1938 veterum
1550 1889 1626 1936 di-

495 1957 625 2005 versi
656 1973 684 2005 a
715 1966 882 2005 nostro
904 1955 1099 2019 generis
1121 1956 1272 2003 fuisse
1299 1954 1414 2002 inde
1442 1953 1556 2001 colli
1592 1952 1631 2000 ‘t

498 2021 761 2078 Martinus,
785 2021 914 2084 quod
935 2037 979 2069 v.
1003 2023 1114 2078 220,
1139 2029 1188 2067 et
1209 2035 1284 2083 ap.
1311 2019 1452 2066 Varr.
1475 2018 1539 2065 de

499 2086 560 2132 R..
587 2085 619 2141 i,
645 2087 723 2142 48,
751 2088 793 2142 l,
817 2089 966 2132 arista
995 2085 1043 2131 h.
1068 2098 1186 2132 acus
1208 2082 1370 2131 tenuis
1400 2099 1431 2131 a
1461 2082 1627 2145 gluma

495 2149 782 2213 prominens
803 2148 848 2196 ei
873 2147 1115 2196 tribuitur.
1173 2148 1360 2196 Verum
1381 2157 1498 2195 sunt
1520 2163 1624 2195 om-

495 2212 616 2260 nino
653 2213 837 2278 plures,
873 2228 994 2275 quas
1027 2221 1217 2269 vocant,
1251 2212 1453 2276 species.
1529 2214 1629 2259 Far

495 2279 742 2334 robustum,
768 2277 872 2325 sive
895 2280 1032 2339 cujus
1053 2276 1336 2341 praestantia
1359 2291 1386 2324 e
1414 2275 1631 2339 pondere

497 2349 736 2398 censetur,
769 2351 826 2388 ut
855 2341 988 2406 apud
1016 2341 1204 2389 Colum.
1236 2341 1288 2398 ii,
1323 2341 1367 2398 6,
1406 2343 1444 2397 1,
1481 2343 1631 2387 tritici

491 2421 640 2468 genus
671 2409 812 2454 robur
833 2409 1020 2463 dietum,
1049 2409 1260 2468 quoniam
1288 2413 1336 2452 et
1352 2407 1551 2466 pondere
1582 2412 1629 2452 et

495 2473 646 2518 nitore
673 2477 893 2532 pratee,-
927 2470 1046 2528 sive,
1081 2480 1130 2518 et
1162 2471 1254 2517 hoc
1286 2469 1463 2526 verius,
1498 2468 1629 2531 quod

495 2534 638 2592 aeris,
663 2543 933 2592 ventorum,
958 2535 1332 2600 pluviarumque
1357 2549 1414 2580 ac
1434 2531 1629 2596 frigoris

497 2598 728 2660 injuriam
761 2599 937 2646 melius
973 2613 1118 2661 quam
1151 2598 1246 2646 alia
1279 2597 1510 2645 frumenti
1542 2612 1626 2659 ge·

497 2677 617 2711 nera
659 2663 788 2710 serre

498 2727 628 2790 apud
656 2727 828 2790 Theop
863 2735 978 2776 rast.
1013 2727 1074 2774 de
1107 2725 1282 2774 Causis
1309 2725 1460 2790 plant.
1486 2725 1551 2781 iv,
1581 2725 1626 2782 6,

497 2800 602 2838 toto
627 2790 787 2854 capite
809 2791 952 2853 πυρὸς
979 2792 1010 2848 ἦ
1041 2789 1174 2852 κριθὴ
1197 2791 1326 2839 inter
1347 2789 1411 2838 τὰ
1433 2787 1627 2851 ἰσχυρό-

497 2871 625 2902 τατα
665 2855 958 2904 referuntur.
1038 2858 1156 2903 Solis
1209 2857 1405 2902 instabis
1451 2858 1629 2910 aristis,

495 2918 730 2967 frumenti
758 2919 924 2976 solius,
950 2919 1098 2967 tritici
1129 2927 1181 2966 et
1202 2919 1356 2976 farris,
1381 2933 1551 2966 curam
1581 2927 1631 2966 et

501 2983 740 3032 rationem
762 2983 978 3032 habebis.

565 3049 674 3095 221.
729 3048 954 3095 Pleiades
999 3063 1086 3095 seu
1133 3047 1378 3110 Vergiliae,
1421 3050 1633 3095 Atlantis

499 3111 626 3167 ffliae,
647 3115 986 3160 absconduntur
1003 3115 1126 3168 Eoae,
1147 3111 1412 3168 matutinas,
1431 3111 1478 3158 h.
1501 3111 1627 3158 occi-

499 3175 624 3222 dunt
661 3176 904 3224 matutino
944 3186 1177 3251 tempore,
1219 3191 1364 3224 mane
1407 3178 1629 3224 submer-

499 3247 682 3302 guntur
703 3239 754 3287 in
778 3239 1067 3288 occidentali
1089 3251 1242 3305 parte,
1267 3241 1384 3288 dum
1407 3240 1478 3288 sol
1501 3240 1629 3288 inte·

499 3318 585 3351 rea
628 3305 689 3350 ab
741 3303 930 3352 oriente
977 3305 1198 3367 emergit.
1278 3308 1634 3353 Absconduntur

499 3377 679 3424 autem,
719 3367 789 3415 ita
831 3369 1040 3416 laudatis
1079 3370 1242 3417 verbis
1281 3379 1438 3434 poetae
1477 3369 1630 3416 nostri

498 3431 954 3496 interpretationem
987 3434 1240 3496 subjungit
1271 3433 1543 3481 Columella
1580 3431 1630 3490 ii,

501 3499 545 3554 8,
577 3498 617 3554 l,
639 3499 785 3545 altero
805 3504 852 3544 et
875 3501 1106 3560 trigesimo
1128 3502 1204 3544 die
1221 3506 1325 3560 poet
1346 3501 1633 3545 auctumnale

499 3565 832 3624 ‹equinae-tium,
861 3565 981 3624 quod
995 3561 1108 3623 sere
1128 3565 1364 3624 conficitur
1384 3579 1496 3610 nono
1532 3564 1630 3610 Gal.

505 3629 740 3674 Octobris.-
766 3635 958 3688 propter
976 3629 1096 3688 quod
1111 3630 1309 3690 intelligi
1329 3629 1461 3676 debet
1484 3631 1635 3675 tritici

500 3695 619 3738 satio
649 3693 827 3738 dierum
859 3707 938 3738 ser
971 3699 1018 3738 et
1046 3695 1358 3754 quadraginta
1389 3695 1450 3739 ab
1475 3709 1635 3740 occasu

505 3755 829 3817 Vergiliarum,
867 3759 946 3816 qui
966 3758 1028 3815 fii
1061 3773 1103 3803 a.
1140 3759 1185 3802 d.
1221 3761 1270 3802 ir
1303 3759 1488 3803 Calend.
1528 3759 1628 3804 No-

499 3823 665 3866 vembr.
689 3823 754 3866 ad
777 3823 944 3866 brumae
967 3827 1183 3880 tempora.
1241 3819 1524 3868 Columellae
1551 3835 1627 3867 se-

499 3892 718 3931 mentem
769 3881 918 3930 etiam
961 3882 1084 3930 citra
1127 3883 1230 3930 Cal.
1279 3885 1474 3932 Octobr.
1523 3883 1630 3931 fieri

499 3946 674 4010 placet.
733 3947 831 3996 Sed
855 3946 950 3996 vid.
975 3947 1065 3996 loc.
1121 3947 1261 3996 Idem
1283 3947 1366 3997 lib.
1385 3948 1452 4005 xi,
1479 3950 1522 4006 2,
1551 3948 1628 4006 77,

499 4014 589 4058 xiii
611 4019 658 4058 et
682 4015 752 4058 rii
777 4015 874 4061 Cal.
896 4015 1110 4061 Novemb.
1138 4015 1247 4060 solis
1276 4021 1436 4061 exortu
1465 4016 1628 4075 Vergi-

502 4077 579 4122 1³·ae
601 4079 830 4136 incipiunt
849 4081 1050 4125 occidere
1067 4097 1084 4132 ,-
1119 4085 1427 4140 tempestatem
1452 4081 1628 4138 signifi·

503 4147 670 4187 cat-v
710 4143 808 4188 Cal.
857 4144 1096 4190 Novembr.
1143 4145 1360 4205 Vergilia
1404 4146 1627 4190 occidunt.

503 4203 631 4252 Plin.
663 4203 799 4261 xviii,
837 4206 898 4251 56
935 4206 1047 4268 (24)
1089 4209 1316 4269 Virgilius
1348 4210 1553 4254 triticum
1584 4215 1631 4254 et

487 4267 578 4330 sar
607 4285 638 4315 α
676 4269 983 4330 Vergiliarum
1011 4287 1170 4318 occasu
1201 4275 1294 4318 seri
1307 4271 1479 4334 jubet:
1522 4275 1625 4319 hor-

501 4335 634 4381 deum
667 4337 788 4380 iuter
819 4338 1136 4394 equinotium
1169 4341 1403 4398 awumm'
1437 4346 1484 4384 et
1519 4340 1625 4386 bru-

501 4415 616 4446 mam
633 4417 650 4452 ‚-
685 4400 846 4445 niciam
861 4414 977 4455 vero,
984 4397 1210 4458 faseolnm
1226 4409 1273 4448 et
1292 4404 1467 4460 lentem,
1487 4404 1629 4448 Boou

941 2663 1004 2710 ἰι
1053 2663 1106 2710 in
1143 2677 1288 2724 quam
1333 2661 1629 2709 sententiam

1691 1572 1934 1617 occidente.
1992 1567 2090 1615 Sed
2118 1567 2249 1615 idem
2280 1566 2474 1615 diversa
2500 1565 2603 1615 fere
2630 1568 2833 1631 agrico-

1692 1632 1849 1680 larum
1863 1633 1953 1680 hac
1972 1631 2023 1678 in
2042 1647 2095 1679 re
2116 1647 2222 1679 esse
2238 1630 2464 1678 instituta
2480 1631 2711 1696 deinceps
2730 1649 2829 1682 ex·-

1692 1698 1845 1761 ponit.
1936 1695 2153 1744 Omnino
2204 1695 2481 1754 tenendum,
2536 1697 2737 1745 Graecos
2796 1713 2833 1745 a

1696 1761 1949 1808 Pleiadum
1978 1769 2103 1817 ortu,
2137 1759 2298 1808 medio
2333 1760 2484 1818 Maio,
2516 1769 2737 1810 aestatem
2766 1777 2833 1810 ac

1694 1839 1916 1883 messem,
1940 1827 2001 1872 ab
2034 1839 2207 1872 occasu
2228 1823 2441 1872 hiemem
2466 1839 2579 1873 cum
2600 1827 2832 1874 aratione

1692 1905 1749 1937 ac
1771 1899 1988 1937 semente
2010 1887 2222 1936 duxisse.

1760 1957 1869 2001 222.
1914 1957 2085 2001 Gnosia
2115 1955 2251 2000 stella
2288 1957 2473 2001 Coronae
2504 1955 2709 2002 ardentis
2746 1965 2835 2003 est

1692 2017 1828 2066 sidus
1850 2019 2067 2074 Coronae,
2094 2032 2269 2065 novem
2296 2017 2559 2076 stellarum,
2584 2034 2615 2066 a
2640 2033 2833 2068 corona.

1693 2083 1951 2140 Ariadnes,
1976 2098 2121 2144 quam
2146 2083 2367 2130 Bacchus
2388 2082 2513 2130 ooelo
2538 2083 2705 2140 affixit,
2730 2099 2827 2158 ap-

1692 2147 1955 2212 pellatum:
2010 2156 2114 2194 erat
2153 2155 2317 2194 autem
2358 2146 2577 2194 Ariadne
2618 2147 2830 2206 Minois,

1694 2212 1825 2274 regis
1864 2213 2037 2270 cretae,
2075 2211 2191 2268 filia,
2228 2211 2281 2258 in
2326 2224 2423 2273 qua
2470 2213 2643 2258 Gnoson
2686 2213 2828 2260 urbs.

1695 2279 1847 2324 Ardet
1892 2278 2041 2332 stella,
2088 2276 2205 2324 dum
2258 2275 2403 2334 lucet,
2449 2275 2627 2338 fulg-et:
2682 2279 2832 2324 stella

1700 2343 1883 2389 Corona
1904 2349 2216 2398 memoratur,
2236 2349 2323 2387 aut
2338 2340 2455 2402 quia
2472 2340 2601 2388 inter
2620 2350 2833 2390 caeteras

1692 2406 1837 2467 hujus
1854 2403 2027 2454 sideris
2040 2405 2205 2452 stellas
2220 2419 2319 2452 una
2334 2413 2411 2452 est
2421 2404 2829 2462 luculentissima,

1694 2470 2007 2532 omniumque
2030 2469 2191 2533 prima
2220 2468 2547 2532 conspicitur}
2582 2477 2667 2517 aut
2684 2473 2833 2518 stella

1693 2535 1741 2581 h.
1762 2534 1792 2581 l.
1852 2549 1909 2581 ro
1931 2533 2101 2581 sidere.
2160 2532 2213 2580 Si
2234 2535 2371 2580 stella
2392 2535 2607 2582 decedere
2628 2533 2831 2592 dicitur,

1694 2598 1745 2644 id
1766 2597 1817 2645 ni
1852 2597 1887 2646 il
1906 2597 2052 2655 aliud,
2071 2611 2217 2660 quam
2234 2597 2456 2646 occidere
2472 2607 2559 2646 aut
2574 2599 2831 2657 occultari,

1694 2670 1781 2710 est.
1820 2661 1900 2710 Ad
1914 2662 2041 2709 hanc
2060 2671 2222 2710 tamen
2242 2661 2361 2710 anni
2376 2671 2582 2736 partem,
2606 2661 2833 2711 medium

1694 2728 1973 2784 Octobrem,
1992 2741 2090 2773 non
2106 2741 2331 2774 occasum
2348 2727 2525 2776 sideris
2544 2727 2689 2790 hujus
2704 2741 2827 2802 per—

1694 2791 1868 2848 tinere,
1904 2791 1993 2839 sed
2028 2799 2205 2846 ortum,
2240 2791 2420 2839 docent
2454 2801 2737 2849 asti-onom,
2776 2802 2836 2840 et

1696 2854 1779 2918 qui
1811 2855 1929 2902 inde
1962 2871 2051 2904 sua
2079 2855 2282 2920 petiere.
2350 2856 2595 2920 Perpetuo
2628 2871 2722 2904 usu
2750 2857 2831 2904 lo·

1695 2919 1875 2982 quendi
1894 2919 2042 2978 sidus,
2060 2919 2187 2982 quod
2204 2919 2373 2977 oritur,
2388 2923 2555 2978 subire,
2570 2923 2833 2980 succedere,

1696 2983 1769 3032 uti
1801 2987 2055 3041 ascendere,
2079 2999 2321 3046 emergere,
2344 2983 2551 3038 diciturz
2588 2999 2685 3032 non
2708 3001 2839 3034 vero

1696 3051 1925 3096 decedere.
1984 3047 2165 3096 Nullus
2185 3048 2356 3096 dubito
2378 3047 2641 3111 Virgilium
2668 3049 2721 3096 in
2746 3063 2831 3098 er-

1696 3127 1901 3160 roneum
1936 3113 2175 3160 calculum
2210 3111 2454 3170 incidisse,
2486 3113 2604 3160 dum
2634 3113 2831 3162 Demo·

1697 3177 1898 3226 criteam
1930 3177 2171 3224 rationem
2204 3177 2511 3239 sequebatur,
2542 3193 2687 3240 quam
2716 3193 2831 3226 ser-

1696 3241 1831 3353 ¹vavit
1868 3240 2261 3306 Geoponicorum
2298 3251 2466 3289 auctor
2504 3256 2569 3289 ex
2612 3239 2840 3305 Didymo

1716 3305 1779 3354 ib.
1805 3305 1855 3362 ii,
1887 3307 1959 3352 14.

1764 3371 1873 3428 223,
1908 3371 2017 3417 224.
2061 3368 2373 3417 ornatissimi
2410 3373 2605 3418 versus!
2659 3372 2838 3420 Invitae

1699 3443 1854 3492 terrae,
1888 3433 2279 3496 quandoquidem
2306 3434 2527 3482 aratione
2556 3434 2839 3498 subigenda

1700 3509 1788 3547 est.

1764 3564 1873 3611 225.
1910 3567 2033 3611 Ante
2062 3579 2266 3610 oeeasum
2298 3565 2457 3622 Maia,
2482 3565 2528 3611 h.
2556 3563 2837 3624 Pleiadum,

1698 3643 1729 3676 e
1750 3627 1925 3690 quibus
1950 3642 2049 3675 una
2074 3626 2209 3674 Maia
2230 3635 2317 3675 est.

1766 3691 2039 3742 227—229.
2078 3691 2245 3748 Viciae,
2269 3691 2422 3748 faseli,
2448 3701 2499 3740 et
2525 3692 2672 3740 lentis
2702 3693 2843 3742 satio

1696 3757 1787 3804 sub
1818 3756 2015 3805 initium
2048 3755 2231 3804 mensis
2254 3756 2551 3805 Novembris
2578 3771 2732 3820 usque
2766 3759 2837 3806 ad

1694 3821 1899 3869 multam
1923 3821 2152 3868 hiemem.
2218 3821 2279 3868 In
2305 3820 2383 3868 his
2409 3830 2573 3869 autem
2600 3820 2839 3871 omnibus

1694 3885 2025 3934 clementioris
2056 3884 2165 3932 coeli
2204 3899 2293 3932 nos
2330 3899 2572 3934 memores
2612 3901 2717 3934 esse
2756 3887 2837 3936 fas

1696 3959 1785 3998 est.
1868 3953 2057 3998 Fare-lus
2098 3959 2173 3997 est
2214 3964 2372 4012 genus
2415 3949 2649 4008 fabarum,
2695 3952 2835 4012 quod

1698 4013 1838 4063 nobis
1856 4017 1989 4062 Bona
2000 4017 2191 4076 porcina
2208 4023 2261 4062 et
2283 4017 2493 4072 Ture-ico,
2508 4023 2711 4078 propter
2726 4015 2831 4064 fre-

1696 4079 1945 4141 quentiam
1974 4081 2081 4127 vilis
2102 4077 2243 4127 dicta.
2306 4080 2470 4126 Lentis
2500 4093 2677 4141 magna
2696 4093 2831 4143 pra>

1694 4143 1876 4191 stantia
1908 4151 1959 4191 et
1998 4159 2059 4192 co
2090 4143 2139 4191 ia
2177 4143 2305 4208 apud
2346 4143 2633 4207 AEgyptios3
2676 4142 2839 4206 igitur

1696 4207 1915 4272 epitheto
1942 4210 2003 4256 ab
2200 4209 2237 4255 ti
2268 4209 2389 4256 urbe
2420 4207 2577 4271 petito
2610 4219 2834 4258 ornatur.

1696 4275 1874 4329 Bootes,
1920 4272 1999 4335 qui
2048 4283 2098 4320 et
2138 4272 2485 4337 Arctophylax,
2528 4285 2641 4320 cum
2686 4274 2837 4336 stella

1696 4338 1921 4394 Arcturo,
1941 4352 2115 4385 occasu
2134 4353 2224 4386 suo
2242 4346 2434 4401 tempus
2450 4337 2671 4386 serendae
2688 4337 2839 4388 viciae

1694 4411 1881 4448 certum
1904 4401 2100 4449 indicat.
