<?xml version="1.0" encoding="UTF-8"?>
<!DOCTYPE html PUBLIC "-//W3C//DTD XHTML 1.0 Transitional//EN"
    "http://www.w3.org/TR/xhtml1/DTD/xhtml1-transitional.dtd">
<html xmlns="http://www.w3.org/1999/xhtml" xml:lang="en" lang="en">
 <head>
  <title>
</title>
<meta http-equiv="Content-Type" content="text/html;charset=utf-8" />
  <meta name='ocr-system' content='tesseract 3.04.00' />
  <meta name='ocr-capabilities' content='ocr_page ocr_carea ocr_par ocr_line ocrx_word'/>
</head>
<body>
  <div class='ocr_page' id='page_1' title='image "./publiivirgiliim00unkngoog_0502.png"; bbox 0 0 3050 4934; ppageno 0'>
   <div class='ocr_carea' id='block_1_1' title="bbox 1120 279 1737 346">
    <p class='ocr_par' dir='ltr' id='par_1_1' title="bbox 1120 279 1737 346">
     <span class='ocr_line' id='line_1_1' title="bbox 1120 279 1737 346; baseline -0.002 0"><span class='ocrx_word' id='word_1_1' title='bbox 1120 280 1463 346; x_wconf 90' lang='lat' dir='ltr'><strong>LIBER</strong></span> <span class='ocrx_word' id='word_1_2' title='bbox 1512 279 1737 345; x_wconf 88' lang='lat' dir='ltr'><strong>VIII.</strong></span> 
     </span>
    </p>
   </div>
   <div class='ocr_carea' id='block_1_2' title="bbox 2453 277 2574 340">
    <p class='ocr_par' dir='ltr' id='par_1_2' title="bbox 2453 277 2574 340">
     <span class='ocr_line' id='line_1_2' title="bbox 2453 277 2574 340; baseline 0 0"><span class='ocrx_word' id='word_1_3' title='bbox 2453 277 2574 340; x_wconf 77' lang='lat'>491</span> 
     </span>
    </p>
   </div>
   <div class='ocr_carea' id='block_1_3' title="bbox 262 429 2137 913">
    <p class='ocr_par' dir='ltr' id='par_1_3' title="bbox 262 429 2107 615">
     <span class='ocr_line' id='line_1_3' title="bbox 438 429 2107 515; baseline 0.001 -21"><span class='ocrx_word' id='word_1_4' title='bbox 438 429 823 496; x_wconf 88' lang='lat' dir='ltr'>Sermonum</span> <span class='ocrx_word' id='word_1_5' title='bbox 850 453 1094 496; x_wconf 88' lang='lat' dir='ltr'>memor</span> <span class='ocrx_word' id='word_1_6' title='bbox 1122 442 1190 496; x_wconf 90' lang='lat' dir='ltr'>et</span> <span class='ocrx_word' id='word_1_7' title='bbox 1219 431 1519 515; x_wconf 80' lang='lat' dir='ltr'>promissi</span> <span class='ocrx_word' id='word_1_8' title='bbox 1549 431 1859 507; x_wconf 87' lang='lat' dir='ltr'>muneris,</span> <span class='ocrx_word' id='word_1_9' title='bbox 1887 430 2107 496; x_wconf 88' lang='lat' dir='ltr'>heros.</span> 
     </span>
     <span class='ocr_line' id='line_1_4' title="bbox 262 528 1879 615; baseline 0.001 -22"><span class='ocrx_word' id='word_1_10' title='bbox 262 528 394 593; x_wconf 81' lang='lat'>465</span> <span class='ocrx_word' id='word_1_11' title='bbox 437 529 584 596; x_wconf 89' lang='lat' dir='ltr'>Nec</span> <span class='ocrx_word' id='word_1_12' title='bbox 612 534 822 597; x_wconf 88' lang='lat' dir='ltr'>minus</span> <span class='ocrx_word' id='word_1_13' title='bbox 856 533 1103 597; x_wconf 86' lang='lat' dir='ltr'>AEneas</span> <span class='ocrx_word' id='word_1_14' title='bbox 1135 555 1205 596; x_wconf 87' lang='lat' dir='ltr'>se</span> <span class='ocrx_word' id='word_1_15' title='bbox 1234 533 1587 596; x_wconf 85' lang='lat' dir='ltr'>matutinus</span> <span class='ocrx_word' id='word_1_16' title='bbox 1618 533 1879 615; x_wconf 80' lang='lat' dir='ltr'>agebat.</span> 
     </span>
    </p>

    <p class='ocr_par' dir='ltr' id='par_1_4' title="bbox 435 630 1964 711">
     <span class='ocr_line' id='line_1_5' title="bbox 435 630 1964 711; baseline 0.001 -16"><span class='ocrx_word' id='word_1_17' title='bbox 435 630 637 696; x_wconf 89' lang='lat' dir='ltr'>Filius</span> <span class='ocrx_word' id='word_1_18' title='bbox 666 633 818 699; x_wconf 89' lang='lat' dir='ltr'>huic</span> <span class='ocrx_word' id='word_1_19' title='bbox 849 633 1089 711; x_wconf 84' lang='lat' dir='ltr'>Pallas,</span> <span class='ocrx_word' id='word_1_20' title='bbox 1120 633 1210 697; x_wconf 92' lang='lat' dir='ltr'>illi</span> <span class='ocrx_word' id='word_1_21' title='bbox 1238 655 1453 698; x_wconf 89' lang='lat' dir='ltr'>comes</span> <span class='ocrx_word' id='word_1_22' title='bbox 1482 634 1621 696; x_wconf 77' lang='lat' dir='ltr'>ibat</span> <span class='ocrx_word' id='word_1_23' title='bbox 1648 630 1964 697; x_wconf 85' lang='lat' dir='ltr'>Achates.</span> 
     </span>
    </p>

    <p class='ocr_par' dir='ltr' id='par_1_5' title="bbox 437 731 2137 820">
     <span class='ocr_line' id='line_1_6' title="bbox 437 731 2137 820; baseline 0 -24"><span class='ocrx_word' id='word_1_24' title='bbox 437 731 791 818; x_wconf 83' lang='lat' dir='ltr'>Congressi</span> <span class='ocrx_word' id='word_1_25' title='bbox 808 735 1097 820; x_wconf 84' lang='lat' dir='ltr'>jungunt</span> <span class='ocrx_word' id='word_1_26' title='bbox 1126 735 1418 811; x_wconf 84' lang='lat' dir='ltr'>dextras,</span> <span class='ocrx_word' id='word_1_27' title='bbox 1448 733 1809 816; x_wconf 84' lang='lat' dir='ltr'>mediisque</span> <span class='ocrx_word' id='word_1_28' title='bbox 1841 733 2137 797; x_wconf 87' lang='lat' dir='ltr'>residunt</span> 
     </span>
    </p>

    <p class='ocr_par' dir='ltr' id='par_1_6' title="bbox 436 832 2030 913">
     <span class='ocr_line' id='line_1_7' title="bbox 436 832 2030 913; baseline -0.001 -15"><span class='ocrx_word' id='word_1_29' title='bbox 436 833 750 913; x_wconf 86' lang='lat' dir='ltr'>AEdibus,</span> <span class='ocrx_word' id='word_1_30' title='bbox 780 847 849 900; x_wconf 90' lang='lat' dir='ltr'>et</span> <span class='ocrx_word' id='word_1_31' title='bbox 878 836 1053 901; x_wconf 88' lang='lat' dir='ltr'>licito</span> <span class='ocrx_word' id='word_1_32' title='bbox 1084 835 1349 900; x_wconf 85' lang='lat' dir='ltr'>tandem</span> <span class='ocrx_word' id='word_1_33' title='bbox 1378 855 1675 898; x_wconf 82' lang='lat' dir='ltr'>sermone</span> <span class='ocrx_word' id='word_1_34' title='bbox 1705 832 2030 897; x_wconf 83' lang='lat' dir='ltr'>fruuntur.</span> 
     </span>
    </p>
   </div>
   <div class='ocr_carea' id='block_1_4' title="bbox 436 933 1003 1021">
    <p class='ocr_par' dir='ltr' id='par_1_7' title="bbox 436 933 1003 1021">
     <span class='ocr_line' id='line_1_8' title="bbox 436 933 1003 1021; baseline 0 -21"><span class='ocrx_word' id='word_1_35' title='bbox 436 933 590 1000; x_wconf 85' lang='lat' dir='ltr'>Rex</span> <span class='ocrx_word' id='word_1_36' title='bbox 619 937 799 1021; x_wconf 90' lang='lat' dir='ltr'>prior</span> <span class='ocrx_word' id='word_1_37' title='bbox 827 937 1003 1000; x_wconf 86' lang='lat' dir='ltr'>haec:</span> 
     </span>
    </p>
   </div>
   <div class='ocr_carea' id='block_1_5' title="bbox 260 1034 2307 3347">
    <p class='ocr_par' dir='ltr' id='par_1_8' title="bbox 260 1034 2272 1424">
     <span class='ocr_line' id='line_1_9' title="bbox 260 1034 2272 1120; baseline -0 -22"><span class='ocrx_word' id='word_1_38' title='bbox 260 1034 392 1099; x_wconf 82' lang='lat'>470</span> <span class='ocrx_word' id='word_1_39' title='bbox 435 1035 749 1102; x_wconf 83' lang='lat' dir='ltr'>Maxume</span> <span class='ocrx_word' id='word_1_40' title='bbox 780 1037 1189 1102; x_wconf 87' lang='lat' dir='ltr'>Teucrorum</span> <span class='ocrx_word' id='word_1_41' title='bbox 1216 1038 1473 1112; x_wconf 87' lang='lat' dir='ltr'>ductor,</span> <span class='ocrx_word' id='word_1_42' title='bbox 1504 1058 1638 1120; x_wconf 89' lang='lat' dir='ltr'>quo</span> <span class='ocrx_word' id='word_1_43' title='bbox 1669 1036 1914 1119; x_wconf 88' lang='lat' dir='ltr'>sospite</span> <span class='ocrx_word' id='word_1_44' title='bbox 1943 1057 2272 1118; x_wconf 86' lang='lat' dir='ltr'>nunquam</span> 
     </span>
     <span class='ocr_line' id='line_1_10' title="bbox 438 1137 2092 1222; baseline -0.002 -20"><span class='ocrx_word' id='word_1_45' title='bbox 438 1137 579 1202; x_wconf 89' lang='lat' dir='ltr'>Res</span> <span class='ocrx_word' id='word_1_46' title='bbox 607 1139 911 1222; x_wconf 87' lang='lat' dir='ltr'>equidem</span> <span class='ocrx_word' id='word_1_47' title='bbox 940 1138 1165 1222; x_wconf 87' lang='lat' dir='ltr'>Trojae</span> <span class='ocrx_word' id='word_1_48' title='bbox 1195 1139 1396 1203; x_wconf 85' lang='lat' dir='ltr'>victas</span> <span class='ocrx_word' id='word_1_49' title='bbox 1426 1148 1540 1201; x_wconf 85' lang='lat' dir='ltr'>aut</span> <span class='ocrx_word' id='word_1_50' title='bbox 1569 1159 1772 1222; x_wconf 85' lang='lat' dir='ltr'>regna</span> <span class='ocrx_word' id='word_1_51' title='bbox 1799 1137 2092 1213; x_wconf 74' lang='lat' dir='ltr'>fatebor3</span> 
     </span>
     <span class='ocr_line' id='line_1_11' title="bbox 436 1237 1936 1323; baseline -0.001 -20"><span class='ocrx_word' id='word_1_52' title='bbox 436 1238 651 1303; x_wconf 87' lang='lat' dir='ltr'>Nobis</span> <span class='ocrx_word' id='word_1_53' title='bbox 678 1241 764 1304; x_wconf 88' lang='lat' dir='ltr'>ad</span> <span class='ocrx_word' id='word_1_54' title='bbox 792 1239 945 1304; x_wconf 83' lang='lat' dir='ltr'>belli</span> <span class='ocrx_word' id='word_1_55' title='bbox 976 1237 1285 1304; x_wconf 87' lang='lat' dir='ltr'>auxilium</span> <span class='ocrx_word' id='word_1_56' title='bbox 1313 1261 1436 1323; x_wconf 89' lang='lat' dir='ltr'>pro</span> <span class='ocrx_word' id='word_1_57' title='bbox 1464 1241 1720 1304; x_wconf 89' lang='lat' dir='ltr'>nomine</span> <span class='ocrx_word' id='word_1_58' title='bbox 1751 1249 1936 1302; x_wconf 83' lang='lat' dir='ltr'>tanto</span> 
     </span>
     <span class='ocr_line' id='line_1_12' title="bbox 442 1339 2060 1424; baseline 0 -22"><span class='ocrx_word' id='word_1_59' title='bbox 442 1339 723 1424; x_wconf 86' lang='lat' dir='ltr'>Exiguae</span> <span class='ocrx_word' id='word_1_60' title='bbox 750 1343 942 1406; x_wconf 84' lang='lat' dir='ltr'>vires.</span> <span class='ocrx_word' id='word_1_61' title='bbox 1021 1340 1197 1405; x_wconf 91' lang='lat' dir='ltr'>Hinc</span> <span class='ocrx_word' id='word_1_62' title='bbox 1226 1340 1453 1404; x_wconf 89' lang='lat' dir='ltr'>Tusco</span> <span class='ocrx_word' id='word_1_63' title='bbox 1480 1339 1842 1404; x_wconf 82' lang='lat' dir='ltr'>claudimur</span> <span class='ocrx_word' id='word_1_64' title='bbox 1869 1341 2060 1415; x_wconf 87' lang='lat' dir='ltr'>amni,</span> 
     </span>
    </p>

    <p class='ocr_par' dir='ltr' id='par_1_9' title="bbox 438 1438 2307 1525">
     <span class='ocr_line' id='line_1_13' title="bbox 438 1438 2307 1525; baseline 0 -22"><span class='ocrx_word' id='word_1_65' title='bbox 438 1438 613 1505; x_wconf 90' lang='lat' dir='ltr'>Hinc</span> <span class='ocrx_word' id='word_1_66' title='bbox 645 1440 935 1505; x_wconf 89' lang='lat' dir='ltr'>Rutulus</span> <span class='ocrx_word' id='word_1_67' title='bbox 966 1443 1223 1525; x_wconf 86' lang='lat' dir='ltr'>premit,</span> <span class='ocrx_word' id='word_1_68' title='bbox 1254 1453 1322 1504; x_wconf 87' lang='lat' dir='ltr'>et</span> <span class='ocrx_word' id='word_1_69' title='bbox 1348 1463 1604 1504; x_wconf 90' lang='lat' dir='ltr'>murum</span> <span class='ocrx_word' id='word_1_70' title='bbox 1633 1443 2062 1506; x_wconf 83' lang='lat' dir='ltr'>circumsonat</span> <span class='ocrx_word' id='word_1_71' title='bbox 2091 1441 2307 1504; x_wconf 86' lang='lat' dir='ltr'>armis.</span> 
     </span>
    </p>

    <p class='ocr_par' dir='ltr' id='par_1_10' title="bbox 261 1539 2232 1828">
     <span class='ocr_line' id='line_1_14' title="bbox 261 1539 2232 1626; baseline 0.001 -23"><span class='ocrx_word' id='word_1_72' title='bbox 261 1540 348 1604; x_wconf 82' lang='lat'>47</span> <span class='ocrx_word' id='word_1_73' title='bbox 352 1541 395 1604; x_wconf 87' lang='lat'><em>5</em></span> <span class='ocrx_word' id='word_1_74' title='bbox 440 1540 575 1605; x_wconf 87' lang='lat' dir='ltr'>Sed</span> <span class='ocrx_word' id='word_1_75' title='bbox 606 1543 723 1606; x_wconf 89' lang='lat' dir='ltr'>tibi</span> <span class='ocrx_word' id='word_1_76' title='bbox 752 1564 877 1626; x_wconf 88' lang='lat' dir='ltr'>ego</span> <span class='ocrx_word' id='word_1_77' title='bbox 906 1543 1201 1626; x_wconf 85' lang='lat' dir='ltr'>ingentes</span> <span class='ocrx_word' id='word_1_78' title='bbox 1232 1539 1511 1626; x_wconf 89' lang='lat' dir='ltr'>populos</span> <span class='ocrx_word' id='word_1_79' title='bbox 1545 1541 1982 1626; x_wconf 80' lang='lat' dir='ltr'>opulentaque</span> <span class='ocrx_word' id='word_1_80' title='bbox 2013 1542 2232 1626; x_wconf 85' lang='lat' dir='ltr'>regnis</span> 
     </span>
     <span class='ocr_line' id='line_1_15' title="bbox 438 1640 2199 1727; baseline 0.001 -23"><span class='ocrx_word' id='word_1_81' title='bbox 438 1640 484 1704; x_wconf 80' lang='lat' dir='ltr'>J</span> <span class='ocrx_word' id='word_1_82' title='bbox 488 1664 731 1725; x_wconf 88' lang='lat' dir='ltr'>ungere</span> <span class='ocrx_word' id='word_1_83' title='bbox 760 1653 975 1706; x_wconf 85' lang='lat' dir='ltr'>castra</span> <span class='ocrx_word' id='word_1_84' title='bbox 1004 1663 1201 1727; x_wconf 82' lang='lat' dir='ltr'>paro:</span> <span class='ocrx_word' id='word_1_85' title='bbox 1248 1664 1441 1725; x_wconf 85' lang='lat' dir='ltr'>quam</span> <span class='ocrx_word' id='word_1_86' title='bbox 1468 1642 1604 1705; x_wconf 84' lang='lat' dir='ltr'>fors</span> <span class='ocrx_word' id='word_1_87' title='bbox 1635 1643 1898 1726; x_wconf 90' lang='lat' dir='ltr'>inopina</span> <span class='ocrx_word' id='word_1_88' title='bbox 1926 1641 2199 1706; x_wconf 86' lang='lat' dir='ltr'>salutem</span> 
     </span>
     <span class='ocr_line' id='line_1_16' title="bbox 438 1741 1942 1828; baseline 0.003 -24"><span class='ocrx_word' id='word_1_89' title='bbox 438 1741 789 1821; x_wconf 84' lang='lat' dir='ltr'>Ostentat3</span> <span class='ocrx_word' id='word_1_90' title='bbox 836 1743 983 1807; x_wconf 85' lang='lat' dir='ltr'>fatis</span> <span class='ocrx_word' id='word_1_91' title='bbox 1014 1743 1143 1808; x_wconf 90' lang='lat' dir='ltr'>huc</span> <span class='ocrx_word' id='word_1_92' title='bbox 1173 1755 1239 1807; x_wconf 89' lang='lat' dir='ltr'>te</span> <span class='ocrx_word' id='word_1_93' title='bbox 1268 1745 1691 1828; x_wconf 86' lang='lat' dir='ltr'>poscentibus</span> <span class='ocrx_word' id='word_1_94' title='bbox 1723 1741 1942 1808; x_wconf 84' lang='lat' dir='ltr'>affers.</span> 
     </span>
    </p>

    <p class='ocr_par' dir='ltr' id='par_1_11' title="bbox 436 1843 2189 2031">
     <span class='ocr_line' id='line_1_17' title="bbox 439 1843 2189 1930; baseline 0 -22"><span class='ocrx_word' id='word_1_95' title='bbox 439 1843 643 1909; x_wconf 83' lang='lat' dir='ltr'>Haud</span> <span class='ocrx_word' id='word_1_96' title='bbox 670 1844 901 1930; x_wconf 90' lang='lat' dir='ltr'>procul</span> <span class='ocrx_word' id='word_1_97' title='bbox 929 1844 1079 1910; x_wconf 91' lang='lat' dir='ltr'>hinc</span> <span class='ocrx_word' id='word_1_98' title='bbox 1110 1867 1271 1909; x_wconf 82' lang='lat' dir='ltr'>saxo</span> <span class='ocrx_word' id='word_1_99' title='bbox 1301 1844 1603 1910; x_wconf 85' lang='lat' dir='ltr'>incolitur</span> <span class='ocrx_word' id='word_1_100' title='bbox 1627 1845 1901 1910; x_wconf 85' lang='lat' dir='ltr'>fundata</span> <span class='ocrx_word' id='word_1_101' title='bbox 1929 1856 2189 1911; x_wconf 84' lang='lat' dir='ltr'>vetusto</span> 
     </span>
     <span class='ocr_line' id='line_1_18' title="bbox 436 1945 2020 2031; baseline 0.001 -22"><span class='ocrx_word' id='word_1_102' title='bbox 436 1945 639 2010; x_wconf 88' lang='lat' dir='ltr'>Urbis</span> <span class='ocrx_word' id='word_1_103' title='bbox 672 1945 995 2030; x_wconf 85' lang='lat' dir='ltr'>Agyllinae</span> <span class='ocrx_word' id='word_1_104' title='bbox 1026 1949 1254 2011; x_wconf 85' lang='lat' dir='ltr'>sedes:</span> <span class='ocrx_word' id='word_1_105' title='bbox 1302 1948 1415 2011; x_wconf 90' lang='lat' dir='ltr'>ubi</span> <span class='ocrx_word' id='word_1_106' title='bbox 1449 1947 1662 2030; x_wconf 83' lang='lat' dir='ltr'>Lydia</span> <span class='ocrx_word' id='word_1_107' title='bbox 1691 1948 2020 2031; x_wconf 85' lang='lat' dir='ltr'>quondam</span> 
     </span>
    </p>

    <p class='ocr_par' dir='ltr' id='par_1_12' title="bbox 262 2046 2044 2132">
     <span class='ocr_line' id='line_1_19' title="bbox 262 2046 2044 2132; baseline 0 -20"><span class='ocrx_word' id='word_1_108' title='bbox 262 2047 396 2112; x_wconf 82' lang='lat'>480</span> <span class='ocrx_word' id='word_1_109' title='bbox 440 2046 649 2125; x_wconf 74' lang='lat' dir='ltr'>Gem,</span> <span class='ocrx_word' id='word_1_110' title='bbox 680 2046 853 2111; x_wconf 92' lang='lat' dir='ltr'>bello</span> <span class='ocrx_word' id='word_1_111' title='bbox 880 2047 1216 2132; x_wconf 65' lang='lat' dir='ltr'>praeclara,</span> <span class='ocrx_word' id='word_1_112' title='bbox 1239 2048 1418 2131; x_wconf 88' lang='lat' dir='ltr'>jugis</span> <span class='ocrx_word' id='word_1_113' title='bbox 1450 2049 1690 2113; x_wconf 86' lang='lat' dir='ltr'>insedit</span> <span class='ocrx_word' id='word_1_114' title='bbox 1722 2049 2044 2113; x_wconf 79' lang='lat' dir='ltr'>Etruscis·</span> 
     </span>
    </p>

    <p class='ocr_par' dir='ltr' id='par_1_13' title="bbox 436 2131 2236 2335">
     <span class='ocr_line' id='line_1_20' title="bbox 437 2131 2236 2234; baseline 0.001 -21"><span class='ocrx_word' id='word_1_115' title='bbox 437 2148 630 2213; x_wconf 82' lang='lat' dir='ltr'>Hanc</span> <span class='ocrx_word' id='word_1_116' title='bbox 660 2148 895 2212; x_wconf 87' lang='lat' dir='ltr'>multos</span> <span class='ocrx_word' id='word_1_117' title='bbox 926 2148 1267 2213; x_wconf 85' lang='lat' dir='ltr'>florentem</span> <span class='ocrx_word' id='word_1_118' title='bbox 1294 2170 1499 2212; x_wconf 84' lang='lat' dir='ltr'>annos</span> <span class='ocrx_word' id='word_1_119' title='bbox 1529 2171 1651 2212; x_wconf 87' lang='lat' dir='ltr'>rex</span> <span class='ocrx_word' id='word_1_120' title='bbox 1681 2150 1918 2214; x_wconf 88' lang='lat' dir='ltr'>deinde</span> <span class='ocrx_word' id='word_1_121' title='bbox 1949 2131 2236 2234; x_wconf 76' lang='lat' dir='ltr'>superbo</span> 
     </span>
     <span class='ocr_line' id='line_1_21' title="bbox 436 2249 1918 2335; baseline 0 -21"><span class='ocrx_word' id='word_1_122' title='bbox 436 2249 721 2335; x_wconf 89' lang='lat' dir='ltr'>Imperio</span> <span class='ocrx_word' id='word_1_123' title='bbox 748 2261 815 2314; x_wconf 90' lang='lat' dir='ltr'>et</span> <span class='ocrx_word' id='word_1_124' title='bbox 846 2251 1033 2313; x_wconf 84' lang='lat' dir='ltr'>saevis</span> <span class='ocrx_word' id='word_1_125' title='bbox 1062 2251 1273 2314; x_wconf 91' lang='lat' dir='ltr'>tenuit</span> <span class='ocrx_word' id='word_1_126' title='bbox 1302 2249 1672 2314; x_wconf 81' lang='lat' dir='ltr'>Mezentius</span> <span class='ocrx_word' id='word_1_127' title='bbox 1703 2253 1918 2315; x_wconf 80' lang='lat' dir='ltr'>armis.</span> 
     </span>
    </p>

    <p class='ocr_par' dir='ltr' id='par_1_14' title="bbox 374 2350 2272 2537">
     <span class='ocr_line' id='line_1_22' title="bbox 374 2350 2272 2436; baseline 0.001 -21"><span class='ocrx_word' id='word_1_128' title='bbox 374 2379 381 2390; x_wconf 91' lang='lat'><strong>·</strong></span> <span class='ocrx_word' id='word_1_129' title='bbox 437 2351 618 2424; x_wconf 85' lang='lat' dir='ltr'>Quid</span> <span class='ocrx_word' id='word_1_130' title='bbox 649 2374 995 2416; x_wconf 88' lang='lat' dir='ltr'>memorem</span> <span class='ocrx_word' id='word_1_131' title='bbox 1024 2350 1323 2414; x_wconf 85' lang='lat' dir='ltr'>infandas</span> <span class='ocrx_word' id='word_1_132' title='bbox 1354 2351 1593 2427; x_wconf 64' lang='lat' dir='ltr'>caedes,</span> <span class='ocrx_word' id='word_1_133' title='bbox 1625 2353 1784 2435; x_wconf 89' lang='lat' dir='ltr'>quid</span> <span class='ocrx_word' id='word_1_134' title='bbox 1813 2353 1986 2416; x_wconf 82' lang='lat' dir='ltr'>facta</span> <span class='ocrx_word' id='word_1_135' title='bbox 2016 2355 2272 2436; x_wconf 83' lang='lat' dir='ltr'>tyranni</span> 
     </span>
     <span class='ocr_line' id='line_1_23' title="bbox 438 2453 2104 2537; baseline -0.001 -20"><span class='ocrx_word' id='word_1_136' title='bbox 438 2453 703 2517; x_wconf 80' lang='lat' dir='ltr'>Effera!</span> <span class='ocrx_word' id='word_1_137' title='bbox 767 2453 863 2516; x_wconf 77' lang='lat' dir='ltr'>Di</span> <span class='ocrx_word' id='word_1_138' title='bbox 892 2453 1088 2537; x_wconf 89' lang='lat' dir='ltr'>capiti</span> <span class='ocrx_word' id='word_1_139' title='bbox 1117 2453 1321 2537; x_wconf 87' lang='lat' dir='ltr'>ipsius</span> <span class='ocrx_word' id='word_1_140' title='bbox 1352 2453 1706 2536; x_wconf 83' lang='lat' dir='ltr'>generique</span> <span class='ocrx_word' id='word_1_141' title='bbox 1736 2457 2104 2516; x_wconf 83' lang='lat' dir='ltr'>reservent!</span> 
     </span>
    </p>

    <p class='ocr_par' dir='ltr' id='par_1_15' title="bbox 264 2553 2238 2940">
     <span class='ocr_line' id='line_1_24' title="bbox 264 2553 1974 2639; baseline -0.001 -22"><span class='ocrx_word' id='word_1_142' title='bbox 264 2554 393 2618; x_wconf 79' lang='lat'>485</span> <span class='ocrx_word' id='word_1_143' title='bbox 437 2554 709 2619; x_wconf 83' lang='lat' dir='ltr'>Mortua</span> <span class='ocrx_word' id='word_1_144' title='bbox 737 2556 895 2639; x_wconf 88' lang='lat' dir='ltr'>quin</span> <span class='ocrx_word' id='word_1_145' title='bbox 922 2555 1115 2619; x_wconf 85' lang='lat' dir='ltr'>etiam</span> <span class='ocrx_word' id='word_1_146' title='bbox 1135 2553 1459 2638; x_wconf 85' lang='lat' dir='ltr'>jungebat</span> <span class='ocrx_word' id='word_1_147' title='bbox 1486 2574 1764 2636; x_wconf 83' lang='lat' dir='ltr'>corpora</span> <span class='ocrx_word' id='word_1_148' title='bbox 1791 2553 1974 2630; x_wconf 76' lang='lat' dir='ltr'>vivi8‚</span> 
     </span>
     <span class='ocr_line' id='line_1_25' title="bbox 436 2655 2238 2738; baseline -0.001 -20"><span class='ocrx_word' id='word_1_149' title='bbox 436 2655 849 2738; x_wconf 87' lang='lat' dir='ltr'>Componens</span> <span class='ocrx_word' id='word_1_150' title='bbox 880 2656 1307 2738; x_wconf 85' lang='lat' dir='ltr'>manibusque</span> <span class='ocrx_word' id='word_1_151' title='bbox 1336 2675 1588 2730; x_wconf 88' lang='lat' dir='ltr'>manus,</span> <span class='ocrx_word' id='word_1_152' title='bbox 1621 2663 1818 2736; x_wconf 85' lang='lat' dir='ltr'>atque</span> <span class='ocrx_word' id='word_1_153' title='bbox 1847 2655 2070 2718; x_wconf 87' lang='lat' dir='ltr'>oribus</span> <span class='ocrx_word' id='word_1_154' title='bbox 2100 2676 2238 2729; x_wconf 85' lang='lat' dir='ltr'>ora,</span> 
     </span>
     <span class='ocr_line' id='line_1_26' title="bbox 435 2754 1993 2839; baseline -0.001 -20"><span class='ocrx_word' id='word_1_155' title='bbox 435 2754 777 2820; x_wconf 85' lang='lat' dir='ltr'>Tormenti</span> <span class='ocrx_word' id='word_1_156' title='bbox 807 2778 1050 2839; x_wconf 80' lang='lat' dir='ltr'>genu83</span> <span class='ocrx_word' id='word_1_157' title='bbox 1097 2765 1165 2818; x_wconf 91' lang='lat' dir='ltr'>et</span> <span class='ocrx_word' id='word_1_158' title='bbox 1194 2756 1369 2818; x_wconf 84' lang='lat' dir='ltr'>sanie</span> <span class='ocrx_word' id='word_1_159' title='bbox 1402 2756 1688 2838; x_wconf 89' lang='lat' dir='ltr'>taboque</span> <span class='ocrx_word' id='word_1_160' title='bbox 1715 2754 1993 2836; x_wconf 79' lang='lat' dir='ltr'>fluentes</span> 
     </span>
     <span class='ocr_line' id='line_1_27' title="bbox 434 2853 2053 2940; baseline -0.001 -20"><span class='ocrx_word' id='word_1_161' title='bbox 434 2854 797 2940; x_wconf 85' lang='lat' dir='ltr'>Complexu</span> <span class='ocrx_word' id='word_1_162' title='bbox 824 2858 891 2919; x_wconf 91' lang='lat' dir='ltr'>in</span> <span class='ocrx_word' id='word_1_163' title='bbox 916 2858 1153 2920; x_wconf 88' lang='lat' dir='ltr'>misero</span> <span class='ocrx_word' id='word_1_164' title='bbox 1177 2853 1373 2938; x_wconf 84' lang='lat' dir='ltr'>longa</span> <span class='ocrx_word' id='word_1_165' title='bbox 1400 2855 1493 2918; x_wconf 89' lang='lat' dir='ltr'>sic</span> <span class='ocrx_word' id='word_1_166' title='bbox 1518 2865 1726 2919; x_wconf 87' lang='lat' dir='ltr'>morte</span> <span class='ocrx_word' id='word_1_167' title='bbox 1757 2856 2053 2919; x_wconf 84' lang='lat' dir='ltr'>necabat.</span> 
     </span>
    </p>

    <p class='ocr_par' dir='ltr' id='par_1_16' title="bbox 436 2949 1858 3022">
     <span class='ocr_line' id='line_1_28' title="bbox 436 2949 1858 3022; baseline -0.001 -2"><span class='ocrx_word' id='word_1_168' title='bbox 436 2949 531 3020; x_wconf 73' lang='lat' dir='ltr'>At</span> <span class='ocrx_word' id='word_1_169' title='bbox 558 2956 717 3022; x_wconf 83' lang='lat' dir='ltr'>fessi</span> <span class='ocrx_word' id='word_1_170' title='bbox 748 2957 1009 3022; x_wconf 86' lang='lat' dir='ltr'>tandem</span> <span class='ocrx_word' id='word_1_171' title='bbox 1038 2957 1211 3022; x_wconf 84' lang='lat' dir='ltr'>cives</span> <span class='ocrx_word' id='word_1_172' title='bbox 1239 2955 1506 3020; x_wconf 83' lang='lat' dir='ltr'>infanda</span> <span class='ocrx_word' id='word_1_173' title='bbox 1535 2954 1858 3020; x_wconf 86' lang='lat' dir='ltr'>furentem</span> 
     </span>
    </p>

    <p class='ocr_par' dir='ltr' id='par_1_17' title="bbox 262 3057 2059 3244">
     <span class='ocr_line' id='line_1_29' title="bbox 262 3057 2030 3143; baseline -0.001 -20"><span class='ocrx_word' id='word_1_174' title='bbox 262 3059 393 3124; x_wconf 80' lang='lat'>490</span> <span class='ocrx_word' id='word_1_175' title='bbox 436 3057 692 3122; x_wconf 88' lang='lat' dir='ltr'>Armati</span> <span class='ocrx_word' id='word_1_176' title='bbox 723 3058 1203 3123; x_wconf 83' lang='lat' dir='ltr'>circumsistunt</span> <span class='ocrx_word' id='word_1_177' title='bbox 1232 3059 1573 3142; x_wconf 89' lang='lat' dir='ltr'>ipsumque</span> <span class='ocrx_word' id='word_1_178' title='bbox 1603 3057 2030 3143; x_wconf 83' lang='lat' dir='ltr'>domumque3</span> 
     </span>
     <span class='ocr_line' id='line_1_30' title="bbox 439 3158 2059 3244; baseline 0.001 -22"><span class='ocrx_word' id='word_1_179' title='bbox 439 3159 857 3224; x_wconf 85' lang='lat' dir='ltr'>Obtruncant</span> <span class='ocrx_word' id='word_1_180' title='bbox 883 3161 1115 3234; x_wconf 88' lang='lat' dir='ltr'>socios,</span> <span class='ocrx_word' id='word_1_181' title='bbox 1148 3159 1364 3242; x_wconf 88' lang='lat' dir='ltr'>ignem</span> <span class='ocrx_word' id='word_1_182' title='bbox 1394 3159 1477 3222; x_wconf 85' lang='lat' dir='ltr'>ad</span> <span class='ocrx_word' id='word_1_183' title='bbox 1507 3158 1768 3242; x_wconf 85' lang='lat' dir='ltr'>fastigia</span> <span class='ocrx_word' id='word_1_184' title='bbox 1786 3161 2059 3244; x_wconf 79' lang='lat' dir='ltr'>jactant.</span> 
     </span>
    </p>

    <p class='ocr_par' dir='ltr' id='par_1_18' title="bbox 436 3257 2034 3347">
     <span class='ocr_line' id='line_1_31' title="bbox 436 3257 2034 3347; baseline 0.001 -23"><span class='ocrx_word' id='word_1_185' title='bbox 436 3259 553 3324; x_wconf 89' lang='lat' dir='ltr'>Ille</span> <span class='ocrx_word' id='word_1_186' title='bbox 580 3262 749 3326; x_wconf 84' lang='lat' dir='ltr'>inter</span> <span class='ocrx_word' id='word_1_187' title='bbox 779 3261 993 3325; x_wconf 81' lang='lat' dir='ltr'>caedes</span> <span class='ocrx_word' id='word_1_188' title='bbox 1026 3257 1423 3324; x_wconf 87' lang='lat' dir='ltr'>Rutulorum</span> <span class='ocrx_word' id='word_1_189' title='bbox 1450 3257 1714 3343; x_wconf 85' lang='lat' dir='ltr'>elapsus</span> <span class='ocrx_word' id='word_1_190' title='bbox 1743 3260 1810 3324; x_wconf 90' lang='lat' dir='ltr'>in</span> <span class='ocrx_word' id='word_1_191' title='bbox 1839 3284 2034 3347; x_wconf 84' lang='lat' dir='ltr'>agros</span> 
     </span>
    </p>
   </div>
   <div class='ocr_carea' id='block_1_6' title="bbox 261 3421 1391 4512">
    <p class='ocr_par' dir='ltr' id='par_1_19' title="bbox 264 3421 1391 4052">
     <span class='ocr_line' id='line_1_32' title="bbox 330 3421 1391 3488; baseline -0.002 -14"><span class='ocrx_word' id='word_1_192' title='bbox 330 3425 605 3474; x_wconf 73' lang='lat'>465—468.</span> <span class='ocrx_word' id='word_1_193' title='bbox 658 3425 729 3473; x_wconf 89' lang='lat' dir='ltr'>Ut</span> <span class='ocrx_word' id='word_1_194' title='bbox 770 3425 948 3488; x_wconf 72' lang='grc' dir='ltr'><strong><em>ὄρθριος</em></strong></span> <span class='ocrx_word' id='word_1_195' title='bbox 988 3423 1129 3482; x_wconf 68' lang='grc' dir='ltr'><strong><em>ἥκων,</em></strong></span> <span class='ocrx_word' id='word_1_196' title='bbox 1176 3421 1391 3484; x_wconf 67' lang='grc' dir='ltr'>ἑσπέριος</span> 
     </span>
     <span class='ocr_line' id='line_1_33' title="bbox 265 3487 1387 3552; baseline -0.005 -12"><span class='ocrx_word' id='word_1_197' title='bbox 265 3489 427 3548; x_wconf 73' lang='grc' dir='ltr'><strong><em>ἦλθεν,</em></strong></span> <span class='ocrx_word' id='word_1_198' title='bbox 452 3499 503 3538; x_wconf 86' lang='lat' dir='ltr'>et</span> <span class='ocrx_word' id='word_1_199' title='bbox 532 3489 641 3538; x_wconf 78' lang='lat' dir='ltr'>alia.</span> <span class='ocrx_word' id='word_1_200' title='bbox 698 3493 851 3552; x_wconf 79' lang='lat' dir='ltr'>Agere</span> <span class='ocrx_word' id='word_1_201' title='bbox 876 3505 937 3547; x_wconf 72' lang='lat' dir='ltr'>se,</span> <span class='ocrx_word' id='word_1_202' title='bbox 962 3503 1159 3536; x_wconf 82' lang='lat' dir='ltr'>movere</span> <span class='ocrx_word' id='word_1_203' title='bbox 1188 3503 1255 3544; x_wconf 81' lang='lat' dir='ltr'>se,</span> <span class='ocrx_word' id='word_1_204' title='bbox 1293 3487 1387 3548; x_wconf 77' lang='lat' dir='ltr'>agi,</span> 
     </span>
     <span class='ocr_line' id='line_1_34' title="bbox 266 3553 1387 3618; baseline -0.004 -16"><span class='ocrx_word' id='word_1_205' title='bbox 266 3555 399 3612; x_wconf 76' lang='lat' dir='ltr'>ferri,</span> <span class='ocrx_word' id='word_1_206' title='bbox 423 3569 513 3618; x_wconf 83' lang='lat' dir='ltr'>pro</span> <span class='ocrx_word' id='word_1_207' title='bbox 542 3553 793 3602; x_wconf 84' lang='lat' dir='ltr'>incedere:</span> <span class='ocrx_word' id='word_1_208' title='bbox 830 3555 889 3601; x_wconf 80' lang='lat' dir='ltr'>cf.</span> <span class='ocrx_word' id='word_1_209' title='bbox 924 3553 1011 3600; x_wconf 82' lang='lat' dir='ltr'>inf.</span> <span class='ocrx_word' id='word_1_210' title='bbox 1036 3553 1103 3610; x_wconf 76' lang='lat' dir='ltr'>ix,</span> <span class='ocrx_word' id='word_1_211' title='bbox 1128 3553 1238 3600; x_wconf 83' lang='lat'><strong>696.</strong></span> <span class='ocrx_word' id='word_1_212' title='bbox 1284 3553 1387 3598; x_wconf 79' lang='lat' dir='ltr'>Me-</span> 
     </span>
     <span class='ocr_line' id='line_1_35' title="bbox 268 3616 1387 3667; baseline -0.004 -1"><span class='ocrx_word' id='word_1_213' title='bbox 268 3621 362 3667; x_wconf 68' lang='lat' dir='ltr'>diis</span> <span class='ocrx_word' id='word_1_214' title='bbox 414 3621 645 3666; x_wconf 72' lang='lat' dir='ltr'>AEdibus:</span> <span class='ocrx_word' id='word_1_215' title='bbox 715 3618 861 3666; x_wconf 81' lang='lat' dir='ltr'>etiam</span> <span class='ocrx_word' id='word_1_216' title='bbox 921 3618 1014 3665; x_wconf 87' lang='lat' dir='ltr'>hoc</span> <span class='ocrx_word' id='word_1_217' title='bbox 1068 3616 1131 3664; x_wconf 80' lang='lat' dir='ltr'>ad</span> <span class='ocrx_word' id='word_1_218' title='bbox 1185 3616 1387 3662; x_wconf 83' lang='lat' dir='ltr'>formam</span> 
     </span>
     <span class='ocr_line' id='line_1_36' title="bbox 264 3679 1385 3739; baseline -0.005 -7"><span class='ocrx_word' id='word_1_219' title='bbox 264 3683 445 3732; x_wconf 76' lang='lat' dir='ltr'>aedium</span> <span class='ocrx_word' id='word_1_220' title='bbox 490 3681 669 3730; x_wconf 82' lang='lat' dir='ltr'>heroici</span> <span class='ocrx_word' id='word_1_221' title='bbox 704 3681 810 3739; x_wconf 79' lang='lat' dir='ltr'>aevi,</span> <span class='ocrx_word' id='word_1_222' title='bbox 851 3691 908 3729; x_wconf 88' lang='lat' dir='ltr'>ut</span> <span class='ocrx_word' id='word_1_223' title='bbox 947 3697 1009 3728; x_wconf 83' lang='lat' dir='ltr'>ex</span> <span class='ocrx_word' id='word_1_224' title='bbox 1048 3679 1254 3728; x_wconf 86' lang='lat' dir='ltr'>Homeri</span> <span class='ocrx_word' id='word_1_225' title='bbox 1288 3679 1385 3730; x_wconf 86' lang='lat' dir='ltr'>lec-</span> 
     </span>
     <span class='ocr_line' id='line_1_37' title="bbox 264 3743 1385 3810; baseline -0.005 -15"><span class='ocrx_word' id='word_1_226' title='bbox 264 3747 401 3795; x_wconf 85' lang='lat' dir='ltr'>tione</span> <span class='ocrx_word' id='word_1_227' title='bbox 434 3756 655 3794; x_wconf 81' lang='lat' dir='ltr'>constare</span> <span class='ocrx_word' id='word_1_228' title='bbox 686 3755 873 3810; x_wconf 76' lang='lat' dir='ltr'>potest3</span> <span class='ocrx_word' id='word_1_229' title='bbox 910 3745 961 3792; x_wconf 89' lang='lat' dir='ltr'>in</span> <span class='ocrx_word' id='word_1_230' title='bbox 991 3743 1167 3807; x_wconf 80' lang='lat' dir='ltr'>quibus</span> <span class='ocrx_word' id='word_1_231' title='bbox 1188 3759 1215 3790; x_wconf 91' lang='lat' dir='ltr'>e</span> <span class='ocrx_word' id='word_1_232' title='bbox 1238 3743 1385 3792; x_wconf 82' lang='lat' dir='ltr'>vesti-</span> 
     </span>
     <span class='ocr_line' id='line_1_38' title="bbox 266 3807 1387 3872; baseline -0.004 -13"><span class='ocrx_word' id='word_1_233' title='bbox 266 3811 383 3860; x_wconf 84' lang='lat' dir='ltr'>bulo</span> <span class='ocrx_word' id='word_1_234' title='bbox 410 3811 737 3858; x_wconf 81' lang='lat' dir='ltr'>introeuntem</span> <span class='ocrx_word' id='word_1_235' title='bbox 760 3807 901 3868; x_wconf 80' lang='grc' dir='ltr'><strong><em>δόμος</em></strong></span> <span class='ocrx_word' id='word_1_236' title='bbox 924 3807 1038 3872; x_wconf 88' lang='lat' dir='ltr'>(pro</span> <span class='ocrx_word' id='word_1_237' title='bbox 1060 3823 1119 3856; x_wconf 88' lang='lat' dir='ltr'>eo</span> <span class='ocrx_word' id='word_1_238' title='bbox 1142 3807 1387 3854; x_wconf 80' lang='lat' dir='ltr'>Romano-</span> 
     </span>
     <span class='ocr_line' id='line_1_39' title="bbox 264 3871 1389 3938; baseline -0.004 -15"><span class='ocrx_word' id='word_1_239' title='bbox 264 3891 375 3923; x_wconf 87' lang='lat' dir='ltr'>rum</span> <span class='ocrx_word' id='word_1_240' title='bbox 395 3879 567 3922; x_wconf 73' lang='lat' dir='ltr'>atn&#39;um</span> <span class='ocrx_word' id='word_1_241' title='bbox 586 3873 703 3934; x_wconf 83' lang='lat' dir='ltr'>fuit)</span> <span class='ocrx_word' id='word_1_242' title='bbox 722 3873 997 3938; x_wconf 73' lang='lat' dir='ltr'>excipiebat</span> <span class='ocrx_word' id='word_1_243' title='bbox 1046 3887 1101 3921; x_wconf 90' lang='lat' dir='ltr'>er</span> <span class='ocrx_word' id='word_1_244' title='bbox 1120 3881 1244 3920; x_wconf 72' lang='lat' dir='ltr'>totas</span> <span class='ocrx_word' id='word_1_245' title='bbox 1260 3871 1389 3919; x_wconf 77' lang='lat' dir='ltr'>oedes</span> 
     </span>
     <span class='ocr_line' id='line_1_40' title="bbox 264 3936 1386 4004; baseline -0.003 -18"><span class='ocrx_word' id='word_1_246' title='bbox 264 3937 487 4004; x_wconf 66' lang='lat' dir='ltr'>petenss&#39;</span> <span class='ocrx_word' id='word_1_247' title='bbox 504 3938 556 3985; x_wconf 85' lang='lat' dir='ltr'>in</span> <span class='ocrx_word' id='word_1_248' title='bbox 578 3937 753 3985; x_wconf 87' lang='lat' dir='ltr'>intimo</span> <span class='ocrx_word' id='word_1_249' title='bbox 772 3951 969 3986; x_wconf 78' lang='lat' dir='ltr'>recessu</span> <span class='ocrx_word' id='word_1_250' title='bbox 1018 3951 1135 3985; x_wconf 81' lang='lat' dir='ltr'>ocus</span> <span class='ocrx_word' id='word_1_251' title='bbox 1156 3951 1268 3984; x_wconf 89' lang='lat' dir='ltr'>cum</span> <span class='ocrx_word' id='word_1_252' title='bbox 1294 3936 1386 3984; x_wconf 81' lang='lat' dir='ltr'>Pe-</span> 
     </span>
     <span class='ocr_line' id='line_1_41' title="bbox 267 4003 477 4052; baseline -0.005 0"><span class='ocrx_word' id='word_1_253' title='bbox 267 4003 477 4052; x_wconf 77' lang='lat' dir='ltr'>natibus.</span> 
     </span>
    </p>

    <p class='ocr_par' dir='ltr' id='par_1_20' title="bbox 264 4065 1391 4258">
     <span class='ocr_line' id='line_1_42' title="bbox 330 4065 1391 4118; baseline -0.003 -3"><span class='ocrx_word' id='word_1_254' title='bbox 330 4069 441 4118; x_wconf 81' lang='lat'><strong>472.</strong></span> <span class='ocrx_word' id='word_1_255' title='bbox 486 4069 578 4114; x_wconf 82' lang='lat' dir='ltr'>Pro</span> <span class='ocrx_word' id='word_1_256' title='bbox 612 4070 787 4114; x_wconf 65' lang='lat' dir='ltr'>nomine</span> <span class='ocrx_word' id='word_1_257' title='bbox 823 4073 963 4114; x_wconf 74' lang='lat' dir='ltr'>tanto.</span> <span class='ocrx_word' id='word_1_258' title='bbox 1022 4065 1186 4114; x_wconf 77' lang='lat' dir='ltr'>Satius</span> <span class='ocrx_word' id='word_1_259' title='bbox 1222 4073 1298 4113; x_wconf 86' lang='lat' dir='ltr'>est</span> <span class='ocrx_word' id='word_1_260' title='bbox 1330 4065 1391 4112; x_wconf 77' lang='lat' dir='ltr'>ad</span> 
     </span>
     <span class='ocr_line' id='line_1_43' title="bbox 266 4129 1390 4192; baseline -0.004 -12"><span class='ocrx_word' id='word_1_261' title='bbox 266 4131 485 4180; x_wconf 83' lang='lat' dir='ltr'>Evandri</span> <span class='ocrx_word' id='word_1_262' title='bbox 519 4139 569 4178; x_wconf 88' lang='lat' dir='ltr'>et</span> <span class='ocrx_word' id='word_1_263' title='bbox 601 4130 848 4179; x_wconf 82' lang='lat' dir='ltr'>Arcadum</span> <span class='ocrx_word' id='word_1_264' title='bbox 878 4145 1057 4178; x_wconf 88' lang='lat' dir='ltr'>nomen</span> <span class='ocrx_word' id='word_1_265' title='bbox 1078 4129 1275 4186; x_wconf 82' lang='lat' dir='ltr'>referre,</span> <span class='ocrx_word' id='word_1_266' title='bbox 1298 4143 1390 4192; x_wconf 88' lang='lat' dir='ltr'>pro</span> 
     </span>
     <span class='ocr_line' id='line_1_44' title="bbox 264 4193 1021 4258; baseline -0.005 -14"><span class='ocrx_word' id='word_1_267' title='bbox 264 4196 392 4244; x_wconf 77' lang='lat' dir='ltr'>fama</span> <span class='ocrx_word' id='word_1_268' title='bbox 414 4211 523 4258; x_wconf 75' lang='lat' dir='ltr'>quae</span> <span class='ocrx_word' id='word_1_269' title='bbox 542 4205 593 4244; x_wconf 81' lang='lat' dir='ltr'>te</span> <span class='ocrx_word' id='word_1_270' title='bbox 616 4195 677 4243; x_wconf 79' lang='lat' dir='ltr'>ad</span> <span class='ocrx_word' id='word_1_271' title='bbox 698 4209 787 4242; x_wconf 75' lang='lat' dir='ltr'>nos</span> <span class='ocrx_word' id='word_1_272' title='bbox 806 4193 1021 4242; x_wconf 78' lang='lat' dir='ltr'>adduxit.</span> 
     </span>
    </p>

    <p class='ocr_par' dir='ltr' id='par_1_21' title="bbox 261 4256 1391 4512">
     <span class='ocr_line' id='line_1_45' title="bbox 328 4256 1391 4322; baseline -0.003 -15"><span class='ocrx_word' id='word_1_273' title='bbox 328 4261 440 4310; x_wconf 79' lang='lat'>4⁷5.</span> <span class='ocrx_word' id='word_1_274' title='bbox 482 4263 795 4322; x_wconf 75' lang='lat' dir='ltr'>Opulentaque</span> <span class='ocrx_word' id='word_1_275' title='bbox 815 4262 970 4320; x_wconf 69' lang='lat' dir='ltr'>reguis</span> <span class='ocrx_word' id='word_1_276' title='bbox 992 4265 1174 4305; x_wconf 70' lang='lat' dir='ltr'>castra.-</span> <span class='ocrx_word' id='word_1_277' title='bbox 1197 4256 1391 4305; x_wconf 81' lang='lat' dir='ltr'>volebat</span> 
     </span>
     <span class='ocr_line' id='line_1_46' title="bbox 262 4323 1383 4386; baseline -0.004 -14"><span class='ocrx_word' id='word_1_278' title='bbox 262 4323 441 4381; x_wconf 87' lang='lat' dir='ltr'>dicere,</span> <span class='ocrx_word' id='word_1_279' title='bbox 486 4327 699 4385; x_wconf 71' lang='lat' dir='ltr'>opulenta</span> <span class='ocrx_word' id='word_1_280' title='bbox 739 4340 883 4386; x_wconf 77' lang='lat' dir='ltr'>regna</span> <span class='ocrx_word' id='word_1_281' title='bbox 921 4323 1035 4386; x_wconf 87' lang='lat' dir='ltr'>(pro</span> <span class='ocrx_word' id='word_1_282' title='bbox 1070 4335 1223 4383; x_wconf 79' lang='lat' dir='ltr'>regno</span> <span class='ocrx_word' id='word_1_283' title='bbox 1262 4335 1383 4384; x_wconf 87' lang='lat' dir='ltr'>opu-</span> 
     </span>
     <span class='ocr_line' id='line_1_47' title="bbox 261 4385 1385 4451; baseline -0.004 -15"><span class='ocrx_word' id='word_1_284' title='bbox 261 4389 437 4450; x_wconf 87' lang='lat' dir='ltr'>lento),</span> <span class='ocrx_word' id='word_1_285' title='bbox 452 4387 675 4451; x_wconf 77' lang='lat' dir='ltr'>apposite</span> <span class='ocrx_word' id='word_1_286' title='bbox 688 4388 751 4436; x_wconf 84' lang='lat' dir='ltr'>ad</span> <span class='ocrx_word' id='word_1_287' title='bbox 764 4391 970 4451; x_wconf 73' lang='lat' dir='ltr'>ingentes</span> <span class='ocrx_word' id='word_1_288' title='bbox 978 4387 1178 4447; x_wconf 68' lang='lat' dir='ltr'>populos.</span> <span class='ocrx_word' id='word_1_289' title='bbox 1214 4385 1385 4432; x_wconf 82' lang='lat' dir='ltr'>Prom-</span> 
     </span>
     <span class='ocr_line' id='line_1_48' title="bbox 264 4451 1382 4512; baseline -0.004 -11"><span class='ocrx_word' id='word_1_290' title='bbox 264 4463 367 4501; x_wconf 83' lang='lat' dir='ltr'>tum</span> <span class='ocrx_word' id='word_1_291' title='bbox 402 4461 510 4502; x_wconf 80' lang='lat' dir='ltr'>erat</span> <span class='ocrx_word' id='word_1_292' title='bbox 536 4452 628 4500; x_wconf 84' lang='lat' dir='ltr'>hoc</span> <span class='ocrx_word' id='word_1_293' title='bbox 650 4461 839 4500; x_wconf 80' lang='lat' dir='ltr'>mutare</span> <span class='ocrx_word' id='word_1_294' title='bbox 875 4451 929 4499; x_wconf 89' lang='lat' dir='ltr'>in</span> <span class='ocrx_word' id='word_1_295' title='bbox 962 4458 1121 4500; x_wconf 69' lang='lat' dir='ltr'>castra</span> <span class='ocrx_word' id='word_1_296' title='bbox 1152 4451 1382 4512; x_wconf 62' lang='lat' dir='ltr'>optulerun-</span> 
     </span>
    </p>
   </div>
   <div class='ocr_carea' id='block_1_7' title="bbox 1451 3426 2582 4508">
    <p class='ocr_par' dir='ltr' id='par_1_22' title="bbox 1452 3426 2582 3665">
     <span class='ocr_line' id='line_1_49' title="bbox 1452 3426 2580 3492; baseline 0.004 -21"><span class='ocrx_word' id='word_1_297' title='bbox 1452 3441 1556 3472; x_wconf 68' lang='grc' dir='ltr'>ηπ</span> <span class='ocrx_word' id='word_1_298' title='bbox 1583 3441 1836 3488; x_wconf 74' lang='lat' dir='ltr'>regnorum,</span> <span class='ocrx_word' id='word_1_299' title='bbox 1869 3426 1946 3474; x_wconf 82' lang='lat' dir='ltr'>vel</span> <span class='ocrx_word' id='word_1_300' title='bbox 1975 3430 2200 3488; x_wconf 71' lang='lat' dir='ltr'>opulentis</span> <span class='ocrx_word' id='word_1_301' title='bbox 2231 3431 2417 3492; x_wconf 66' lang='lat' dir='ltr'>regnis,-</span> <span class='ocrx_word' id='word_1_302' title='bbox 2463 3428 2580 3476; x_wconf 82' lang='lat' dir='ltr'>hinc</span> 
     </span>
     <span class='ocr_line' id='line_1_50' title="bbox 1454 3487 2582 3552; baseline 0.003 -16"><span class='ocrx_word' id='word_1_303' title='bbox 1454 3487 1742 3550; x_wconf 81' lang='lat' dir='ltr'>exquisitior</span> <span class='ocrx_word' id='word_1_304' title='bbox 1771 3489 1926 3538; x_wconf 79' lang='lat' dir='ltr'>forma</span> <span class='ocrx_word' id='word_1_305' title='bbox 1947 3493 2158 3548; x_wconf 81' lang='lat' dir='ltr'>suborta,</span> <span class='ocrx_word' id='word_1_306' title='bbox 2182 3501 2338 3538; x_wconf 69' lang='lat' dir='ltr'>castra</span> <span class='ocrx_word' id='word_1_307' title='bbox 2366 3495 2582 3552; x_wconf 71' lang='lat' dir='ltr'>opulenta</span> 
     </span>
     <span class='ocr_line' id='line_1_51' title="bbox 1452 3553 2574 3665; baseline 0.004 -67"><span class='ocrx_word' id='word_1_308' title='bbox 1452 3555 1623 3664; x_wconf 46' lang='lat' dir='ltr'>aeg-nis,</span> <span class='ocrx_word' id='word_1_309' title='bbox 1637 3553 1830 3663; x_wconf 43' lang='lat' dir='ltr'>{gualia</span> <span class='ocrx_word' id='word_1_310' title='bbox 1861 3553 2266 3665; x_wconf 50' lang='lat' dir='ltr'>similiaupasszg.</span> <span class='ocrx_word' id='word_1_311' title='bbox 2321 3555 2458 3620; x_wconf 81' lang='lat' dir='ltr'>Opes</span> <span class='ocrx_word' id='word_1_312' title='bbox 2491 3569 2574 3603; x_wconf 85' lang='lat' dir='ltr'>ve-</span> 
     </span>
    </p>

    <p class='ocr_par' dir='ltr' id='par_1_23' title="bbox 1502 3631 2182 3665">
     <span class='ocr_line' id='line_1_52' title="bbox 1502 3631 2182 3665; baseline 0 -1"><span class='ocrx_word' id='word_1_313' title='bbox 1502 3631 1612 3664; x_wconf 88' lang='lat' dir='ltr'>rum</span> <span class='ocrx_word' id='word_1_314' title='bbox 1763 3631 1952 3664; x_wconf 71' lang='lat' dir='ltr'>ecorum</span> <span class='ocrx_word' id='word_1_315' title='bbox 1977 3633 2030 3665; x_wconf 82' lang='lat' dir='ltr'>sa</span> <span class='ocrx_word' id='word_1_316' title='bbox 2117 3633 2182 3664; x_wconf 90' lang='lat' dir='ltr'>no</span> 
     </span>
    </p>

    <p class='ocr_par' dir='ltr' id='par_1_24' title="bbox 1453 3680 2582 4204">
     <span class='ocr_line' id='line_1_53' title="bbox 1517 3680 2578 3746; baseline 0.001 -19"><span class='ocrx_word' id='word_1_317' title='bbox 1517 3681 1790 3729; x_wconf 77' lang='lat'>478——480.</span> <span class='ocrx_word' id='word_1_318' title='bbox 1831 3680 2020 3743; x_wconf 77' lang='lat' dir='ltr'>Agylla,</span> <span class='ocrx_word' id='word_1_319' title='bbox 2045 3697 2083 3729; x_wconf 84' lang='lat' dir='ltr'>s.</span> <span class='ocrx_word' id='word_1_320' title='bbox 2108 3682 2261 3740; x_wconf 59' lang='lat' dir='ltr'>Caere,</span> <span class='ocrx_word' id='word_1_321' title='bbox 2283 3681 2444 3746; x_wconf 73' lang='lat' dir='ltr'>prime</span> <span class='ocrx_word' id='word_1_322' title='bbox 2469 3680 2578 3744; x_wconf 79' lang='lat' dir='ltr'>opi-</span> 
     </span>
     <span class='ocr_line' id='line_1_54' title="bbox 1454 3743 2575 3810; baseline 0.001 -17"><span class='ocrx_word' id='word_1_323' title='bbox 1454 3745 1546 3793; x_wconf 81' lang='lat' dir='ltr'>bus</span> <span class='ocrx_word' id='word_1_324' title='bbox 1567 3743 1696 3792; x_wconf 83' lang='lat' dir='ltr'>inter</span> <span class='ocrx_word' id='word_1_325' title='bbox 1719 3745 1952 3792; x_wconf 78' lang='lat' dir='ltr'>Etruscos</span> <span class='ocrx_word' id='word_1_326' title='bbox 1972 3745 2148 3802; x_wconf 81' lang='lat' dir='ltr'>floruit,</span> <span class='ocrx_word' id='word_1_327' title='bbox 2175 3755 2226 3794; x_wconf 88' lang='lat' dir='ltr'>et</span> <span class='ocrx_word' id='word_1_328' title='bbox 2247 3754 2451 3810; x_wconf 78' lang='lat' dir='ltr'>propter</span> <span class='ocrx_word' id='word_1_329' title='bbox 2471 3761 2575 3794; x_wconf 85' lang='lat' dir='ltr'>ma-</span> 
     </span>
     <span class='ocr_line' id='line_1_55' title="bbox 1454 3809 2582 3874; baseline 0.001 -18"><span class='ocrx_word' id='word_1_330' title='bbox 1454 3809 1618 3856; x_wconf 80' lang='lat' dir='ltr'>ritima</span> <span class='ocrx_word' id='word_1_331' title='bbox 1649 3809 1940 3857; x_wconf 87' lang='lat' dir='ltr'>commercia</span> <span class='ocrx_word' id='word_1_332' title='bbox 1963 3810 2182 3858; x_wconf 85' lang='lat' dir='ltr'>omnium</span> <span class='ocrx_word' id='word_1_333' title='bbox 2211 3810 2374 3874; x_wconf 80' lang='lat' dir='ltr'>prima</span> <span class='ocrx_word' id='word_1_334' title='bbox 2393 3809 2582 3858; x_wconf 75' lang='lat' dir='ltr'>Graecis</span> 
     </span>
     <span class='ocr_line' id='line_1_56' title="bbox 1454 3872 2576 3938; baseline 0 -17"><span class='ocrx_word' id='word_1_335' title='bbox 1454 3872 1683 3924; x_wconf 85' lang='lat' dir='ltr'>innotuit.</span> <span class='ocrx_word' id='word_1_336' title='bbox 1751 3877 1870 3921; x_wconf 77' lang='lat' dir='ltr'>Saaeo</span> <span class='ocrx_word' id='word_1_337' title='bbox 1911 3881 2116 3928; x_wconf 57' lang='grc' dir='ltr'><strong><em>κωκυ,-</em></strong></span> <span class='ocrx_word' id='word_1_338' title='bbox 2169 3875 2372 3937; x_wconf 83' lang='lat' dir='ltr'>antiquo</span> <span class='ocrx_word' id='word_1_339' title='bbox 2413 3887 2576 3938; x_wconf 83' lang='lat' dir='ltr'>opere.</span> 
     </span>
     <span class='ocr_line' id='line_1_57' title="bbox 1464 3937 2576 4002; baseline 0 -16"><span class='ocrx_word' id='word_1_340' title='bbox 1464 3941 1556 3986; x_wconf 76' lang='lat' dir='ltr'>Ubi</span> <span class='ocrx_word' id='word_1_341' title='bbox 1613 3937 1838 4000; x_wconf 77' lang='lat' dir='ltr'>proxime</span> <span class='ocrx_word' id='word_1_342' title='bbox 1895 3938 1958 3986; x_wconf 80' lang='lat' dir='ltr'>ad</span> <span class='ocrx_word' id='word_1_343' title='bbox 2011 3939 2238 4002; x_wconf 76' lang='lat' dir='ltr'>Agyllam</span> <span class='ocrx_word' id='word_1_344' title='bbox 2292 3953 2380 3986; x_wconf 79' lang='lat' dir='ltr'>seu</span> <span class='ocrx_word' id='word_1_345' title='bbox 2435 3939 2576 3986; x_wconf 79' lang='lat' dir='ltr'>Caere</span> 
     </span>
     <span class='ocr_line' id='line_1_58' title="bbox 1454 4001 2574 4066; baseline 0.002 -16"><span class='ocrx_word' id='word_1_346' title='bbox 1454 4011 1658 4066; x_wconf 74' lang='lat' dir='ltr'>spectat,</span> <span class='ocrx_word' id='word_1_347' title='bbox 1705 4017 1796 4050; x_wconf 88' lang='lat' dir='ltr'>nec</span> <span class='ocrx_word' id='word_1_348' title='bbox 1841 4011 2002 4050; x_wconf 81' lang='lat' dir='ltr'>tamen</span> <span class='ocrx_word' id='word_1_349' title='bbox 2047 4002 2282 4064; x_wconf 83' lang='lat' dir='ltr'>reliquam</span> <span class='ocrx_word' id='word_1_350' title='bbox 2325 4001 2574 4052; x_wconf 79' lang='lat' dir='ltr'>Etruriam</span> 
     </span>
     <span class='ocr_line' id='line_1_59' title="bbox 1457 4065 2573 4130; baseline 0.001 -17"><span class='ocrx_word' id='word_1_351' title='bbox 1457 4066 1686 4114; x_wconf 84' lang='lat' dir='ltr'>excludit.</span> <span class='ocrx_word' id='word_1_352' title='bbox 1767 4066 1813 4114; x_wconf 83' lang='lat' dir='ltr'>A</span> <span class='ocrx_word' id='word_1_353' title='bbox 1860 4065 2010 4130; x_wconf 83' lang='lat' dir='ltr'>Lydis</span> <span class='ocrx_word' id='word_1_354' title='bbox 2061 4066 2257 4114; x_wconf 87' lang='lat' dir='ltr'>Etrusci</span> <span class='ocrx_word' id='word_1_355' title='bbox 2311 4081 2398 4114; x_wconf 74' lang='lat' dir='ltr'>neu</span> <span class='ocrx_word' id='word_1_356' title='bbox 2448 4065 2573 4129; x_wconf 85' lang='lat' dir='ltr'>Tyr-</span> 
     </span>
     <span class='ocr_line' id='line_1_60' title="bbox 1453 4130 2574 4204; baseline 0 -26"><span class='ocrx_word' id='word_1_357' title='bbox 1453 4130 1595 4204; x_wconf 73' lang='lat' dir='ltr'>rheni</span> <span class='ocrx_word' id='word_1_358' title='bbox 1617 4130 1862 4178; x_wconf 87' lang='lat' dir='ltr'>ducuntur</span> <span class='ocrx_word' id='word_1_359' title='bbox 1877 4140 2048 4194; x_wconf 80' lang='lat' dir='ltr'>poetae,</span> <span class='ocrx_word' id='word_1_360' title='bbox 2065 4145 2128 4178; x_wconf 88' lang='lat' dir='ltr'>ex</span> <span class='ocrx_word' id='word_1_361' title='bbox 2149 4130 2332 4192; x_wconf 73' lang='lat' dir='ltr'>vulgari</span> <span class='ocrx_word' id='word_1_362' title='bbox 2354 4138 2574 4178; x_wconf 82' lang='lat' dir='ltr'>veterum</span> 
     </span>
    </p>

    <p class='ocr_par' dir='ltr' id='par_1_25' title="bbox 1451 4209 2580 4508">
     <span class='ocr_line' id='line_1_61' title="bbox 1520 4209 2170 4241; baseline 0 -1"><span class='ocrx_word' id='word_1_363' title='bbox 1520 4209 1699 4241; x_wconf 84' lang='lat' dir='ltr'>unone.</span> <span class='ocrx_word' id='word_1_364' title='bbox 2163 4219 2170 4224; x_wconf 90' lang='lat'><strong>·</strong></span> 
     </span>
     <span class='ocr_line' id='line_1_62' title="bbox 1454 4209 2570 4321; baseline 0.002 -17"><span class='ocrx_word' id='word_1_365' title='bbox 1454 4209 1791 4305; x_wconf 69' lang='grc' dir='ltr'><strong>οΡ482-484.</strong></span> <span class='ocrx_word' id='word_1_366' title='bbox 1845 4257 2095 4316; x_wconf 81' lang='lat' dir='ltr'>Mezentii,</span> <span class='ocrx_word' id='word_1_367' title='bbox 2130 4257 2259 4321; x_wconf 81' lang='lat' dir='ltr'>reg-is</span> <span class='ocrx_word' id='word_1_368' title='bbox 2293 4259 2570 4306; x_wconf 77' lang='lat' dir='ltr'>Caeremno-</span> 
     </span>
     <span class='ocr_line' id='line_1_63' title="bbox 1451 4321 2572 4387; baseline 0.003 -18"><span class='ocrx_word' id='word_1_369' title='bbox 1451 4337 1575 4378; x_wconf 81' lang='lat' dir='ltr'>rum,</span> <span class='ocrx_word' id='word_1_370' title='bbox 1599 4325 1804 4381; x_wconf 69' lang='lat' dir='ltr'>superbo,</span> <span class='ocrx_word' id='word_1_371' title='bbox 1827 4321 2026 4380; x_wconf 82' lang='lat' dir='ltr'>crudeli,</span> <span class='ocrx_word' id='word_1_372' title='bbox 2051 4323 2259 4387; x_wconf 88' lang='lat' dir='ltr'>imperio</span> <span class='ocrx_word' id='word_1_373' title='bbox 2281 4323 2462 4372; x_wconf 80' lang='lat' dir='ltr'>infame</span> <span class='ocrx_word' id='word_1_374' title='bbox 2483 4339 2572 4372; x_wconf 88' lang='lat' dir='ltr'>no—</span> 
     </span>
     <span class='ocr_line' id='line_1_64' title="bbox 1452 4385 2580 4498; baseline 0.003 -65"><span class='ocrx_word' id='word_1_375' title='bbox 1452 4385 1972 4498; x_wconf 54' lang='grc' dir='ltr'>πξεῐὲὲοοεῧαέὅᾱωὶνίι.</span> <span class='ocrx_word' id='word_1_376' title='bbox 2020 4388 2088 4436; x_wconf 81' lang='lat' dir='ltr'>m</span> <span class='ocrx_word' id='word_1_377' title='bbox 2107 4391 2265 4450; x_wconf 71' lang='lat' dir='ltr'>capiti,</span> <span class='ocrx_word' id='word_1_378' title='bbox 2285 4388 2358 4436; x_wconf 84' lang='lat' dir='ltr'>uti</span> <span class='ocrx_word' id='word_1_379' title='bbox 2379 4387 2431 4446; x_wconf 80' lang='lat' dir='ltr'>ii,</span> <span class='ocrx_word' id='word_1_380' title='bbox 2457 4389 2580 4444; x_wconf 64' lang='lat'>1903</span> 
     </span>
     <span class='ocr_line' id='line_1_65' title="bbox 1452 4465 1786 4508; baseline 0 0"><span class='ocrx_word' id='word_1_381' title='bbox 1452 4465 1517 4508; x_wconf 63' lang='lat' dir='ltr'>Vb</span> <span class='ocrx_word' id='word_1_382' title='bbox 1639 4483 1652 4507; x_wconf 76' lang='lat'><em>2</em></span> <span class='ocrx_word' id='word_1_383' title='bbox 1773 4483 1786 4498; x_wconf 90' lang='lat'><strong>·</strong></span> 
     </span>
    </p>
   </div>
   <div class='ocr_carea' id='block_1_8' title="bbox 3044 3660 3050 4500">
    <p class='ocr_par' dir='ltr' id='par_1_26' title="bbox 3044 3660 3050 4500">
     <span class='ocr_line' id='line_1_66' title="bbox 3044 3660 3050 4500; baseline 0 0"><span class='ocrx_word' id='word_1_384' title='bbox 3044 3660 3050 4500; x_wconf 95' lang='lat' dir='ltr'> </span> 
     </span>
    </p>
   </div>
  </div>
 </body>
</html>
