3050 4934
1055 255 1509 323 ECLOGA
1556 257 1731 324 VII.

412 405 546 471 Hic
575 407 817 470 virides
846 418 1074 470 tenera
1099 408 1408 491 praetexit
1434 408 1751 474 arundine
1782 409 1957 493 ripas

413 505 726 584 Mincius,
755 529 926 591 eque
957 529 1144 572 sacra
1169 519 1482 573 resonant
1509 509 1807 573 examina
1834 531 2103 594 quercu.

404 607 588 680 Quid
613 607 934 672 facerem?
975 630 1190 693 neque
1220 631 1346 694 ego
1363 608 1693 695 Alcippen
1720 631 1842 674 nec
1867 609 2169 695 Phyllida
2198 611 2541 690 habebam,

285 708 367 771 15
411 707 748 793 Depulsos
779 733 820 774 a
847 709 1015 776 lacte
1047 711 1221 774 domi
1250 733 1399 794 quae
1428 709 1763 775 clauderet
1790 732 2029 794 agnos;

405 809 500 872 Et
525 821 856 875 certamen
879 821 1046 888 erat,
1079 810 1386 896 Corydon
1417 834 1565 875 cum
1594 810 1948 896 Thyrside,
1979 833 2301 896 magnum.

403 909 770 975 Posthabui
801 921 1018 976 tamen
1043 910 1298 975 illorum
1326 933 1470 976 mea
1502 914 1671 976 seria
1700 913 1881 977 ludo.

399 1007 692 1075 Alternis
723 1012 922 1096 igitur
949 1012 1344 1076 contendere
1375 1015 1671 1078 versibus
1704 1015 1895 1078 ambo

401 1109 721 1196 Coepere:
767 1110 1055 1176 alternos
1085 1111 1302 1178 Musae
1331 1113 1697 1178 meminisse
1727 1113 2051 1179 volebant.

271 1211 362 1274 20
403 1210 552 1276 Hos
583 1211 916 1296 Corydon,
948 1212 1092 1278 illos
1122 1213 1453 1278 referebat
1479 1213 1545 1277 in
1578 1214 1803 1278 ordine
1836 1214 2137 1301 Thyrsis·

399 1311 570 1377 Con.
617 1313 973 1398 Nymphae,
986 1325 1210 1379 noster
1223 1335 1423 1390 amor,
1440 1313 1886 1393 Libethrides,
1908 1326 2023 1380 aut
2038 1317 2194 1382 mihi
2210 1339 2490 1397 carmen,

380 1413 618 1488 ·Quale
643 1437 788 1478 meo
819 1415 1064 1493 Codro,
1095 1415 1469 1494 concedite3
1515 1417 1814 1500 proxima
1842 1416 2081 1482 Phoebi

399 1512 728 1579 Versibus
758 1514 864 1580 ille
894 1515 1083 1581 facite
1129 1527 1266 1593 aut,
1300 1517 1352 1579 si
1382 1539 1511 1580 non
1540 1539 1885 1601 possumus
1917 1540 2161 1595 omneS,

403 1613 536 1679 Hic
565 1625 800 1698 arguta
831 1637 1018 1680 sacra
1045 1617 1362 1700 pendebit
1387 1616 1613 1680 fistula
1639 1619 1819 1702 pinu.

273 1715 360 1778 25
403 1714 642 1779 Tam.
692 1715 1027 1793 Pastores,
1058 1717 1308 1782 hedera
1334 1728 1734 1782 crescentem
1763 1730 1990 1783 ornate
2016 1731 2299 1804 poetam,

399 1814 725 1892 Arcades,
757 1817 998 1881 invidia
1023 1829 1409 1902 rumpantur
1429 1829 1507 1882 ut
1536 1817 1645 1882 ilia
1676 1818 1931 1882 Codro:

398 1913 561 1993 Aut,
593 1918 650 1980 si
673 1915 844 1980 ultra
869 1916 1178 2002 placitum
1205 1917 1509 1995 lauderit,
1543 1919 1817 1984 baccare
1848 1919 2127 1985 frontem

397 2015 678 2102 cingite,
707 2040 790 2082 ne
823 2019 954 2082 vati
983 2030 1216 2084 noceat
1237 2019 1404 2084 mala
1432 2019 1655 2104 lingua
1684 2021 1927 2086 futuro·

397 2116 568 2182 Con.
617 2118 853 2183 Saetosi
883 2130 1081 2204 caput
1109 2119 1236 2185 hoc
1266 2121 1408 2204 apri
1437 2122 1577 2198 tibi,
1609 2121 1826 2200 Delia,
1860 2145 2098 2207 parvus

273 2218 360 2282 30
403 2219 498 2283 Et
525 2241 780 2282 ramosa
810 2219 1036 2285 Micon
1065 2221 1302 2286 vivacis
1326 2243 1573 2286 cornua
1603 2224 1795 2288 cervi.

397 2317 468 2382 Si
495 2319 832 2404 proprium
859 2319 986 2386 hoc
1015 2321 1234 2400 fuerit,
1265 2320 1389 2387 levi
1419 2323 1506 2388 de
1534 2345 1853 2389 marmore
1884 2337 2020 2390 tota

289 2555 364 2602 12
399 2553 622 2602 Mincius
641 2553 772 2602 enim
793 2569 894 2602 non
914 2555 1059 2618 longe
1079 2571 1110 2604 a
1133 2556 1342 2605 Mantua

223 2617 380 2666 hum
400 2617 566 2676 efficit,
587 2627 640 2666 et
658 2619 898 2682 palustres
920 2619 1052 2684 ripas

223 2680 325 2730 1301.
347 2681 383 2740 i,
407 2683 488 2740 49,
513 2683 592 2740 62,
617 2691 665 2730 et
690 2683 872 2740 Notans
902 2685 1023 2732 Geo.
1043 2684 1112 2742 iii,
1138 2686 1340 2732 13—15.

223 2745 296 2794 13⁸
325 2745 450 2794 sneie
473 2762 506 2794 a
523 2745 704 2794 nostris
724 2763 914 2810 quoque
947 2747 1226 2797 hominibus
1255 2748 1340 2796 de·

219 2809 474 2859 scribitur:
509 2809 572 2858 cf.
597 2810 714 2858 AEn.
735 2825 783 2870 x,
805 2813 915 2858 205.

289 2875 364 2922 1³.
423 2877 574 2922 Sacra
617 2891 821 2936 quercus,
865 2885 1093 2940 respectu
1137 2891 1344 2938 quercus

223 2937 517 2986 Dodonae:
573 2939 696 2986 Geo-
741 2938 793 2995 ii,
843 2939 917 2998 16,
963 2943 1134 2988 habita
1183 2943 1344 2989 Graiis

218 3005 404 3050 mla
629 3035 643 3050 .
710 3003 1012 3052 Ornamenta
1043 3013 1160 3052 sunt
1189 3005 1345 3068 petita

219 3081 248 3114 e
266 3065 476 3116 Thence.
499 3065 532 3124 i,
562 3066 669 3123 106,
697 3066 788 3117 107
804 3085 816 3115 ε
851 3067 912 3115 οἰ.
939 3067 1042 3116 Ecl.
1067 3068 1100 3125 i,
1121 3070 1186 3116 54
1208 3083 1308 3131 sqq.

285 3131 360 3178 16.
393 3133 798 3192 Dap-leuatam
813 3133 1023 3194 agnos‚b.
1040 3132 1340 3181 amatribusz

219 3194 314 3244 vid.
339 3193 447 3242 Bel.
477 3195 512 3252 i,
535 3196 629 3249 223
661 3193 730 3253 iii,
757 3197 848 3242 822
883 3206 1028 3258 atque
1049 3196 1172 3244 adeo
1203 3197 1340 3246 infir-

219 3273 324 3307 mos
343 3267 396 3307 et
413 3273 549 3307 curae
565 3257 890 3322 diligentioris
911 3269 1124 3322 egentes.

283 3325 360 3372 19.
401 3325 622 3371 Alter-oe
656 3326 806 3372 Mnsae
838 3328 1090 3372 meminisse
1120 3328 1340 3373 volebant.

217 3387 270 3434 Si
307 3388 412 3436 hec
431 3402 552 3435 vera
579 3386 726 3435 lectio
767 3397 856 3446 est,
881 3387 935 3436 in
973 3389 1104 3436 hunc
1143 3389 1339 3437 modum

215 3451 510 3516 exponenda
525 3449 651 3499 forte
668 3451 759 3499 siti
789 3451 962 3509 Mum,
981 3469 1080 3514 quae
1095 3462 1253 3502 amant
1266 3456 1337 3503 al-

216 3523 362 3572 terna.
393 3515 502 3564 Ecl-
539 3513 610 3574 iii,
645 3517 722 3573 59,
754 3516 881 3564 hanc
916 3515 1074 3579 legem
1109 3517 1338 3566 carminis

213 3579 458 3636 dicebant,
479 3589 538 3626 ut
559 3579 773 3627 alternos
793 3595 962 3628 versus
985 3580 1335 3641 meminissent,

213 3659 302 3692 seu
335 3641 630 3698 recitarent,
665 3643 712 3690 h.
738 3659 780 3690 e.
804 3653 862 3691 ut
881 3643 1102 3693 versibus
1136 3645 1338 3694 alternis

278 3773 356 3820 21.
385 3771 514 3826 Quae
531 3780 814 3833 sequuntur,
865 3787 978 3821 arva
992 3781 1108 3821 sunt
1124 3773 1342 3822 carmina

213 3845 564 3946 *lufoemgifflm
578 3849 806 3910 yersuum
851 3837 1339 3950 Ουαιναὲωήῶκῗίἒὲ

211 3899 1337 4014 &⁸103ss'mwmuhmffiifflnencoze2

211 4029 312 4077 vid.
337 4027 516 4076 Strabo
539 4027 604 4084 ix,
629 4043 677 4090 p.
701 4029 797 4075 629
817 4029 879 4085 A,
897 4028 955 4076 τὸ
976 4031 1074 4078 τῶν
1090 4029 1336 4090 Λειβηθρί·

209 4095 306 4142 &u
323 4093 522 4153 νυμφῶν
543 4089 730 4154 ἄντρον·
759 4091 896 4150 nlius,
921 4093 1060 4156 isque
1079 4093 1338 4156 antiquior,

209 4157 264 4206 in
287 4155 470 4204 Pieria.
529 4155 700 4203 Videri
723 4165 930 4219 possunt
953 4157 1114 4206 Musae
1131 4158 1178 4206 h.
1204 4157 1236 4206 1.
1261 4158 1338 4205 in-

209 4232 288 4270 ter
329 4219 590 4284 Nymphas
619 4219 808 4277 referri,
843 4229 898 4269 ut
927 4221 1074 4285 vulgo
1105 4231 1339 4270 statuunt.

1471 2557 1680 2605 22—24.
1729 2561 1905 2608 Codrus
1928 2575 2107 2608 nomen
2132 2563 2355 2625 pastoris,
2392 2581 2535 2628 quem

1072 2621 1245 2668 habet:
1279 2621 1339 2670 cf.
1397 2622 1502 2683 jam
1515 2637 1665 2686 supra
1678 2623 1965 2672 memoravit
1976 2634 2125 2674 cantu
2140 2635 2409 2676 certantem
2424 2629 2530 2680 Ecl.

1407 2701 1452 2743 v,
1485 2687 1561 2733 11.
1612 2689 1725 2744 Aut,
1749 2691 1793 2734 εἰ
1813 2705 1899 2735 non
1916 2705 2153 2750 possumus
2170 2706 2341 2740 versus
2372 2693 2531 2743 facere

1407 2749 1657 2812 proximos
1693 2750 1788 2812 (ita
1823 2765 1932 2815 exp.
1968 2753 2027 2801 τὸ
2054 2758 2276 2815 proxima,
2300 2766 2530 2807 neutrum

1409 2812 1630 2861 absolute
1658 2815 1898 2876 positum)
1928 2818 2033 2878 ejus
2065 2819 2313 2876 versibus3
2348 2837 2452 2885 pro,
2488 2824 2529 2872 si

1408 2891 1522 2925 eum
1545 2892 1736 2940 aequare
1759 2879 1975 2927 carmine
1997 2896 2095 2928 non
2117 2880 2245 2931 licet.
2290 2887 2533 2936 Proximus

1407 2942 1456 2989 h.
1481 2941 1512 2988 l.
1538 2941 1775 3004 dignitate
1796 2951 1845 2990 et
1896 2945 2157 2992 raestantia.
2222 2949 2367 2996 Sacra
2382 2967 2399 2995 :
2434 2951 2529 3000 vid.

1407 3005 1471 3053 ad
1493 3021 1540 3052 v.
1569 3007 1653 3060 13;
1692 3007 1836 3055 Ovid.
1924 3017 1987 3056 et.
2012 3025 2059 3065 x,
2087 3010 2191 3065 103,
2220 3011 2327 3059 104.

1476 3071 1683 3117 25—28.
1722 3073 2001 3119 Crescentem
2012 3081 2202 3134 poetam.
2240 3075 2319 3123 De
2332 3091 2386 3123 se
2398 3076 2532 3140 loqui

1409 3133 1487 3182 Tb
1574 3133 1621 3182 'n
1644 3145 1776 3198 puta.
1825 3136 2082 3184 obtrectat
2100 3136 2287 3185 scilicet
2306 3138 2531 3190 laudibus

1407 3149 1587 3246 (ἓοέιι-ῗ.1
1650 3201 1787 3246 Ultra
1802 3202 2040 3260 placitum,
2062 3201 2104 3248 si
2126 3201 2238 3264 plus
2260 3219 2404 3265 quam
2436 3205 2533 3269 ipsi

1441 3261 1581 3320 lacet,
1605 3262 1652 3309 h.
1678 3261 1885 3319 videtur,
1905 3263 2161 3313 laudamur
2172 3267 2332 3325 abe03
2368 3269 2409 3316 si
2432 3271 2528 3318 Co-

1439 3341 1524 3374 rus
1559 3341 1647 3374 nos
1682 3326 1942 3375 immodice
1978 3339 2029 3376 et
2058 3339 2244 3404 praeter
2272 3332 2528 3382 veritatem

1403 3389 1583 3438 laudat.
1654 3391 1746 3438 Est
1766 3400 1929 3439 autem
1953 3392 2127 3441 fascini
2156 3409 2315 3458 genus
2344 3407 2529 3456 notum,

1405 3463 1460 3502 ut
1495 3454 1756 3503 immodica
1787 3455 1931 3504 laude
1966 3457 2229 3507 efferantur
2264 3475 2322 3507 ea
2356 3461 2531 3522 quibus

1403 3517 1512 3580 quis
1524 3519 1778 3629 9invideat.
1848 3520 1927 3568 De
1964 3523 2166 3580 baccare,
2200 3522 2295 3570 vid.
2328 3523 2391 3576 ad
2423 3525 2528 3573 Ecl.

1401 3581 1466 3640 iv,
1497 3584 1516 3628 l
1560 3617 1570 3628 .

1440 3695 1448 3702 ,
1492 3647 1570 3692 30.
1624 3645 1886 3702 Mirantur,
1923 3645 2053 3707 quod
2095 3647 2158 3694 de
2210 3646 2371 3696 alieno
2416 3665 2527 3713 pas-

1405 3717 1509 3757 tore
1546 3717 1657 3772 agat
1692 3708 1933 3783 Corydon,
1972 3725 2070 3757 non
2106 3711 2167 3758 de
2206 3727 2273 3759 se.
2344 3713 2531 3763 Verum

1405 3781 1521 3821 sunt
1537 3772 1655 3832 haec,
1678 3782 1733 3821 ut
1753 3773 1982 3832 diximus,
2005 3791 2155 3838 parva
2176 3775 2395 3824 carmina
2415 3793 2527 3841 pro-

1407 3837 1591 3886 miscue
1614 3837 1871 3886 cumulata.
1942 3839 2089 3888 Nunc
2112 3839 2177 3897 id,
2207 3840 2336 3902 quod
2366 3843 2529 3904 sequi-

1406 3910 1500 3959 tur,
1525 3911 1601 3950 est
1619 3903 1982 3967 epigrammatis
2011 3919 2180 3968 genus,
2206 3919 2293 3952 seu
2315 3915 2480 3954 votum
2504 3923 2533 3956 a

1405 3975 1601 4029 pastore
1620 3967 1819 4016 Micone
1841 3968 2016 4016 Dianae
2037 3969 2232 4024 factum,
2251 3968 2330 4016 cui
2353 3969 2533 4021 similia

1405 4039 1520 4078 sunt
1541 4031 1593 4078 in
1616 4031 1916 4106 Anthologia
1938 4033 2123 4079 Graeca.
2194 4032 2531 4098 Supplendum

1405 4109 1536 4152 vero,
1562 4094 1732 4143 Micon
1763 4095 1851 4144 tibi
1880 4095 2025 4152 dicat,
2050 4095 2191 4158 quod,
2226 4105 2275 4145 te
2302 4099 2527 4163 propitia,

1404 4158 1613 4207 feliciter
1633 4168 1839 4207 venatus
1861 4158 2020 4206 fixerit.

1473 4225 1550 4270 31.
1588 4226 1640 4271 St·
1650 4226 1884 4284 proprium
1901 4225 1981 4269 hoc
1994 4238 2049 4270 ac
2066 4233 2355 4288 perpetuum
2360 4225 2529 4288 suerit,

211 4285 430 4335 Pon-um
463 4293 630 4331 tamen
663 4284 770 4332 deae
804 4284 914 4343 loci,
947 4287 1205 4360 Nymphae,
1243 4301 1342 4334 non
1407 4286 1450 4334 si
1475 4295 1573 4334 tam
1592 4286 1722 4334 felici
1744 4295 1925 4334 venatu
1946 4297 2185 4351 perpetuo
2208 4289 2279 4337 uti
2310 4291 2527 4354 contige-

207 4349 376 4398 minus
399 4363 430 4394 a

211 4411 428 4462 thunE
515 4427 645 4475 xpr.

543 4358 648 4396 tore
665 4347 714 4396 b.
738 4349 772 4397 1.
799 4348 1013 4399 invocari
1037 4365 1182 4413 quam
1216 4351 1341 4400 Are-

1408 4349 1478 4398 rit
1500 4359 1589 4397 etc.
1661 4350 1772 4398 Hoc
1802 4364 1950 4399 sensu
1973 4351 2086 4400 AEn.
2113 4353 2177 4411 vi,
2203 4354 2262 4405 87
2269 4356 2312 4411 2,
2338 4360 2532 4418 propria

1411 4418 1506 4462 haec
1527 4417 1569 4460 ει·
1590 4416 1708 4460 dona
1730 4410 1947 4473 fuissent.
2018 4417 2086 4464 Ut
2113 4417 2301 4476 reddas,
2337 4417 2391 4466 si
2420 4420 2526 4482 qui-
