3050 4934
486 261 617 322 638

1380 253 1906 322 AENEIDOS

659 408 877 480 Quam
902 407 1155 472 cladem
1180 407 1435 470 miserae
1462 416 1811 489 postquam
1839 423 2156 487 accepere
2189 400 2480 480 Latinae3

484 507 615 570 605
658 507 823 570 Filia
850 509 1057 591 prima
1084 529 1279 571 manu
1306 505 1509 569 flavos
1543 505 1814 568 Lavinia
1841 505 2052 568 crines

660 605 753 669 Et
783 629 1009 670 roseas
1036 606 1275 670 laniata
1305 627 1531 690 genas,
1563 616 1700 668 tum
1730 615 1970 668 caetera
1999 605 2242 668 circum

659 705 913 782 Turba,
944 706 1138 770 furit:
1185 716 1498 770 resonant
1524 704 1656 768 late
1685 703 2108 788 plangoribus
2139 705 2338 768 aedes.

660 805 837 870 Hinc
866 817 1069 870 totam
1096 805 1322 870 infelix
1350 805 1656 889 vulgatur
1683 805 1854 867 fama
1879 826 2000 888 per
2029 805 2282 868 urbem.

660 904 1032 971 Demittunt
1058 917 1345 982 mentes3
1390 908 1443 968 it
1472 906 1675 968 scissa
1701 914 1884 967 veste
1917 901 2217 979 Latinus,

484 1005 616 1068 610
660 1003 975 1088 Conjugis
1004 1007 1321 1067 attonitus
1348 1005 1524 1074 fatis,
1557 1005 1868 1085 urbisque
1895 1003 2104 1078 ruina,

657 1105 977 1168 Canitiem
1002 1104 1331 1168 immundo
1358 1102 1692 1186 perfusam
1719 1102 1988 1185 pulvere
2018 1115 2328 1187 turpans:

658 1207 699 1246 ⁴
720 1203 1065 1287 Multaque
1096 1225 1165 1267 se
1194 1205 1469 1278 incusat,
1498 1202 1612 1283 qui
1639 1221 1770 1264 non
1799 1204 2124 1286 acceperit
2149 1214 2302 1266 ante

657 1306 698 1345 ⁴
719 1303 1127 1368 Dardanium
1154 1303 1441 1378 AEnean,
1472 1322 1912 1384 generumque
1942 1303 2242 1366 asciverit
2269 1302 2463 1365 ultro·
2485 1304 2526 1343 ⁴

746 1403 1008 1467 Interea
1036 1413 1328 1467 extremo
1357 1399 1634 1466 bellator
1659 1401 1728 1463 in
1757 1421 2020 1483 oequore
2047 1401 2320 1465 Turnus

484 1504 615 1566 615
658 1502 963 1566 Palantes
995 1504 1287 1586 sequitur
1316 1522 1584 1584 paucos,
1608 1501 1746 1582 jam
1773 1502 2056 1583 segnior,
2087 1511 2284 1583 atque

658 1601 705 1664 J
706 1625 807 1664 am
834 1603 1043 1665 minus
1072 1613 1270 1685 atque
1296 1601 1507 1664 minus
1539 1620 1846 1663 successu
1875 1599 2066 1663 laetus
2093 1621 2428 1684 equorum.

656 1699 901 1765 Attulit
929 1700 1105 1764 hunc
1132 1701 1223 1764 illi
1251 1699 1441 1764 coecis
1469 1701 1830 1764 terroribus
1860 1720 2020 1762 aura

657 1800 1093 1863 Commixtum
1118 1799 1482 1873 clamorem,
1514 1809 1931 1881 arrectasque
1959 1799 2212 1882 impulit
2239 1821 2432 1864 aures

658 1899 966 1964 Consusae
998 1921 1195 1963 sonus
1224 1899 1407 1962 urbis
1436 1908 1504 1961 et
1531 1895 1854 1961 illaetabile
1883 1921 2195 1962 murmur.

486 2000 615 2062 620
661 1998 793 2062 Hei
820 1999 1011 2062 mihi!
1058 1999 1216 2082 quid
1248 2009 1429 2061 tanto
1457 1998 1807 2060 turbantur
1835 1999 2072 2062 moenia
2099 1997 2278 2062 luctu
2295 2003 2324 2061 ⁴?

660 2098 911 2170 Quisve
940 2099 1073 2160 ruit
1100 2109 1321 2161 tantus
1350 2098 1611 2160 diversa
1639 2096 1879 2160 clamor
1905 2100 1992 2161 ab
2021 2099 2230 2161 urbe?

658 2197 766 2261 Sic
797 2199 909 2274 ait,
938 2186 1369 2280 adductisque
1400 2219 1620 2260 amens
1653 2198 1948 2260 subsistit
1977 2197 2271 2262 habenis.

658 2296 881 2379 Atque
911 2295 1086 2372 huic,
1118 2298 1183 2358 in
1213 2295 1443 2360 faciem
1475 2318 1660 2359 soror
1687 2307 1763 2359 ut
1791 2317 2102 2360 conversa
2134 2299 2400 2362 Metisci

656 2394 950 2480 Aurigoe‚
982 2417 1371 2479 currumque
1398 2406 1467 2460 et
1494 2415 1700 2479 equos
1731 2407 1800 2460 et
1827 2393 1966 2460 lora
1995 2399 2290 2479 regebat,

484 2499 614 2561 625
658 2497 933 2561 Talibus
964 2498 1247 2561 occurrit
1274 2497 1500 2559 dictis:
1551 2495 1721 2571 Hac,
1753 2495 2004 2572 Turne,
2039 2517 2384 2580 sequamur

658 2597 1095 2681 Trojugenas,
1128 2619 1258 2680 qua
1290 2596 1494 2678 prima
1522 2595 1687 2657 viam
1716 2595 1985 2658 victoria
2011 2597 2276 2679 pandit3

660 2697 828 2761 Sunt
855 2697 985 2772 alii,
1016 2697 1129 2780 qui
1150 2707 1325 2760 tecta
1352 2715 1548 2758 manu
1576 2693 1931 2758 defendere
1965 2697 2234 2777 possint.

659 2797 915 2881 Ingruit
942 2795 1195 2861 AEneas
1225 2793 1431 2870 Italis,
1462 2803 1529 2856 et
1558 2793 1790 2876 proelia
1815 2795 2080 2872 miscet3

660 2895 755 2958 Et
780 2917 899 2958 nos
930 2917 1103 2957 saeva
1128 2915 1321 2956 manu
1348 2893 1676 2955 mittamus
1703 2893 1934 2957 funera
1962 2894 2260 2958 Teucris.

487 2996 617 3058 630
658 2993 805 3056 Nec
833 3013 1101 3055 numero
1128 2991 1416 3066 inferior,
1448 3009 1686 3075 pugnoe
1716 3013 1835 3055 nec
1865 2992 2112 3056 honore
2142 2995 2434 3058 recedes.

659 3090 926 3154 Turnus
957 3090 1040 3152 ad
1069 3089 1247 3152 hoec:

660 3189 725 3253 Ο
758 3210 960 3265 soror,
991 3199 1059 3252 et
1086 3188 1356 3264 dudum,
1388 3189 1643 3272 agnovi,
1675 3212 1874 3272 quum
1901 3193 2108 3273 prima
2135 3215 2255 3278 per
2283 3204 2486 3258 artem

658 3289 715 3352 F
715 3289 939 3353 oedera
966 3286 1266 3364 turbasti,
1298 3297 1494 3371 teque
1522 3289 1666 3352 haec
1697 3290 1762 3351 in
1791 3289 1961 3354 bella
1991 3293 2269 3388 dedisti3

534 3544 644 3593 611.
662 3543 842 3591 Pathos
850 3542 997 3590 habet
1004 3549 1239 3598 verms‚et
1248 3539 1608 3588 miserationem

488 3607 617 3656 facit.
670 3609 905 3654 Immundo
927 3603 1213 3668 simpliciter
1234 3612 1387 3660 ornat,
1406 3613 1463 3650 ut
1483 3604 1605 3651 Geo-

486 3669 519 3728 i,
546 3672 622 3717 81.
671 3670 867 3718 Scilicet
890 3667 1019 3716 κόνιν
1038 3665 1359 3716 αἰθαλόεσσαν
1378 3665 1604 3722 reddidit,

486 3749 595 3795 quoe
610 3749 709 3780 non
728 3733 870 3780 modo
886 3732 949 3779 de
964 3732 1127 3778 cinere
1144 3730 1237 3777 soci
1256 3730 1308 3776 in
1364 3729 1605 3792 ropinquo

484 3796 659 3844 stantis
683 3797 765 3858 (ut
786 3795 923 3842 Iliad.
944 3811 991 3851 σ,
1019 3797 1094 3850 23,
1116 3793 1177 3840 de
1196 3793 1338 3839 Achil
1360 3793 1428 3852 e),
1446 3793 1533 3840 sed
1558 3800 1608 3839 et

484 3859 545 3907 de
602 3860 768 3907 ulvere
789 3857 1001 3906 occurrit
1020 3856 1193 3919 Odyss.
1218 3873 1266 3913 ω,
1294 3857 1402 3902 815.

588 3923 660 3980 12,
693 3923 801 3968 613.
840 3921 911 3968 Hi
943 3918 1040 3967 duo
1071 3933 1238 3968 versus
1269 3918 1608 3967 desiderantur

484 3983 537 4032 iu
564 3985 705 4032 Rom.
734 3983 914 4031 Medic.
940 3990 991 4029 et
1011 3982 1119 4030 aliis
1142 3983 1359 4040 vetustis,
1384 3981 1606 4030 translati

485 4046 579 4094 huc
606 4063 671 4094 ex
697 4047 781 4095 lib.
812 4045 879 4102 xi,
910 4045 1023 4103 471,
1054 4045 1165 4103 472,
1196 4044 1362 4092 omissi
1394 4044 1542 4092 etiam
1576 4060 1606 4093 a

482 4109 838 4172 Cuninghamo,
866 4108 1130 4164 Brunckio,
1150 4108 1225 4155 ed.
1252 4108 1410 4155 Parm.

550 4171 821 4221 614—617.
880 4172 1227 4220 Revocsndum
1278 4171 1332 4218 in
1369 4170 1600 4228 animum,

486 4235 615 4293 quod
634 4235 857 4282 Turnum
880 4237 1093 4283 ,Iuturna
1116 4234 1177 4283 ad
1203 4243 1446 4283 extremos
1470 4234 1599 4284 ordi·

486 4307 573 4340 nes
605 4295 885 4354 deduxerat,
922 4311 1027 4359 sup.
1062 4299 1159 4344 488
1194 4313 1295 4360 sqq.
1336 4297 1515 4346 Tristis
1553 4307 1605 4345 et

486 4354 720 4403 sollicitus
758 4375 961 4406 successu
1002 4375 1225 4419 equorum,
1268 4377 1387 4421 quos
1416 4361 1601 4410 viribus

1674 3555 1730 3587 ac
1762 3553 1912 3588 cursu
1937 3541 2146 3590 deficere
2173 3542 2372 3590 tandem
2399 3543 2614 3592 videbat.
2663 3545 2810 3609 Ergo

1671 3619 1902 3651 successus
1930 3603 1977 3651 h.
2004 3605 2037 3652 l.
2071 3619 2168 3653 non
2200 3615 2276 3654 est
2303 3605 2524 3662 foi-mne,
2553 3607 2649 3654 sed
2717 3625 2802 3657 ro-

1670 3682 2674 3793 ff..23.?„2⁰:;¹.‘:;¹22q2q;²?;⁰‚.¹3;.32‡22.15
2689 3687 2806 3782 ⁰4³3:

1670 3793 1814 3841 detur
1829 3803 1973 3856 poeta
1987 3807 2154 3843 vocem
2175 3795 2538 3857 exquisitior-em
2555 3798 2620 3844 ad
2637 3796 2804 3860 signi-

1671 3855 1866 3904 ficatum
1919 3857 2083 3906 minus
2135 3855 2438 3920 frequentem
2501 3859 2806 3910 undantis-e.

1674 3921 1817 3968 θεοῖς
1826 3923 2088 3978 terroribus,
2098 3937 2303 3982 quorum
2311 3937 2506 3969 causam
2519 3923 2804 3984 ignorabu-

1735 3985 1844 4030 621.
1882 3986 2078 4031 Diversa
2100 3987 2159 4031 ab
2189 3989 2314 4041 urbe,
2342 3984 2396 4032 iu
2425 3985 2620 4032 diversa
2649 3997 2804 4048 purte

1667 4046 1760 4094 sita
1775 4065 1788 4092 ι
1824 4047 2007 4094 clamor
2026 4047 2158 4095 enim
2181 4047 2226 4095 ei
2249 4062 2279 4094 a
2299 4058 2436 4110 tergo
2457 4047 2626 4096 oritur.

1731 4109 1843 4166 629,
1863 4111 1972 4158 630.
2005 4113 2250 4158 Mittantur
2257 4109 2434 4172 funera
2446 4129 2465 4164 ,-
2487 4111 2608 4159 alias
2625 4109 2802 4172 adjec-

1669 4181 1786 4231 tum,
1812 4173 1935 4230 neci,
1960 4175 2116 4221 Orco:
2153 4182 2203 4222 et
2223 4173 2638 4236 mittamuaefinma
2667 4177 2802 4223 Teu-

1666 4239 1772 4293 cris,
1805 4251 1896 4300 pro
1927 4237 2228 4286 Teucrorum
2261 4239 2446 4294 funera,
2482 4239 2530 4285 h.
2565 4251 2802 4300 corpora

1669 4301 1869 4347 Numero
1889 4315 1955 4347 sc.
1981 4300 2220 4358 funerum,
2244 4303 2292 4348 h.
2315 4315 2562 4349 cnorum.

1729 4361 2001 4410 682-—684
2040 4365 2154 4412 Non
2171 4373 2246 4414 est
2265 4365 2438 4412 acerbe
2459 4380 2488 4412 a
2509 4373 2654 4426 poeta
2673 4366 2802 4412 exi-
