3050 4934
433 254 562 315 220

1316 249 1847 316 AENEIDOS

609 404 764 477 Quo
795 404 1093 486 primum,
1118 403 1350 488 jactati
1378 403 1571 466 undis
1594 415 1663 464 et
1692 402 1975 477 turbine,
2008 401 2199 464 Poeni

607 503 922 568 Effodere
952 503 1094 568 loco
1119 504 1396 588 signum,
1426 504 1605 586 quod
1635 503 1814 586 regia
1844 501 2023 566 Juno

605 603 1036 681 Monstrarat,
1059 616 1258 688 caput
1282 606 1449 670 acris
1479 604 1667 688 equi3
1716 603 1807 666 sie
1835 624 1984 666 nam
2012 601 2151 667 fore
2185 600 2353 668 bello

433 707 561 771 445
607 705 982 791 Egregiam,
1015 717 1084 770 et
1111 705 1363 770 facilem
1391 707 1567 769 victu
1594 726 1715 788 per
1744 703 1981 768 saecula
2009 714 2289 788 gentem.

607 805 737 871 Hic
770 805 1082 891 templum
1108 806 1354 870 Ju'noni
1383 808 1612 890 ingens
1646 805 1915 870 Sidonia
1946 805 2125 870 Dido

607 908 976 985 Condebat,
1007 908 1195 972 donis
1225 906 1606 992 opulentum
1632 916 1703 969 et
1731 907 1989 970 numine
2020 907 2219 982 divae3

607 1009 816 1074 AErea
844 1011 948 1074 cui
976 1009 1288 1093 gradibus
1321 1009 1679 1092 surgebant
1704 1007 1943 1084 limina,
1974 1029 2291 1091 nexaeque

605 1109 772 1174 AEre
803 1111 1021 1174 trabes
1047 1137 1063 1188 3
1109 1109 1358 1174 foribus
1389 1109 1605 1173 cardo·
1620 1109 1941 1173 stridebat
1968 1108 2215 1173 ahenis,

436 1211 566 1274 450
609 1210 760 1276 Hoc
792 1213 1066 1295 primum
1086 1211 1154 1274 in
1182 1208 1330 1275 luco
1357 1232 1522 1274 nova
1554 1231 1660 1274 res
1692 1209 1911 1274 oblata
1942 1211 2237 1274 timorem

615 1310 870 1389 Leniit;
913 1310 1020 1375 hic
1051 1311 1328 1395 primum
1352 1309 1607 1375 AEneas
1639 1331 1905 1395 sperare
1936 1309 2207 1375 salutem

619 1410 869 1488 Ausus,
900 1423 968 1475 et
997 1410 1250 1475 afflictis
1273 1411 1502 1476 melius
1534 1411 1864 1476 confidere
1894 1413 2119 1480 rebus.

606 1512 934 1596 Namque,
967 1514 1091 1577 sub
1117 1513 1363 1597 ingenti
1392 1511 1629 1576 lustrat
1657 1512 1815 1576 dum
1845 1511 2099 1596 singula
2128 1511 2389 1596 temp10,

615 1613 939 1698 Reginam
971 1615 1354 1698 opperiens;
1389 1614 1567 1688 dum,
1598 1635 1746 1697 quae
1777 1611 2038 1676 fortuna
2068 1613 2152 1676 sit
2176 1614 2346 1690 urbi,

437 1717 566 1780 455
609 1714 1086 1799 Artificumque
1115 1737 1340 1778 manus
1371 1715 1541 1779 inter
1568 1737 1639 1778 se
1670 1734 2068 1797 operumque
2098 1712 2384 1778 laborem

610 1815 930 1895 Miratur3
963 1817 1140 1880 videt
1170 1814 1398 1880 Iliacas
1429 1839 1512 1879 ex
1545 1815 1771 1879 ordine
1794 1836 2072 1899 pugnas,

610 1917 924 2002 Bellaque
947 1919 1082 2003 jam
1109 1917 1278 1982 fama
1307 1927 1514 1981 totum
1542 1915 1805 2002 vulgata
1833 1937 1953 1999 per
1982 1917 2228 1993 orbem,

439 2106 490 2153 in
523 2105 631 2152 loco
665 2121 761 2180 quo
789 2113 1072 2180 portentum
1102 2120 1156 2154 se
1186 2105 1428 2180 obtulerat
1457 2112 1557 2151 ter—

439 2185 543 2217 ram
601 2168 909 2226 fodientibus,
967 2178 1114 2232 eaput
1168 2183 1413 2230 equinum,
1467 2181 1560 2232 pro

439 2232 603 2280 omine
625 2249 708 2280 acc
775 2241 902 2280 tum..

503 2298 744 2345 443-44-
764 2332 775 2343 .
830 2300 1032 2359 Signum,
1078 2311 1221 2344 omen
1274 2295 1559 2358 intelligam.

442 2361 698 2410 Servatum
715 2361 830 2408 inde
843 2360 894 2408 in
909 2360 1070 2408 numis
1079 2359 1558 2422 Carthaginiensium

441 2429 544 2490 equi
563 2433 712 2486 caput.
772 2426 974 2472 Poetam
995 2435 1202 2488 agnosce
1224 2423 1277 2471 in
1299 2423 1406 2480 hoe,
1429 2423 1559 2485 quod

442 2504 540 2540 non
581 2489 866 2552 simpliciter
899 2489 1170 2545 inventum,
1205 2487 1293 2536 sed
1329 2505 1362 2535 a
1381 2489 1558 2535 Iunone

442 2562 750 2612 monstratam,
771 2555 1012 2615 objectum
1045 2552 1357 2608 fodientibus,
1375 2561 1555 2599 narrat.

444 2621 522 2665 Sic
543 2635 645 2666 nam
670 2618 784 2681 (per
803 2617 894 2666 hoc
924 2615 1127 2680 simun)
1159 2615 1553 2680 portendebatur,

1624 2103 1657 2150 d
1720 2103 2069 2150 rehenduntur.
2122 2101 2445 2152 ornatissime
2460 2111 2625 2152 autem
2636 2105 2741 2152 sin-

1761 2166 1950 2214 extulit.
2004 2170 2151 2214 AErea
2167 2170 2395 2230 gradibus
2414 2171 2665 2230 surgebant
2680 2171 2740 2216 ln·-

1624 2234 1763 2286 m'na.
1781 2231 1829 2278 h.
1850 2246 1892 2279 e.
1912 2231 2062 2278 limen
2082 2243 2187 2279 erat
2200 2247 2263 2280 ex
2278 2247 2401 2280 ποι
2426 2247 2513 2280 seu
2534 2241 2591 2280 ut
2607 2235 2743 2280 limen

1660 2311 1715 2342 ro
1733 2294 1917 2342 foribus
1933 2293 2118 2343 dictum
2130 2294 2233 2344 acci
2265 2295 2352 2354 ias,
2371 2311 2460 2344 seu
2477 2305 2531 2343 ut
2548 2296 2745 2360 proprie

1656 2358 1805 2407 ‘etum
1828 2358 1906 2416 sit,
1932 2357 1983 2406 id
2004 2359 2131 2420 quod
2152 2311 2306 2414 malb3
2343 2360 2457 2422 quia
2477 2359 2606 2407 fores
2630 2375 2744 2408 mox

1622 2432 1966 2471 memorantur.
2024 2427 2219 2486 Surgere
2252 2437 2351 2470 non
2374 2424 2519 2472 modo
2541 2423 2741 2472 aedifici-

1621 2503 1719 2543 um,
1744 2486 1830 2535 sed
1852 2494 1903 2534 et
1935 2485 2141 2549 singulae
2176 2496 2342 2552 partes
2376 2485 2606 2537 dieunmr
2634 2503 2745 2550 quae

1622 2550 1674 2598 in
1697 2566 1756 2598 eo
1777 2561 1906 2607 sunt,
1944 2550 2169 2614 inprimis
2208 2550 2353 2600 editae
2384 2562 2436 2600 et
2458 2551 2594 2600 altae=
2630 2567 2741 2600 sur-

1618 2624 1743 2678 gunt
1763 2614 1927 2677 itaque
1963 2613 2135 2662 limina
2166 2615 2411 2678 gradibus,
2434 2631 2523 2680 per
2546 2615 2743 2679 gradus,

441 2681 544 2729 fore
564 2681 742 2730 Poenos
757 2691 953 2744 gentem
969 2681 1247 2730 bellicosam
1267 2680 1351 2743 (ef.
1371 2679 1456 2728 inf.
1482 2679 1553 2736 iii,
1618 2677 1745 2726 flunt
1778 2678 2008 2741 subjectis
2044 2679 2274 2741 gradibus
2312 2695 2403 2743 per
2436 2695 2557 2743 quos
2591 2679 2655 2728 ad
2684 2695 2745 2729 ea

443 2745 538 2794 539
573 2759 642 2806 sq.
701 2747 904 2794 Facilem
933 2749 1070 2793 victa.
1119 2744 1304 2792 Multas
1335 2743 1555 2792 fidiculas
1618 2741 1943 2791 adscenditur.
2000 2743 2099 2791 Sed
2133 2743 2249 2806 quid
2283 2755 2361 2793 est
2390 2745 2595 2792 alterum
2618 2761 2745 2793 πετο

441 2809 822 2872 interpretandis
839 2809 916 2857 his
939 2809 1100 2858 verbis
1115 2808 1442 2858 adhibuerunt
1460 2807 1553 2855 viri
1618 2823 1709 2855 aere
1732 2811 1885 2855 trabes
1916 2811 2204 2870 surgebant?
2244 2809 2415 2858 Τναόεε
2443 2809 2575 2857 haud
2594 2807 2744 2858 dubie

441 2871 584 2920 docti.
643 2873 694 2921 Si
713 2871 1190 2936 Carthaginiensium
1205 2871 1456 2920 historiam
1479 2872 1557 2919 in-

441 2937 628 3002 spicere
663 2936 1014 2992 meminissent,
1039 2937 1090 2984 in
1129 2936 1296 2984 multis
1329 2937 1474 2997 hujus
1511 2945 1563 2984 et

441 3001 600 3063 quarti
620 3000 732 3049 libri
754 3001 874 3049 locis
891 3001 1052 3048 minus
1073 3001 1360 3048 turbassent.
1415 2999 1559 3048 Cele-

441 3067 578 3112 brata
599 3065 717 3112 satis
739 3065 870 3114 inter
884 3074 1072 3113 veteres
1089 3079 1170 3114 res
1191 3074 1279 3121 est,
1303 3064 1560 3127 Carthagi-

441 3129 636 3176 nienses
657 3128 762 3204 agri
783 3128 971 3177 colendi
995 3128 1374 3178 studiosissimos
1394 3128 1560 3185 fuisse,

443 3201 494 3240 et
515 3201 668 3240 totum
693 3191 834 3240 illum
856 3192 1036 3240 Africae
1069 3201 1278 3242 tractum
1311 3191 1562 3241 laetissimo

441 3255 572 3304 cultu
597 3271 800 3304 summae
818 3256 1082 3306 fertilitatis
1107 3255 1386 3305 effloruisse.
1457 3256 1559 3304 Ita-

441 3335 536 3382 que
578 3320 811 3384 praeclare
863 3320 924 3368 iis
975 3319 1283 3384 portenditur
1324 3329 1565 3384 perpetua

442 3383 600 3432 vietus
620 3383 781 3447 copim
818 3383 1044 3444 etfacilis
1073 3388 1198 3432 victu
1219 3395 1294 3432 est
1315 3385 1358 3432 is
1380 3384 1464 3446 qui
1485 3384 1558 3432 fa-

442 3449 586 3497 cilem
608 3457 657 3496 et
677 3457 902 3512 paratum
933 3449 1116 3498 victum
1141 3449 1314 3498 habet:
1350 3449 1559 3509 εὔπορος,

442 3511 960 3625 ἓῗχέἕὲῖἳωζῗξω
1015 3511 1094 3561 '⁶¹
1137 3512 1334 3575 sm*
1369 3509 1561 3576 f‘⁸⁰‘'¹“”

506 3641 616 3697 446,
642 3641 752 3691 447.
792 3643 1024 3703 Templum
1057 3645 1186 3690 donis
1223 3643 1480 3704 opulentum
1513 3648 1561 3687 st

441 3709 622 3752 *neemias
643 3707 773 3753 divae.
831 3707 966 3753 Dona
997 3705 1062 3752 de
1087 3705 1229 3762 vasis,
1253 3703 1557 3761 utensilibu&

441 3776 638 3832 totoque
673 3778 910 3833 apparatu
944 3783 1084 3817 sacro
1115 3769 1362 3831 intelligoz
1399 3784 1561 3816 numen

440 3833 627 3910 accipio
648 3832 708 3880 de
745 3833 1002 3881 simulacro
1036 3831 1142 3880 deae
1172 3847 1235 3880 ex
1263 3847 1382 3880 suro
1404 3831 1561 3880 aliave

441 3906 654 3961 pretiosa
676 3897 880 3945 materia
909 3897 1049 3954 facto,
1074 3896 1204 3958 quod
1223 3897 1282 3945 τὸ
1303 3897 1561 3958 opulentam

441 3961 688 4025 postulare
707 3961 912 4009 videtur.

505 4027 616 4082 448,
654 4027 764 4074 449.
814 4025 894 4073 Ad
936 4023 1243 4072 heroicorum
1289 4033 1561 4087 temporum

439 4086 1563 4214 fflssssffntffl‘zflazssaexfss.zss¹3}:3

441 4215 615 4279 Odyss.
641 4235 686 4276 η,
712 4217 774 4266 86
804 4232 906 4281 sqq.
959 4217 1210 4268 Homerus
1232 4215 1436 4263 eandem
1458 4215 1555 4263 ele-

439 4281 656 4344 gantiam
697 4280 760 4328 ad
798 4281 1001 4328 deorum
1049 4280 1234 4336 sedem,
1280 4279 1559 4344 Olympum,

437 4345 698 4394 transtulit.
755 4345 926 4392 Romae
943 4346 1053 4393 talis
1069 4343 1431 4408 magnificentia
1451 4353 1557 4392 erat
1618 4343 1835 4408 corporis
1890 4344 2125 4392 Hectorei
2176 4345 2439 4400 rodomum
2486 4347 2533 4404 6,

437 4410 678 4472 frequens,
702 4410 840 4470 cujus
857 4409 1013 4457 adhuc
1036 4409 1087 4456 in
1109 4409 1330 4457 Pantheo
1351 4408 1555 4471 vestigia

1624 2880 1739 2920 sunt
1758 2880 1949 2935 postem
1984 2888 2196 2934 mque
2218 2871 2481 2930 liminibus.
2506 2873 2747 2936 adjtmcoe

1626 2945 1677 2983 et
1713 2935 1954 2999 impositae
1990 2935 2149 2984 limini
2188 2940 2353 2995 trabes,
2385 2947 2565 3001 postes,
2582 2955 2742 3000 surge-

1628 3003 1751 3057 bant,
1770 3009 1910 3048 erant
1926 3015 2002 3058 ex,
2016 3017 2121 3048 ere.
2174 3000 2393 3050 Tandem
2402 3000 2589 3063 foribus
2606 3005 2746 3051 cardo

1625 3067 1852 3112 stridebat
1904 3067 2077 3120 ahenis,
2118 3065 2165 3112 h.
2209 3064 2337 3116 fores
2378 3075 2519 3114 erant
2560 3067 2743 3114 ahenae.

1625 3128 1771 3182 Quod
1790 3136 1951 3176 autem
1976 3129 2119 3176 toties
2140 3129 2394 3178 materiam
2414 3130 2607 3194 repetit,
2630 3129 2751 3178 facit

1630 3191 1837 3239 Homeri
1860 3192 2097 3256 exemplo.

1691 3257 1801 3303 452.
1858 3257 2057 3315 &ictis
2104 3259 2264 3305 melius
2320 3261 2539 3319 confidere
2577 3263 2713 3307 rebus
2726 3277 2745 3306 .-

1626 3335 1757 3394 nuno
1780 3319 1933 3382 magis
1956 3318 2182 3368 fiduciam
2218 3321 2397 3369 habere
2416 3323 2625 3370 fortunae
2642 3339 2745 3372 suoe

1624 3383 2426 3507 ⁰⁰²2?E‘E.‘¹515?am⁸⁹m3;222,
2446 3449 2493 3496 ι.
2512 3466 2553 3496 e.
2580 3465 2743 3513 open,

1626 3521 1676 3560 et
1696 3527 1875 3572 operum
1898 3512 2087 3567 labores,
2108 3526 2257 3586 opera
2284 3509 2463 3560 affiibre
2484 3513 2741 3563 elaborata.

1625 3577 1756 3624 Inter
1789 3591 1851 3632 se,
1890 3573 2007 3622 dum
2052 3575 2174 3623 varii
2216 3574 2411 3638 generis
2456 3585 2506 3624 et
2547 3577 2743 3626 artificii

1624 3653 1772 3703 opera
1790 3648 2049 3706 comparat.
2109 3637 2247 3688 Picta
2278 3649 2441 3688 autem
2472 3640 2527 3689 in
2554 3641 2745 3705 pariete

1624 3703 1773 3752 fixisse
1796 3719 1855 3751 ea
1874 3703 2093 3768 putanda
2104 3713 2233 3762 sunt,
2256 3719 2463 3766 quorum
2482 3719 2742 3770 argumen-

1626 3777 1729 3815 tum
1768 3783 1883 3816 mox
1918 3769 2194 3832 exponitur,
2237 3784 2351 3816 area
2398 3769 2653 3834 dispertita
2692 3769 2745 3819 in

1624 3831 1789 3895 plures
1810 3831 2010 3888 areolas,
2034 3847 2143 3894 quae
2160 3831 2365 3894 singulm
2384 3833 2578 3896 singula
2598 3849 2743 3897 argu-

1624 3907 1789 3943 menta
1806 3895 2074 3959 capiebant.
2133 3897 2589 3946 Commemorantur
2605 3914 2668 3947 ex
2684 3897 2746 3948 iis

1625 3967 1828 4034 septem,
1849 3959 2108 4008 observatu
2146 3959 2293 4008 etiam
2332 3962 2575 4024 pictorum
2602 3961 2655 4010 in

1626 4023 1723 4072 niis
1738 4023 1911 4086 digna:
1943 4024 1983 4082 1,
2002 4039 2171 4088 pugna
2184 4025 2506 4087 Trojanorum
2524 4037 2575 4075 et
2590 4029 2665 4075 Ac
2700 4027 2745 4076 i-

1628 4103 1813 4146 vorum,
1859 4087 2053 4136 fortuma
2095 4088 2257 4144 varia:
2306 4091 2350 4148 2,
2398 4089 2552 4140 Rhesi
2596 4100 2747 4140 noctu

1629 4149 1847 4216 oppressi
1892 4151 2075 4205 caedes:
2124 4155 2169 4210 3,
2207 4153 2402 4202 Troilus
2440 4153 2660 4218 fugiensg
2694 4159 2743 4214 4,

1627 4225 1957 4264 matronarum
1986 4217 2304 4279 Trojsnarum
2324 4234 2516 4283 pompa
2542 4219 2745 4282 peplum

1626 4279 1679 4327 in
1724 4279 1936 4328 Palladis
1976 4281 2211 4344 templum
2254 4281 2636 4345 deportantium3
2696 4285 2743 4342 5,

2614 4361 2745 4410 ugna

1622 4408 1929 4462 Memnonisz
1954 4408 1999 4465 7,
2026 4424 2191 4472 pugna
2204 4409 2503 4459 Amazonum
2616 4411 2739 4460 Tro·
