3050 4934
484 251 617 314 480

1387 251 1918 315 AENEIDOS

662 401 933 465 Alcides
962 401 1213 477 aderat,
1244 413 1602 486 taurosque
1629 401 1754 464 hac
1781 402 1992 464 victor
2019 399 2260 482 agebat

661 501 1007 586 Ingentes;
1050 502 1411 587 vallemque
1440 505 1646 566 boves
1675 521 2060 584 amnemque
2089 499 2424 562 tenebant.

486 603 619 666 205
662 602 761 666 At
788 601 971 666 furiis
1002 602 1159 667 Caci
1184 625 1368 667 mens
1398 603 1626 679 effera,
1655 625 1738 666 ne
1765 601 1928 685 quid
1955 602 2254 664 inausum

661 702 805 766 Aut
831 704 1247 768 intractatum
1278 691 1623 768 scelerisve
1651 703 1866 767 dolive
1893 703 2150 777 fuisset,

662 803 971 877 Quatuor
998 827 1039 868 a
1068 804 1341 868 stabulis
1372 807 1713 889 praestanti
1741 825 2018 888 corpore
2048 815 2274 865 tauros

663 903 947 982 Avertit,
978 905 1251 969 totidem
1280 906 1487 970 forma
1518 916 1870 990 superante
1891 905 2232 989 juvencas·

661 1004 887 1089 Atque
915 1006 1061 1083 hos,
1092 1029 1175 1070 ne
1206 1029 1337 1091 qua
1362 1007 1582 1071 forent
1611 1007 1892 1091 pedibus
1923 1005 2196 1087 vestigia
2222 1004 2444 1078 rectis,

490 1106 623 1172 210
664 1105 895 1170 Cauda
922 1109 989 1170 in
1020 1107 1395 1192 speluncam
1422 1119 1691 1184 tractos,
1720 1107 2058 1190 versisque
2085 1107 2334 1168 viarum

664 1209 927 1274 Iudiciis
960 1221 1207 1294 raptos,
1242 1233 1403 1274 saxo
1432 1210 1802 1275 occultabat
1831 1231 2062 1294 opaco.

665 1311 1008 1382 Quaerenti
1036 1311 1213 1375 nulla
1242 1313 1327 1375 ad
1358 1311 1734 1397 speluncam
1763 1313 1950 1396 signa
1977 1309 2298 1375 ferebant.

665 1411 948 1489 Interea,
978 1435 1179 1496 quum
1198 1415 1337 1498 jam
1366 1413 1640 1478 stabulis
1671 1424 1964 1476 saturata
1991 1422 2284 1476 moveret

663 1510 1285 1598 Amphitryoniades
1312 1526 1626 1590 armenta,
1657 1516 2032 1598 abitumque
2061 1527 2348 1596 pararet,

492 1615 624 1678 215
668 1614 989 1680 Discessu
1018 1617 1267 1699 mugire
1298 1617 1523 1692 boves,
1557 1627 1756 1699 atque
1787 1636 1976 1679 omne
2003 1612 2288 1698 querelis

663 1714 929 1800 Impleri
958 1738 1207 1793 nemus,
1237 1729 1307 1782 et
1334 1717 1532 1782 colles
1562 1717 1842 1781 clamore
1870 1715 2172 1799 relinqui.

666 1817 989 1882 Reddidit
1014 1839 1147 1881 una
1174 1819 1375 1883 boum
1404 1840 1650 1895 vocem,
1683 1829 1998 1900 vastoque
2031 1816 2156 1879 sub
2185 1825 2378 1878 antro

664 1916 931 2001 Mugiit,
962 1929 1031 1982 et
1058 1917 1213 1982 Caci
1246 1941 1427 2004 spem
1457 1919 1787 1984 custodita
1815 1916 2066 1982 fefellit.

666 2017 796 2082 Hic
827 2041 983 2082 vero
1012 2018 1269 2083 Alcidae
1294 2019 1481 2084 furiis
1512 2030 1851 2084 exarserat
1879 2029 2026 2082 atro

490 2118 623 2182 220
664 2117 843 2182 Felle
873 2117 1095 2182 dolor:
1142 2121 1315 2203 rapit
1344 2143 1521 2184 arma
1551 2143 1745 2185 manu
1774 2120 2094 2202 nodisque
2121 2127 2462 2201 gravatum

662 2219 939 2297 Robur3
986 2231 1057 2283 et
1085 2220 1337 2284 aetherii
1364 2243 1564 2287 cursu
1593 2223 1760 2307 petit
1791 2221 2000 2284 ardua
2027 2221 2287 2283 montis.

664 2320 841 2384 Tum
869 2321 1145 2404 primmn
1174 2325 1381 2386 nostri
1412 2323 1656 2387 Cacum
1684 2323 1906 2386 videre
1941 2323 2272 2385 timentem

664 2422 1161 2505 Turbatumque
1194 2421 1417 2486 oeulis,
1496 2423 1695 2508 Fugit
1722 2422 1896 2487 ilicet
1926 2423 2104 2487 ocior
2133 2421 2344 2497 Euro,

666 2521 1189 2607 Speiuncamque
1218 2526 1417 2608 petit;
1466 2525 1747 2608 pedibus
1777 2525 1968 2587 timor
1999 2523 2254 2587 addidit
2281 2521 2437 2585 alas.

489 2627 622 2690 225
667 2624 763 2690 Ut
794 2647 938 2689 sese
968 2624 1251 2702 inclusit,
1283 2628 1626 2711 ruptisque
1656 2627 1930 2690 immane
1957 2625 2204 2689 catenis

664 2727 928 2812 Dejecit
959 2749 1210 2802 saxum,
1243 2726 1419 2791 ferro
1448 2729 1626 2811 quod
1660 2738 1727 2792 et
1756 2737 1896 2790 arte
1926 2736 2202 2810 paterna

665 2828 1030 2904 Pendebat,
1062 2827 1391 2912 fultosque
1420 2829 1687 2892 emuniit
1717 2829 1927 2913 objice
1959 2835 2222 2910 postes:

667 2929 844 2992 Ecce
874 2926 1097 2992 furens
1129 2930 1354 2992 animis
1385 2931 1614 2994 aderat
1643 2929 2029 3012 Tirynthius
2059 2954 2098 3005 3·
2123 2925 2504 3011 omnemque

664 3030 1028 3095 Accessum
1055 3029 1339 3094 lustrans
1368 3031 1499 3095 huc
1533 3055 1647 3095 ora
1677 3030 1930 3094 ferebat
1959 3041 2026 3094 et
2055 3027 2228 3108 illuc,
2333 3093 2346 3100 ,

491 3131 623 3196 230
668 3130 999 3194 Dentibus
1030 3129 1427 3195 infrendens.
1506 3133 1648 3196 Ter
1677 3143 1886 3196 totum
1915 3131 2205 3195 fervidus
2235 3131 2334 3194 ira

668 3231 943 3296 Lustrat
974 3227 1282 3296 Aventini
1310 3245 1630 3312 montem3
1677 3245 1779 3298 ter
1812 3257 2010 3298 saxea
2037 3243 2248 3297 tentat

560 3455 832 3502 206—208.
872 3455 1175 3500 Into-actatum
1205 3469 1297 3518 pro
1323 3453 1509 3516 vulgari
1540 3453 1616 3502 in-

500 3527 767 3574 tentatum3
804 3532 917 3566 nam
942 3520 1167 3580 junctum
1195 3518 1263 3578 τῷ
1286 3521 1505 3565 inausum.
1574 3522 1621 3567 A

492 3585 690 3632 stabulis
716 3591 894 3641 autem,
920 3598 949 3630 a
976 3582 1184 3646 pascuis,
1218 3582 1269 3630 in
1301 3583 1475 3644 quibus
1504 3599 1617 3646 pro-

492 3649 777 3696 cubuerant.
836 3651 1034 3705 Avertt't‚
1054 3647 1219 3710 abigit,
1244 3657 1299 3694 ut
1319 3647 1351 3704 i,
1378 3648 1488 3705 628,
1508 3664 1620 3709 rap-

496 3720 569 3760 tas
592 3715 655 3760 ad
673 3715 832 3759 littora
854 3719 1028 3759 vertere
1046 3715 1246 3772 praedas.

560 3778 668 3832 209,
690 3778 800 3823 210.
840 3777 951 3824 Hoc
974 3792 1003 3822 a
1028 3775 1263 3824 Mercurii
1282 3775 1426 3824 furtis
1444 3776 1614 3824 adum-

492 3841 699 3888 bratum.
755 3843 895 3888 Versa
918 3843 1095 3888 viarum
1117 3843 1305 3897 indicia,
1329 3849 1445 3888 sunt
1468 3839 1614 3888 vesti-

492 3904 575 3968 gia
596 3904 791 3970 pedum.

558 3971 665 4018 216.
699 3969 966 4018 Herculem
984 3984 1097 4016 cum
1116 3967 1348 4016 armentis
1364 3977 1483 4038 puta
1500 3984 1616 4032 pro-

491 4049 713 4098 gressum
730 4037 831 4096 jam
856 4035 917 4082 ab
942 4033 1095 4081 altera
1124 4033 1304 4080 montis
1333 4043 1472 4096 parte
1502 4048 1614 4096 pro-

492 4099 709 4147 cessisse.
770 4100 916 4146 C'olles
946 4100 1137 4145 clamore
1160 4100 1372 4159 relinqui,
1395 4097 1443 4145 h.
1464 4113 1493 4145 a
1524 4098 1614 4144 bu·-

492 4163 610 4218 bus3
646 4163 863 4226 superari
896 4163 1041 4210 boum
1074 4161 1284 4210 clamore
1316 4170 1365 4209 et
1396 4162 1613 4224 mugitu:

492 4237 549 4274 ut
575 4226 702 4275 ultra
732 4227 879 4275 colles
946 4227 1197 4276 rocederet
1227 4225 1422 4274 auditus
1456 4226 1613 4289 mugi-

495 4298 587 4348 tus,
612 4301 661 4338 et
684 4307 837 4354 usque
942 4291 1059 4339 Caci
1083 4291 1365 4356 speluncam
1386 4291 1613 4355 perveni·

492 4363 582 4402 ret.
627 4355 704 4402 Ita
720 4355 902 4418 passim
922 4357 1216 4418 relinquimus
1234 4370 1343 4404 eum
1366 4371 1509 4418 quem
1533 4371 1614 4404 su-

492 4431 733 4481 peramus,
758 4419 981 4483 inprimis
1002 4433 1175 4475 curem
1198 4428 1247 4468 et
1266 4423 1363 4468 loca
1392 4423 1614 4482 relinqui-

1684 3471 1783 3501 mm
1809 3469 1900 3518 per
1928 3467 2036 3516 quae
2068 3451 2346 3510 nausimus,
2379 3450 2597 3514 adeoque
2629 3451 2814 3500 clamor

1683 3517 1919 3580 relinquit
1975 3526 2168 3565 montes
2233 3531 2354 3578 quos
2417 3527 2630 3580 superat,
2682 3515 2816 3564 ultra

1685 3599 1807 3645 quos
1827 3581 2035 3630 auditur.
2094 3580 2254 3630 Obvia
2271 3579 2440 3643 magis,
2460 3581 2624 3629 ten'uis
2647 3591 2816 3628 tamen

1688 3656 1818 3695 esset
1837 3646 2007 3703 oratio,
2031 3646 2074 3694 si
2104 3646 2364 3710 acciperes,
2383 3647 2520 3693 colles
2553 3647 2756 3707 relinqu·
2785 3659 2816 3692 a

1681 3713 1840 3760 bubus
1856 3710 2218 3760 discedentibus
2240 3727 2338 3757 eum
2361 3712 2568 3757 clamore.

1749 3778 1858 3833 219,
1886 3777 1994 3822 220.
2034 3777 2206 3832 Furiis,
2263 3789 2318 3822 er
2339 3773 2502 3830 furias,
2525 3773 2666 3822 iram.
2709 3776 2814 3822 Ar-

1684 3858 1758 3888 ma
1778 3849 1893 3889 sunt
1915 3841 1930 3888 i
1969 3857 2023 3888 sa
2045 3838 2194 3896 clava,
2253 3853 2282 3886 e
2303 3853 2400 3901 qua
2419 3837 2505 3885 inf.

1751 3906 1859 3960 226,
1883 3907 1944 3951 22
1979 3939 1990 3951 .
2027 3906 2172 3951 Ferro
2189 3911 2236 3951 et
2261 3911 2362 3951 arte
2387 3911 2598 3964 paterna,
2623 3902 2818 3950 catenis

1685 3967 1854 4017 ferreis
1869 3985 1898 4016 a
1909 3969 2130 4016 Vulcano
2139 3967 2396 4016 elaboratis
2404 3981 2696 4030 suspensum
2705 3975 2824 4014 erat

1683 4049 1868 4090 saxum,
1894 4032 2024 4094 quod
2044 4032 2242 4080 demisit
2263 4042 2312 4080 et
2333 4031 2518 4080 aditum
2549 4031 2816 4078 obstruxit.

1683 4099 1844 4146 Postea
1861 4096 2014 4158 fultos
2043 4100 2248 4152 emuniit,
2283 4104 2453 4144 ornate
2495 4111 2588 4159 pro
2631 4093 2822 4143 muniit

1681 4161 1824 4220 fores,
1849 4163 2008 4224 objice,
2037 4176 2157 4209 saxo
2186 4160 2272 4209 illo
2301 4161 2492 4222 objecto
2518 4175 2610 4224 pro
2636 4159 2816 4214 obiam

1715 4227 1809 4275 uod
1832 4226 1960 4274 idem
1987 4243 2029 4274 v.
2057 4227 2166 4284 231,
2192 4242 2332 4273 saxea
2365 4229 2539 4272 limina.
2595 4224 2820 4272 Catenae

1701 4307 1876 4350 erreas,
1901 4293 1963 4338 ab
1983 4305 2075 4339 usu
2095 4290 2238 4338 istius
2264 4289 2429 4338 saeculi
2461 4288 2660 4344 alienas,
2681 4289 2820 4336 bene

1683 4355 1974 4430 temperavit
2009 4365 2152 4419 poeta
2203 4354 2390 4417 adjecta
2437 4353 2556 4402 artis
2595 4351 2816 4402 Vulcani

1682 4431 2046 4469 memoratione.
