3050 4934
1251 243 1595 309 LIBER
1642 246 1741 311 11.

2518 252 2649 314 267

505 385 624 451 Illa
655 389 778 453 sibi
807 391 1076 457 infestos
1108 415 1336 459 eversa
1363 396 1450 460 ob
1483 394 1803 480 Pergama
1832 396 2153 479 TeucroS,

501 486 594 552 Et
624 512 855 573 poenas
889 490 1213 573 Danaum,
1246 509 1314 560 et
1344 498 1587 561 deserti
1617 499 1911 582 conjugis
1944 501 2072 565 iras

500 588 968 671 Praemetuens,
1001 595 1226 680 Trojae
1255 609 1324 661 et
1351 600 1582 682 patriae
1610 602 1961 665 communis
1993 601 2301 688 Erinnys,

499 687 870 758 Abdiderat
899 716 1068 773 sese,
1101 706 1298 781 atque
1327 699 1454 762 aris
1485 701 1693 763 invisa
1720 702 2015 767 sedebat.

321 789 456 853 575
500 790 832 860 Exarsere
861 798 1046 881 ignes
1076 800 1323 877 anim03
1369 801 1547 865 subit
1574 802 1672 864 ira
1700 803 2039 867 cadentem

502 892 745 961 Ulcisci
776 900 1072 981 patriam,
1103 911 1174 964 et
1201 900 1550 965 sceleratas
1584 925 1836 966 sumere
1866 926 2118 987 poenaS.

498 994 758 1061 Scilicet
789 999 931 1063 haec
962 1000 1266 1085 Spartam
1297 1002 1629 1065 incolumis
1660 1005 2033 1087 patriasque
2066 1004 2381 1087 Mycenas

495 1094 863 1181 Adspiciet,
893 1112 1214 1185 partoque
1243 1103 1364 1165 ibit
1394 1104 1619 1185 regina
1646 1102 2019 1187 triumpho?

495 1196 1038 1283 conjugiumque,
1069 1203 1484 1286 domumque,
1515 1214 1763 1286 patres,
1794 1215 2111 1288 natosque
2142 1206 2410 1284 videbit,

313 1295 452 1357 580
495 1294 770 1359 Iliadum
801 1302 996 1362 turba
1023 1312 1092 1363 et
1123 1301 1428 1385 Phrygiis
1459 1305 1763 1367 comitata
1792 1306 2143 1370 ministris?

493 1394 830 1461 Occiderit
856 1398 1030 1463 ferro
1062 1399 1402 1465 Priamus?
1449 1402 1659 1486 Troja
1686 1405 1917 1467 arserit
1946 1406 2123 1488 igni?

491 1496 900 1564 Dardanium
929 1502 1123 1565 toties
1157 1502 1406 1567 sudarit
1433 1506 1749 1589 sanguine
1778 1503 2003 1569 littus?

488 1598 646 1663 Non
676 1602 786 1663 ita.
862 1600 1190 1686 Namque,
1221 1604 1346 1667 etsi
1373 1604 1619 1668 nullum
1648 1604 2059 1671 memorabile
2090 1630 2325 1675 nomen
2412 1672 2418 1677 .

487 1698 794 1765 Feminea
821 1704 888 1766 in
917 1726 1114 1787 poena
1143 1715 1267 1781 est,
1299 1727 1420 1769 nec
1447 1705 1651 1769 habet
1680 1707 1945 1771 victoria
1976 1705 2235 1773 laudem
2260 1738 2277 1786 ς

308 1802 446 1865 585
490 1800 872 1869 Extinxisse
903 1804 1086 1868 nefas
1118 1816 1356 1883 tamen,
1385 1818 1454 1870 et
1481 1808 1787 1871 sumsisse
1816 1809 2121 1872 merentis

491 1902 847 1970 Laudabor
875 1928 1142 1989 poenas;
1187 1908 1597 1991 animumque
1628 1908 1931 1992 explesse
1953 1909 2243 1993 juvabit.

489 2003 756 2070 Ultricis
785 2007 1080 2101 flammae,
1111 2018 1181 2071 et
1208 2010 1458 2073 cineres
1487 2008 1763 2073 satiasse
1792 2031 2102 2074 meorum.

484 2105 676 2170 Talia
696 2108 1046 2191 jactabam,
1078 2119 1145 2172 et
1175 2108 1412 2172 fiiriata
1439 2121 1658 2174 mente
1687 2109 1945 2176 ferebar
1969 2109 2017 2193 ;]

485 2206 708 2279 Quum
737 2208 891 2272 mihi
923 2232 1018 2286 se,
1049 2230 1178 2274 non
1209 2221 1360 2275 ante
1393 2210 1593 2275 oculis
1626 2222 1757 2275 tam
1788 2210 1985 2284 clara,
2022 2213 2365 2279 videndam

303 2308 444 2371 590
485 2308 766 2386 Obtulit,
799 2320 868 2373 et
893 2332 1061 2393 pura
1090 2332 1210 2394 per
1237 2322 1494 2375 noctem
1523 2312 1591 2374 in
1618 2310 1763 2375 luce
1794 2310 2047 2376 refulsit

481 2408 676 2473 Alma
705 2432 964 2494 patene,
995 2410 1295 2476 confessa
1324 2412 1537 2489 deam,
1570 2412 1905 2496 qualisque
1935 2414 2139 2477 videri

481 2509 806 2577 Coelicolis
835 2523 904 2576 et
933 2523 1178 2596 quanta
1205 2512 1409 2590 solet3
1456 2514 1821 2597 dextraque
1852 2512 2247 2598 prehensum

481 2611 838 2691 Continuit,
869 2636 1191 2698 roseoque
1221 2614 1364 2678 haec
1394 2616 1664 2699 insuper
1694 2614 1949 2678 addidit
1977 2636 2125 2679 ore:

481 2714 681 2791 Nate,
712 2716 856 2798 quis
889 2716 1232 2779 indomitas
1263 2726 1482 2779 tantus
1512 2715 1700 2780 dolor
1729 2717 1972 2781 excitat
2000 2717 2175 2781 iras?

300 2816 436 2881 595
481 2815 660 2888 Quid
690 2816 898 2880 furis?
944 2827 1057 2881 aut
1083 2839 1365 2901 quonam
1394 2818 1601 2881 nostri
1629 2817 1746 2880 tibi
1776 2838 1933 2881 cura
1962 2817 2273 2883 recessit?

477 2916 633 2983 Non
663 2920 846 3003 prius
877 2920 1222 3003 adspicieS,
1253 2920 1367 2983 ubi
1395 2918 1639 2984 fessum
1668 2928 1860 2983 aetate
1892 2927 2227 3007 parentem

363 3124 476 3175 5⁷4.
511 3126 684 3183 Invisa,
710 3124 886 3173 abdita.
946 3124 1026 3174 Sic
1051 3124 1238 3179 melius,
1260 3134 1392 3187 puto.

365 3188 477 3247 67³,
503 3190 611 3240 576.
650 3190 916 3251 Sequentia
940 3204 1002 3238 ex
1035 3188 1316 3253 Euripideis
1339 3202 1424 3235 ex-

295 3268 472 3317 pressa
501 3253 554 3301 in
589 3254 764 3301 Oreste
789 3269 833 3302 v.
874 3255 998 3301 1132
1031 3268 1130 3314 sqq.

296 3320 434 3381 ignes
448 3322 610 3375 animo,
624 3334 712 3382 pro
721 3316 922 3380 vulgari,
935 3316 1125 3363 animus
1139 3315 1210 3363 ire
1229 3316 1423 3363 exarsit.

295 3384 437 3429 Subit
471 3386 560 3439 ira,
595 3383 640 3429 h.
667 3398 708 3429 e.
739 3380 949 3443 impetus
985 3395 1048 3427 ex
1075 3379 1160 3437 ira,
1193 3389 1248 3427 ut
1273 3380 1419 3429 ulcis-

291 3462 436 3495 cerer
457 3446 700 3495 excidium
721 3444 906 3508 patriae.
973 3446 1229 3491 Sceleratus
1243 3460 1420 3505 ρωποι,

413 3510 462 3557 lo
484 3508 785 3564 insolentius,
821 3524 924 3572 pro,
945 3522 1116 3571 poenas
1138 3523 1168 3555 a
1189 3508 1424 3556 scelerata

313 3574 478 3623 emina
489 3582 698 3629 sumtum
725 3572 802 3620 vel
823 3572 1011 3630 melius,
1025 3587 1196 3636 poenas
1209 3572 1420 3620 sceleris.

359 3640 471 3696 5⁷9,
497 3640 606 3686 68⁰.
646 3637 930 3699 Gonjugiun,
965 3639 1220 3698 conjug-em
1253 3635 1419 3700 pristi-

291 3718 428 3752 num.
494 3704 679 3759 Patres,
703 3710 946 3765 parentes.
1015 3701 1237 3763 Phrygiis
1261 3704 1418 3748 minis-

291 3772 396 3825 tris,
419 3764 646 3828 ijanis
669 3765 875 3829 captivis
895 3764 968 3812 illi
987 3764 1039 3812 in
1059 3762 1312 3812 servitium
1335 3763 1418 3811 ad-

297 3831 457 3879 dictis.

357 3897 468 3943 582.
505 3897 699 3943 sudarit
717 3897 951 3955 sanguine,
971 3891 1307 3949 madefactum,
1327 3890 1417 3938 hu—

287 3969 568 4007 mectatum.
607 3958 688 4006 Ex
702 3958 945 4014 Enniano,
987 3958 1131 4005 Terra
1152 3958 1292 4004 sudat
1309 3972 1417 4003 san-

325 4040 442 4072 ncne.

285 4042 324 4087 ε
357 4088 632 4137 §ss—587.
669 4088 774 4135 Non
816 4090 898 4144 ita,
942 4086 997 4134 οὗ
1039 4087 1172 4142 δῆν-α.
1241 4083 1418 4146 Vulgo,

1491 3126 1739 3172 sceleratas
1760 3142 1935 3187 poerm.
2004 3126 2271 3175 Enimvero
2309 3128 2421 3179 vide
2453 3146 2619 3182 annon

1493 3188 1635 3236 malis
1662 3206 1823 3250 ρωποι
1860 3194 2071 3239 sunnine
2113 3196 2326 3241 merentis
2356 3195 2615 3259 exquisite,
2656 3206 2669 3227 “

1199 3254 1428 3300 Exarsere
1492 3268 1583 3315 pro
1596 3270 1627 3299 a
1642 3261 1850 3301 merente.
1907 3256 2207 3317 Animumque
2221 3260 2616 3322 expleuejuvabn't

1501 3318 1696 3364 Ultrices
1706 3320 1917 3377 flamm.
1986 3318 2190 3367 Dux-iter
2216 3320 2401 3369 dictum
2424 3324 2619 3373 videtur

1488 3379 1551 3427 de
1572 3380 1839 3429 ulciscendi
1860 3381 2045 3439 ardore,
2074 3383 2177 3432 sive
2204 3386 2383 3447 jung-as
2416 3392 2617 3437 anima-’⁸

1488 3447 1671 3491 ultricis
1682 3446 1879 3504 flammae
1896 3460 1999 3509 pro,
2018 3446 2261 3495 flammam
2278 3449 2445 3505 animi,
2464 3450 2611 3499 ulcis-

1487 3506 1631 3556 cendi
1675 3508 2018 3572 cupiditatem
2066 3510 2185 3565 sive,
2228 3511 2357 3571 quod
2398 3522 2613 3574 μεσταὶ,

1487 3575 1687 3619 animum
1707 3576 2113 3633 eapoeueflmma
2130 3574 2327 3630 nuncia,
2346 3572 2393 3621 h.
2410 3590 2452 3621 e.
2474 3575 2611 3625 flam-

1488 3650 1568 3684 ma
1589 3650 1628 3683 s.
1652 3636 1725 3682 ira
1748 3636 1935 3691 ultrice,
1959 3636 2007 3681 h.
2032 3650 2073 3683 e.
2100 3634 2300 3683 ultione.

1554 3700 1823 3747 589—593.
1849 3698 2035 3746 -AEneae
2057 3697 2230 3747 Venus
2251 3700 2493 3763 apparuit,
2516 3718 2617 3753 non

1488 3764 1619 3838 nube
1638 3761 1858 3837 obducta,
1871 3772 1967 3837 ’aut
1986 3762 2083 3810 alia
2104 3762 2261 3837 §orma
2281 3773 2510 3839 assumta,
2530 3766 2619 3815 sed

1485 3826 1965 3949 mmanulauggn?
1973 3893 1994 3939 l
2002 3826 2256 3954 Θὲωῦιὲἒῗο
2266 3828 2619 3943 tssffieiiiemrg

1486 3954 1667 4004 Achilli
1692 3954 1783 4003 soli
1805 3954 1858 4003 in
1890 3964 2206 4020 conspectum
2232 3955 2383 4013 venit,
2408 3971 2615 4019 eumque

1485 4019 1645 4068 abira
1676 4030 1727 4067 et
1760 4019 1949 4083 impetu
1982 4027 2192 4068 revocat.
2261 4020 2343 4067 Ad
2366 4020 2477 4076 692,
2502 4022 2615 4079 598,

1485 4084 1545 4132 cf.
1570 4083 1751 4132 ibidem
1769 4100 1811 4131 v.
1834 4084 1942 4131 361.
1997 4084 2121 4131 Erat
2140 4091 2303 4131 autem
2322 4083 2365 4131 is
2384 4084 2617 4147 temporis

285 4152 414 4201 absit
437 4153 556 4200 hoc!
593 4168 626 4200 n
689 4166 910 4213 usquam.
977 4152 1170 4199 Nullum
1199 4164 1414 4197 memora-
1482 4162 1744 4210 rerumque
1776 4146 2025 4204 articulus,
2050 4146 2135 4209 qui
2166 4146 2271 4195 deae
2306 4146 2617 4213 presentiam

288 4220 634 4273 &lemn

755 4216 921 4279 gloria.
995 4217 1162 4263 Tamen
1196 4214 1419 4260 mator
1481 4212 1766 4276 postularet,
1791 4220 1841 4258 et
1857 4210 2068 4273 quidem,
2094 4220 2150 4259 ut
2166 4218 2303 4259 tanto
2324 4214 2477 4286 major
2498 4228 2615 4262 con·

1486 4339 1563 4388 cie
1584 4339 1898 4388 ocem-remis.

285 4282 416 4394 aeumod
459 4280 771 4329 extinxerim.
829 4278 990 4342 Nesos,
1026 4280 1072 4326 h.
1117 4292 1158 4325 e.
1184 4276 1416 4325 nefariam
1483 4276 1703 4324 siliorum
1724 4274 1987 4323 auctoritas
2018 4282 2161 4333 esset,
2184 4274 2295 4339 ipsa
2314 4274 2483 4325 divina
2503 4292 2615 4343 spe.

387 4346 520 4395 inam
564 4345 824 4395 Helenam.
909 4346 1135 4393 Merene-‘s
1183 4340 1420 4390 Heinsius

287 4410 464 4474 accipit
509 4424 600 4475 pro
631 4416 866 4467 mermes,
901 4421 1202 4471 comparans,
1236 4422 1282 4453 v.
1307 4404 1418 4461 5⁷6,

1552 4404 1663 4459 595,
1690 4403 1797 4451 596.
1835 4405 2001 4452 Num·
2022 4420 2135 4453 euro
2167 4403 2327 4469 pietas
2348 4420 2456 4454 esse
2478 4405 2613 4457 vido-
