3050 4934
480 261 608 353 572

1370 255 1899 322 AENEIDOS

657 407 970 473 Exsultat
999 409 1302 472 demens:
1353 429 1543 470 saevae
1558 407 1825 491 jamque
1856 404 2048 469 altius
2078 407 2195 468 iroe

658 510 999 574 Dardanio
1031 519 1309 592 surgunt
1337 508 1617 583 ductori,
1648 516 2071 589 extremaque
2104 505 2329 570 Lauso

485 611 614 675 815
659 611 888 675 Parcae
917 610 1028 675 fila
1055 610 1317 693 legunt3
1365 608 1649 672 validum
1674 629 1953 692 namque
1982 607 2187 690 exigit
2216 627 2439 671 ensem

671 711 805 778 Per
833 713 1116 776 medium
1147 709 1398 774 AEneas
1421 711 1750 792 juvenem,
1781 719 2119 791 totumque
2149 707 2467 772 recondit.

658 812 952 877 Transiit
981 823 1048 876 et
1074 833 1364 897 parmam
1392 831 1639 885 mucro,
1672 808 1835 872 levia
1864 829 2041 872 arma
2070 809 2357 883 minacis,

663 915 756 978 Et
787 915 1089 990 tunicam,
1119 910 1293 976 molli
1317 921 1522 974 mater
1552 931 1747 993 quam
1775 919 2041 973 neverat
2070 929 2267 983 auro;

663 1013 1090 1100 Implevitque
1123 1015 1330 1077 sinum
1361 1012 1657 1095 sanguis:

1706 1021 1843 1072 tum
1870 1011 2003 1072 vita
2032 1031 2151 1093 per
2181 1031 2373 1072 auras

491 1117 620 1180 820
665 1115 1006 1180 Concessit
1033 1123 1268 1178 moesta
1297 1112 1382 1176 ad
1414 1112 1674 1186 ManeS,
1707 1132 2075 1194 corpusque
2106 1109 2385 1193 reliquit.
2428 1183 2449 1200 .

666 1215 763 1280 At
793 1237 946 1280 vero
977 1227 1050 1279 ut
1077 1213 1323 1277 vultum
1354 1213 1514 1276 vidit
1544 1213 1872 1275 morientis
1904 1222 1973 1274 et
2002 1233 2141 1287 ora,

663 1317 804 1381 Ora
831 1316 1040 1380 modis
1073 1313 1510 1378 Anchisiades
1542 1310 1849 1396 pallentia
1878 1313 2094 1389 miris3

662 1417 987 1503 Ingemuit
1015 1416 1327 1479 miserans
1357 1415 1664 1499 graviter,
1698 1413 2127 1496 dextramque
2158 1413 2435 1478 tetendit
2460 1438 2475 1488 ;

665 1519 759 1583 Et
787 1529 1066 1582 mentem
1096 1517 1325 1601 patriae
1359 1516 1619 1578 strinxit
1647 1515 1907 1598 pietatis
1938 1515 2171 1599 imago.

499 1621 628 1684 825
674 1619 856 1692 Quid
885 1618 1004 1682 tibi
1033 1638 1228 1692 nunc,
1260 1615 1625 1680 miserande
1653 1637 1839 1700 puer,
1873 1637 1995 1698 pro
2022 1615 2325 1679 laudibus
2354 1613 2521 1688 istis,

667 1721 848 1794 Quid
880 1720 1026 1803 pius
1059 1717 1308 1781 AEneas
1339 1727 1520 1781 tanta
1550 1717 1735 1781 dabit
1763 1716 1979 1782 indole
2010 1717 2316 1800 dignum?

666 1819 894 1898 Arma,
925 1821 1164 1904 quibus
1194 1818 1476 1896 laetatus,
1509 1817 1682 1882 habe
1710 1829 1858 1896 tua3
1905 1830 2101 1902 teque
2129 1825 2474 1899 parentum

666 1922 980 1987 Manibus
1012 1932 1080 1984 et
1113 1921 1336 1996 cineri,
1371 1921 1424 1983 si
1453 1943 1585 2002 qua
1612 1931 1715 1983 est
1743 1942 1821 1983 ea
1852 1940 2029 1994 cura,
2060 1917 2343 1980 remitt0.

667 2023 817 2088 Hoc
847 2033 1059 2086 tamen
1091 2021 1314 2085 infelix
1345 2023 1642 2084 miseram
1676 2018 1967 2084 solabere
1994 2028 2309 2092 mortem3

493 2126 622 2190 830
665 2123 902 2188 AEneae
931 2123 1149 2206 magni
1178 2123 1414 2185 dextra
1443 2122 1645 2185 cadis.

1725 2120 2029 2204 Increpat
2056 2118 2231 2183 ultro

663 2224 1064 2290 Cunctantes
1097 2223 1330 2299 soeioS,
1361 2233 1430 2286 et
1461 2232 1639 2286 terra
1666 2221 1963 2286 sublevat
1991 2223 2229 2305 ipsum,

669 2325 1000 2410 Sanguine
1028 2332 1402 2408 turpantem
1431 2333 1679 2388 comtos
1713 2323 1796 2387 de
1824 2345 2002 2387 more
2032 2321 2321 2407 capillos-

754 2426 1019 2491 Interea
1047 2427 1304 2510 genitor
1333 2423 1632 2488 Tiberini
1660 2425 1745 2488 ad
1774 2423 2052 2488 fluminis
2081 2424 2321 2488 undam

667 2527 959 2593 Vulnera
989 2528 1276 2592 siccabat
1303 2524 1607 2610 lymphis,
1633 2546 2002 2610 corpusque
2032 2524 2291 2590 levabat

496 2631 624 2695 835
667 2628 948 2694 Arboris
981 2627 1240 2692 acclinis
1273 2636 1523 2690 trunc0.
1601 2624 1843 2690 Procul
1872 2647 2042 2690 aerea
2072 2627 2265 2690 ramis

666 2731 1023 2816 Dependet
1052 2727 1260 2812 galea,
1292 2737 1361 2790 et
1389 2737 1581 2811 prato
1610 2727 1832 2808 gravia
1860 2749 2038 2791 arma
2066 2729 2429 2810 quiescunt.

562 2943 670 2988 815.
707 2943 872 2990 Parcet
893 2943 982 3001 fila
1013 2943 1180 3003 legunt.
1247 2941 1503 3000 Proprium,
1539 2937 1615 2985 in-

495 3005 602 3067 quit
647 3003 860 3061 Servius,
886 3003 1065 3065 ficerat,
1119 3011 1347 3064 rumpunt.
1419 3003 1613 3065 Legun-

498 3078 590 3124 tur,
613 3077 748 3131 puto,
772 3067 902 3115 inter
937 3068 1154 3116 nendum
1193 3065 1287 3124 fila,
1313 3065 1428 3114 dum
1465 3067 1517 3113 in
1542 3066 1617 3114 fu-

853 3139 945 3188 tur,
980 3131 1029 3178 h.
1063 3129 1180 3178 dum
1213 3129 1328 3178 lana
1363 3145 1390 3178 e
1425 3130 1532 3178 eolo
1566 3130 1618 3176 in

1406 3193 1551 3249 Quod
1574 3193 1617 3241 si

495 3147 604 3179 sum
637 3131 850 3194 colligun

497 3195 634 3244 filum
658 3195 804 3243 ducta
825 3195 877 3244 in
901 3195 1008 3243 fuso
1029 3194 1338 3257 glomeratur.

495 3258 659 3322 itaque
697 3259 864 3308 Parcae
894 3261 985 3320 fila
1014 3267 1216 3307 extrema
1235 3259 1444 3316 ducunt,
1482 3267 1615 3314 nent,

494 3323 642 3373 etiam
665 3339 724 3373 ea
757 3327 904 3387 legere
934 3333 1067 3371 recte
1105 3323 1347 3381 dicuntur,
1373 3322 1617 3386 colligere,

491 3388 1368 3512 ”²31⁸⁷¹¹⁸⁰.⁰22·0¹i:2„35212²m⁹⁸”‘·
1388 3450 1590 3498 ..m

494 3515 567 3567 bit
585 3533 713 3566 nunc
751 3517 873 3566 tanti
895 3515 1112 3566 vulneris
1147 3515 1344 3563 modum
1371 3514 1617 3563 disertius.

493 3584 697 3630 Minonis
736 3597 839 3657 pro,
887 3585 1004 3645 ejus,
1046 3597 1110 3629 sc.
1147 3579 1310 3628 Lausi.
1383 3581 1616 3627 Tunicam.

496 3645 690 3695 Decens
733 3660 786 3693 tn
829 3646 1036 3694 Etrusco
1073 3648 1256 3708 juvene
1299 3643 1448 3692 vestis
1499 3658 1620 3690 auro

495 3717 656 3764 texta3
692 3708 822 3773 quod
843 3708 1120 3758 vestimenti
1153 3724 1309 3772 genus
1338 3708 1616 3770 frequenta-

495 3782 599 3820 tum
635 3772 860 3822 Etruscis
893 3773 1043 3821 fliisse
1073 3781 1274 3822 constat.
1327 3774 1425 3820 Per
1461 3787 1617 3829 aaran,

493 3840 560 3885 ad
592 3839 768 3894 Manes,
801 3845 916 3885 sunt
949 3837 1228 3894 Homerica,
1267 3834 1405 3884 Iliad.
1429 3854 1479 3894 r,
1505 3836 1616 3894 856,

495 3901 619 3958 857;
654 3899 777 3950 nihil
799 3900 1033 3965 amplius:
1071 3916 1162 3948 nec
1195 3900 1249 3948 in
1281 3899 1360 3948 his
1380 3916 1444 3964 op
1479 3899 1619 3949 ositis

491 3965 829 4029 argutandum.
895 3967 1004 4014 Vita
1020 3980 1111 4028 pro
1133 3964 1307 4022 anima,
1331 3968 1432 4026 ψυχ
1465 3999 1476 4010 .

559 4031 848 4078 821—824.
891 4027 972 4076 Ad
1017 4027 1377 4077 miserationem
1421 4027 1617 4090 egregie

493 4094 609 4142 facit
643 4094 752 4170 ipsa
774 4093 947 4142 AEneae
980 4091 1240 4149 miseratio,
1279 4101 1330 4139 et
1365 4101 1615 4155 respectus

495 4157 710 4218 Ascanii,
748 4167 800 4206 et
835 4157 888 4206 in
925 4156 1125 4205 alterius
1159 4155 1353 4204 foi-mna
1387 4155 1615 4218 cogitatio

491 4221 555 4268 de
577 4236 693 4270 casu
714 4221 798 4285 qui
820 4220 915 4270 sibi
949 4221 1168 4269 accidere
1201 4229 1380 4296 posset.
1433 4223 1613 4268 Patria

485 4287 682 4346 pietatis
715 4289 878 4348 imago,
921 4285 1100 4333 amoris
1141 4301 1218 4334 sui
1253 4284 1307 4332 in
1345 4284 1615 4333 Ascanium

491 4348 786 4397 recordatio:
831 4357 881 4396 et
917 4364 1062 4412 quem
1105 4348 1212 4413 ipse
1252 4348 1468 4397 dolorem
1503 4363 1609 4398 sus-

491 4423 720 4475 cepturus
741 4412 806 4461 sit
843 4412 896 4459 in
932 4413 1079 4461 simili
1103 4427 1231 4462 casu.
1290 4414 1366 4461 Ea
1401 4428 1509 4475 quae
1532 4427 1609 4461 re-

1684 2937 1954 2995 cordamur,
1998 2945 2157 3001 poetae
2199 2953 2289 3000 per
2342 2939 2584 2998 imaginem
2634 2933 2811 2983 efferre

1684 3000 1800 3049 licet
1833 3001 1997 3050 animo
2032 3003 2296 3063 objectam:
2343 3000 2441 3049 vid.
2480 3015 2589 3063 sup.
2629 2999 2693 3047 ad
2736 2999 2809 3056 ix,

1751 3131 1860 3177 825.
1897 3131 1991 3178 Pro
2014 3132 2225 3177 laudibus
2244 3133 2364 3186 istie,
2384 3129 2479 3176 ista
2490 3128 2687 3185 virtute,
2704 3128 2753 3176 h.
2774 3128 2811 3176 l.

1682 3193 1837 3242 virtus
1860 3209 1969 3256 qua,
2003 3203 2059 3241 ut
2088 3203 2278 3258 patrem
2311 3202 2542 3249 servaret,
2562 3191 2671 3256 ipse
2694 3191 2813 3240 vite

1682 3257 1942 3306 discrimen
1966 3258 2099 3306 adiit.

1750 3323 1859 3380 82⁷,
1886 3324 1994 3370 828.
2030 3325 2175 3370 Arma
2192 3325 2307 3371 habe
2328 3330 2423 3369 tua.
2476 3321 2695 3382 Magnus
2710 3321 2813 3369 sci-

1684 3386 1799 3434 licet
1819 3387 1974 3434 honos
1995 3386 2049 3434 in
2070 3385 2155 3434 illo
2188 3401 2293 3434 oevo
2326 3384 2535 3442 habitus,
2558 3385 2603 3432 si
2624 3385 2815 3434 vietum

1683 3449 1839 3499 victor
1861 3464 1959 3498 non
1980 3450 2227 3514 spoliaret.
2278 3451 2341 3498 Te
2358 3452 2542 3497 remitto
2558 3458 2809 3510 parentat

1682 3517 1891 3562 manibus
1913 3522 1959 3562 et
1980 3519 2140 3572 cineri,
2160 3514 2209 3561 h.
2232 3529 2274 3562 e.
2300 3515 2361 3562 ad
2382 3513 2699 3578 sepulchrum
2713 3529 2807 3578 pa-

1684 3578 1846 3636 trium,
1872 3588 1925 3626 ut
1947 3587 1996 3626 te
2016 3579 2243 3628 inserant.
2297 3580 2349 3626 Su·
2370 3595 2461 3641 qua
2480 3586 2551 3626 est
2580 3594 2635 3625 ea
2656 3595 2775 3626 cara
2794 3599 2815 3626 .-

1682 3641 2097 3707 simplicissimum
2130 3653 2219 3702 est,
2258 3643 2362 3690 sive
2394 3641 2457 3690 ad
2488 3641 2649 3706 ipsum
2674 3643 2811 3690 Lau·

1684 3723 1794 3756 sum
1815 3723 1993 3756 caesum
2026 3708 2130 3756 haec
2167 3706 2297 3755 inter
2330 3717 2508 3754 caetera
2540 3706 2740 3765 referre,
2760 3708 2813 3755 εἰ

1682 3772 1829 3819 modo
1850 3781 1905 3820 tu
1926 3772 2018 3820 hoc
2048 3787 2203 3829 curas,
2229 3771 2271 3820 si
2306 3785 2503 3820 sensum
2544 3771 2692 3833 hujus
2730 3772 2807 3819 rei

1680 3836 1859 3891 habes;
1894 3835 1999 3884 sive
2033 3837 2096 3884 ad
2131 3850 2215 3883 eos
2236 3851 2441 3910 quorum
2474 3850 2531 3882 ea
2552 3849 2669 3884 cura
2692 3851 2809 3885 esse

1682 3899 1903 3958 debebat,
1938 3909 1993 3948 ut
2026 3900 2104 3957 sit,
2139 3909 2335 3949 remitto
2366 3909 2417 3947 te
2450 3899 2514 3947 iis
2544 3899 2722 3961 quibus
2742 3915 2809 3948 ea

1682 3979 1798 4038 cura
1818 3973 1920 4038 ραις
1955 3966 2003 4012 h.
2024 3980 2065 4012 e.
2090 3965 2266 4027 quibus
2299 3964 2350 4012 id
2389 3979 2519 4012 curae
2556 3972 2643 4021 est,
2668 3973 2727 4012 ut
2754 3973 2815 4013 te

1678 4036 2068 4140 recglgiangmtoe
2090 4095 2147 4141 de
2168 4109 2287 4141 more
2310 4093 2643 4140 Etruscorum.

1746 4158 2017 4205 833—836.
2054 4157 2320 4219 Sequentia
2340 4155 2401 4204 de
2427 4156 2676 4205 Mezentio
2694 4164 2809 4204 tan-

1678 4237 1821 4284 quam
1843 4221 1897 4269 in
1916 4221 2081 4270 tabula
2096 4221 2315 4270 exhibita
2334 4230 2463 4270 sunt.
2516 4220 2815 4269 Declaratur

1676 4285 1827 4344 locus,
1864 4286 2065 4351 positam,
2102 4285 2229 4333 actio
2266 4286 2388 4350 ipsa.
2444 4285 2631 4334 Similis
2666 4285 2813 4334 locus

1681 4350 1819 4399 Iliad.
1846 4369 1883 4408 ε,
1910 4351 2005 4400 692
2040 4351 2101 4398 de
2136 4349 2431 4424 Sarpedone.
2490 4351 2807 4398 γυιων-σείε-

1678 4419 1811 4464 cahat
1836 4418 2043 4477 lymphis,
2068 4429 2355 4476 sanguinem
2390 4414 2591 4463 sistebat
2624 4413 2812 4477 frigida
