3050 4934
483 257 616 320 502

1371 254 1901 322 AENEIDOS

482 405 611 469 '720
655 405 832 490 Ipse,
867 408 1104 470 sedens
1131 407 1320 470 niveo
1351 405 1691 470 candentis
1722 403 1937 468 limine
1969 401 2235 478 Phoebi,

661 506 860 571 Dona
890 507 1299 591 recognoscit
1327 505 1740 590 populorum,
1772 505 2086 590 aptatque
2118 505 2421 587 superbis

658 606 1006 673 Postibus:
1054 607 1366 672 incedunt
1393 607 1581 671 ‘victae
1606 606 1804 691 longo
1832 606 2061 671 ordine
2092 615 2349 688 genteS,

663 708 884 782 Quam
915 709 1108 773 variae
1138 707 1400 792 linguis,
1432 708 1663 773 habitu
1691 718 1821 772 tam
1850 708 2049 771 vestis
2078 716 2147 770 et
2176 706 2391 769 armis.

655 808 787 872 Hic
816 808 1192 872 Nomadum
1220 830 1428 891 genus
1459 817 1528 872 et
1558 809 1908 873 discinctos
1940 807 2273 872 Mulciber
2301 804 2528 881 Afros,

482 909 610 972 725
657 909 788 974 Hic
821 908 1102 993 Lelegas
1133 909 1470 992 Carasque
1503 909 2031 992 sagittiferosque
2064 907 2359 972 Gelonos

657 1009 990 1074 Finxerat.
1069 1009 1452 1094 Euphrates
1481 1011 1621 1077 ibat
1638 1011 1777 1094 jam
1804 1009 2055 1074 mollior
2084 1009 2313 1086 undis;

656 1111 1082 1194 Extremique
1111 1110 1444 1174 hominum
1473 1109 1743 1188 Morini,
1776 1109 2187 1193 Rhenusque
2217 1108 2539 1185 bicornis3

657 1211 1096 1294 Indomitique
1127 1210 1366 1286 Dahae,
1397 1221 1465 1274 et
1493 1221 1760 1294 pontem
1786 1211 2163 1294 indignatus
2196 1209 2477 1274 Araxes.

655 1312 870 1389 Talia,
901 1334 1022 1396 per
1051 1310 1332 1396 clipeum
1361 1309 1665 1388 Vulcani,
1696 1311 1869 1375 dona
1898 1312 2213 1396 parentis,

487 1414 616 1478 730
661 1413 968 1488 Miratur,
999 1433 1348 1494 rerumque
1378 1412 1647 1495 ignarus
1676 1411 1953 1495 imagine
1984 1412 2266 1495 gaudet3

657 1511 986 1578 Attollens
1015 1512 1290 1576 humero
1319 1511 1685 1596 famamque
1713 1523 1784 1576 et
1812 1512 1948 1576 fata
1978 1522 2308 1597 nepotum.

551 1717 648 1768 ⁷20
661 1731 762 1778 sqq.
779 1707 1054 1779 'Splendida
1069 1730 1234 1764 rerum
1245 1714 1449 1780 species.
1489 1715 1617 1763 Puta

489 1781 890 1845 triumphatorem
919 1780 1243 1827 Octavianum
1269 1781 1372 1841 jam
1407 1779 1615 1826 intrasse

487 1847 672 1894 urbem.
733 1844 882 1892 Sedet
913 1858 1002 1907 pro
1036 1843 1269 1892 tribunali
1301 1844 1393 1892 sub
1421 1843 1615 1908 porticu

487 1919 538 1958 et
558 1909 693 1957 aditu
717 1907 884 1972 templi
910 1907 1155 1972 Apollinis
1179 1907 1402 1966 Palatini,
1429 1917 1480 1956 et
1534 1914 1612 1955 ro'-

487 1981 676 2037 spectat
711 1971 978 2035 (exquisite
1013 1969 1312 2034 recog-noscit)
1349 1986 1462 2019 succ
1527 1987 1613 2019 en-

489 2047 590 2085 tem
618 2051 850 2101 pompam
885 2035 1244 2099 triumphalem,
1281 2035 1333 2082 in
1369 2051 1466 2097 qua
1499 2051 1613 2098 por·

487 2109 652 2148 tantur
707 2115 899 2149 coronae
940 2115 1116 2156 aureae,
1163 2103 1282 2148 dona
1329 2103 1614 2174 populorum,

491 2164 736 2211 ducuntur
779 2163 962 2227 captivi
1005 2178 1102 2210 una
1147 2179 1258 2210 cum
1303 2163 1457 2225 signis
1497 2163 1615 2212 Flu-

489 2228 696 2276 viorum.
760 2229 996 2288 Aptatque
1027 2230 1234 2288 superbis
1262 2230 1497 2288 postibus.-
1534 2245 1615 2276 co-

490 2307 635 2340 ronas
671 2305 788 2353 erg-o
825 2289 878 2338 in
912 2289 1096 2338 foribus
1119 2291 1196 2338 vel
1231 2289 1424 2354 porticu
1447 2291 1619 2356 templi

491 2354 725 2418 suspendi
745 2353 948 2403 curavit.

556 2419 667 2478 724,
690 2417 718 2470 7
723 2420 799 2466 25.
837 2418 990 2466 Vides
1011 2426 1206 2483 poetam
1227 2418 1433 2468 carmini
1454 2418 1617 2482 digni-

490 2491 640 2532 tatem
665 2491 716 2532 et
746 2485 1048 2545 maJestatem
1081 2499 1252 2558 parare
1279 2499 1342 2530 ex
1365 2483 1619 2532 nominum

489 2547 721 2606 novitate,
746 2547 825 2595 vel
857 2546 1219 2611 peregrinitate,
1249 2547 1326 2596 vel
1359 2556 1617 2596 vetustate.

490 2615 748 2660 Nomadum
777 2626 924 2674 genas
949 2619 997 2659 et
1026 2610 1180 2672 Asroe.
1239 2611 1364 2660 Erat
1397 2611 1531 2660 enim
1564 2611 1617 2660 in

485 2675 692 2724 Antonii
726 2675 947 2740 partibus
982 2690 1160 2738 mag-na
1198 2675 1380 2724 Africae
1415 2691 1545 2740 pars,
1586 2691 1618 2723 a

491 2739 700 2802 Cyrenis
725 2754 880 2802 usque
911 2739 973 2787 ad
1011 2738 1341 2802 AEthiopiamz
1379 2749 1430 2788 et
1460 2739 1615 2787 inter-

489 2803 585 2853 tuit
616 2803 823 2852 Antonii
853 2803 1009 2867 copiis
1042 2803 1270 2867 Bogudes
1294 2803 1619 2852 Mauretaniae

490 2883 594 2916 rex.
663 2871 924 2916 Discinctos
953 2867 1094 2930 Afros
1107 2887 1126 2923 ‚-
1167 2867 1423 2916 mollitiem
1457 2868 1617 2916 horni-

493 2948 612 2980 num
647 2931 810 2994 arguit
843 2941 980 2980 veste
1013 2933 1126 2980 laxa
1148 2940 1199 2980 ct
1231 2931 1426 2980 fluente.
1481 2934 1617 2981 Lele-

488 3013 578 3058 gas
603 2997 849 3058 Carasque,
873 3005 929 3044 ut
963 2996 1216 3045 nominum
1247 3005 1488 3046 vetustate
1511 3011 1616 3044 car-

495 3059 616 3107 mini
651 3059 940 3123 dig-nitatem
971 3068 1179 3125 pararet,
1275 3059 1374 3108 suit
1443 3077 1497 3108 ro
1529 3077 1617 3124 po-

493 3122 626 3188 pulis
659 3133 710 3172 et
741 3122 940 3186 regibus
973 3123 1178 3172 minoris
1257 3123 1354 3172 siae.
1457 3125 1621 3187 elegea

495 3203 608 3236 cum
637 3187 845 3236 Caribus
879 3202 1014 3235 oram
1047 3187 1183 3236 Asiae
1217 3188 1508 3237 maritimam
1544 3198 1618 3238 te-

495 3261 718 3310 nuerant,
755 3261 1016 3314 antequam
1049 3253 1110 3301 ab
1145 3251 1350 3301 Ionibus
1383 3253 1526 3316 ejecti
1558 3253 1620 3301 ad

495 3315 730 3364 interiora
752 3325 1072 3365 recesserunt.

562 3379 834 3432 726—728.
883 3383 1146 3442 Euphrates
1177 3384 1278 3428 ibat
1302 3381 1410 3442 jam
1446 3383 1623 3429 mollior

498 3447 646 3502 undis,
670 3445 718 3492 b.
753 3444 940 3494 leniore
962 3461 1119 3503 amne,
1143 3454 1200 3492 ut
1227 3444 1466 3493 domitum
1487 3461 1542 3493 se
1564 3461 1621 3493 ac

497 3511 820 3572 subjugatum,
851 3509 900 3558 h.
934 3526 975 3558 e.
1012 3510 1219 3574 populos
1253 3509 1440 3558 accolas
1469 3509 1623 3558 victos

497 3585 550 3622 et
578 3573 832 3636 subjectos,
857 3573 1168 3638 significaret.
1227 3573 1315 3622 Uti
1345 3576 1523 3622 mollita
1545 3573 1619 3621 di·

1678 1725 1822 1771 sunt3
1858 1715 1929 1764 sic
1958 1719 2113 1764 molles
2132 1719 2289 1772 animi,
2312 1717 2469 1764 mollia
2490 1717 2641 1762 cordo.
2698 1719 2805 1764 Μο-

1679 1783 1775 1828 rim·
1798 1789 1848 1827 et
1865 1783 2052 1828 Rhenus
2076 1779 2375 1844 triumphum
2398 1779 2545 1843 primi
2567 1779 2666 1827 diei
2684 1780 2805 1827 Dal·

1680 1843 1913 1892 maticum
1946 1843 2230 1906 respiciunt,
2270 1859 2368 1906 quo
2406 1843 2551 1891 etiam
2588 1843 2651 1891 de
2692 1843 2805 1891 Μο-

1680 1907 1816 1964 rinis,
1858 1915 2090 1956 extremoe
2132 1922 2231 1955 orae
2275 1907 2450 1955 Gauiae
2492 1907 2707 1969 Belgicae
2746 1908 2807 1956 ad

1680 1971 1859 2020 fretum
1884 1971 2225 2019 Britannicum
2254 1971 2449 2034 populo,
2476 1981 2527 2019 et
2560 1971 2809 2020 nonnullis

1680 2034 1855 2110 Gallie
1878 2035 2253 2109 Gfermaniaeque
2284 2035 2495 2110 populis,
2530 2035 2810 2084 rebellionis

1680 2099 2617 2238 neefflffitqqnffitfflagufpssmfigagffiugm
2640 2133 2809 2238 cursus,

1684 2237 1801 2285 erat,
1842 2235 2103 2289 antequam
2143 2228 2337 2276 Drusus
2374 2237 2579 2276 ternum
2614 2237 2806 2286 oenum,

1686 2291 1905 2349 Flevum,
1928 2290 2058 2339 fossa
2076 2290 2223 2340 ducta
2243 2291 2469 2340 efficeret.
2516 2294 2680 2349 Dahae,
2702 2293 2805 2339 No-

1683 2355 1849 2403 mades
1886 2356 1946 2403 ad
1989 2354 2223 2403 orientale
2266 2354 2434 2419 Caspii
2478 2355 2629 2403 maris
2672 2355 2807 2404 litt-n

1684 2433 1853 2468 versus
1877 2421 2041 2468 Oxum
2074 2418 2343 2468 incolentes
2376 2419 2504 2467 ultra
2536 2419 2805 2483 Hyrcanos.

1684 2486 1875 2531 Pontem
1908 2487 2176 2547 indignatus
2197 2487 2407 2531 Ara-ree.-
2440 2482 2564 2530 nihil
2600 2484 2806 2548 amplius

1684 2561 1829 2608 quam
1852 2555 1908 2595 ut
1936 2547 2119 2596 flumen
2146 2546 2373 2611 rapidum
2395 2547 2613 2610 adeoque
2644 2548 2806 2610 pontis

1682 2610 1955 2724 ωῗᾶἑ
1978 2611 2805 2724 ῗέἑῗιξῦιίῗ-ῗῖἓεὶῒὲιῖἕὼω

1748 2739 1859 2790 729.
1896 2739 2071 2788 Malim
2092 2743 2299 2802 clipeum,
2324 2742 2443 2788 dona
2457 2743 2687 2800 parentis,
2704 2755 2805 2788 ma·

1685 2802 1773 2851 tris
1814 2803 2039 2862 Veneris,
2077 2806 2300 2868 jung-ere,
2344 2819 2489 2866 quam
2534 2806 2655 2852 talia
2692 2807 2807 2852 dona

1746 2871 1904 2916 renus.

1678 2885 1861 2983 pa731.
1896 2935 1969 2980 Fa
2172 2967 2187 2990 ,
2218 2930 2373 2988 κλέος,
2410 2931 2677 2981 illustrium
2710 2932 2805 2981 Eac-

1685 3005 1845 3044 torum
1884 2997 2183 3061 sculpturam
2222 2996 2276 3044 in
2316 2995 2487 3060 clipeo.
2562 2996 2645 3044 Ad
2682 2997 2809 3045 hunc

1686 3060 1913 3110 ultimum
1936 3075 2132 3110 versum
2164 3059 2469 3108 offenderunt
2504 3061 2689 3124 passim
2718 3061 2809 3110 viri

1684 3124 1829 3173 docti.
1887 3126 2109 3174 Acumen
2142 3124 2293 3182 lusus,
2318 3139 2465 3188 quem
2485 3124 2649 3173 inesse
2672 3124 2813 3174 multi

1686 3189 1994 3246 arbitrantur,
2025 3191 2079 3236 in
2114 3189 2295 3237 nostris
2328 3197 2407 3237 est
2438 3188 2683 3247 sensibus,
2715 3205 2813 3237 non

1686 3253 1739 3302 in
1768 3253 1931 3302 verbis
1960 3268 2051 3301 nec
2086 3253 2139 3300 in
2174 3252 2339 3301 animo
2373 3252 2587 3316 Virgilii.
2646 3253 2811 3302 Poeti-

1685 3333 1771 3366 σιω
1794 3333 1955 3366 sermo
1984 3318 2055 3365 ita
2076 3317 2185 3375 fert,
2204 3325 2275 3374 ut,
2294 3316 2335 3365 si
2364 3316 2473 3379 quis
2494 3317 2713 3392 clipeum
2734 3317 2812 3367 cui

1688 3381 1815 3431 facta
1844 3382 2079 3447 preclara
2098 3390 2150 3429 et
2180 3380 2281 3430 fata
2302 3390 2537 3445 nepotum
2569 3382 2813 3457 insculpta

1686 3455 1815 3504 sunt,
1854 3445 2111 3494 sustulisse
2144 3446 2349 3494 humero
2390 3445 2641 3508 (alligatus
2684 3461 2813 3494 emm

1686 3509 1791 3558 loro
1824 3510 2012 3574 clipeus
2044 3509 2263 3558 humeris
2296 3509 2539 3572 inJicitur)
2578 3510 2812 3558 dicendus

1687 3574 1779 3630 εἰει
1814 3590 1893 3623 res
1923 3575 1992 3623 ita
2020 3574 2181 3623 efferri
2215 3573 2384 3638 possit,
2412 3589 2437 3624 a
2574 3573 2586 3584 ⁰
2700 3589 2811 3623 eum

497 3647 674 3688 cuntur
707 3653 814 3702 quae
835 3638 966 3688 victa
989 3656 1046 3688 ac
1079 3647 1282 3689 contusa
1317 3638 1622 3702 coercitaque
1674 3637 1857 3700 samam
1878 3638 2045 3700 atsata
2066 3646 2288 3702 περσέαν».
