3050 4934
9 4787 106 4882 ,
10 4615 16 4762 ,ψ

506 232 624 296 142
1313 223 1979 292 GEORGICON

755 383 889 446 Sed
921 403 1052 446 non
1079 379 1212 444 ulla
1239 379 1445 462 magis
1475 377 1647 442 vires
1676 375 1999 442 industria
2026 374 2263 452 firmat,

494 483 625 547 210
669 483 888 556 Quam
918 482 1248 546 Venerem
1275 489 1345 544 et
1373 479 1531 544 caeci
1560 475 1853 542 stimulos
1884 487 2179 541 avertere
2208 476 2468 552 amoris,

676 584 826 649 Sive
853 585 1075 658 boum,
1109 583 1242 646 sive
1271 591 1374 645 est
1403 580 1508 645 cui
1536 579 1784 664 gratior
1812 600 1971 642 usus
2002 599 2339 660 equorum.

669 684 894 768 Atque
921 685 1074 749 ideo
1106 694 1329 748 tauros
1361 679 1592 765 procul
1618 691 1815 762 atque
1846 679 1913 742 in
1944 677 2081 742 sola
2110 677 2403 762 relegant

669 786 947 862 Pascua,
981 794 1132 868 post
1161 793 1444 846 montem
1471 782 1868 865 oppositum,
1900 791 1967 844 et
1998 791 2177 844 trans
2208 777 2473 842 flumina
2502 775 2669 854 lata;

667 885 810 950 Aut
838 887 1012 950 intus
1045 885 1300 948 clausos
1333 893 1555 948 satura
1586 882 1673 946 ad
1701 881 2027 965 praesepia
2058 890 2337 944 servant.

495 988 625 1052 215
668 987 898 1070 Carpit
925 987 1096 1050 enim
1125 986 1294 1049 vires
1322 981 1657 1068 paullatim
1686 983 1947 1066 uritque
1978 980 2261 1045 videndo

666 1088 970 1165 Femina3
1016 1107 1138 1150 nec
1167 1105 1502 1149 nemorum
1532 1084 1779 1168 patitur
1806 1083 2196 1158 meminisse,
2226 1102 2347 1146 nec
2376 1077 2623 1146 herbae.

667 1188 991 1254 Dulcibus
1021 1187 1132 1251 illa
1160 1187 1424 1271 quidem
1453 1185 1773 1250 illecebris
1804 1193 1873 1248 et
1902 1205 2079 1268 saepe
2111 1181 2431 1266 superbos

669 1289 994 1354 Cornibus
1025 1290 1195 1352 inter
1225 1309 1296 1350 se
1329 1287 1574 1370 subigit
1603 1285 1957 1349 decernere
1986 1295 2298 1350 amantes·

667 1389 970 1454 Pascitur
995 1390 1062 1454 in
1092 1409 1326 1471 magna
1357 1385 1492 1450 Sila
1519 1385 1805 1450 formosa
1822 1386 2141 1469 juvenca:

495 1491 626 1558 220
669 1490 772 1555 Illi
801 1490 1196 1554 alternantes
1225 1486 1430 1552 multa
1461 1488 1524 1550 vi
1549 1485 1785 1569 proelia
1812 1486 2087 1550 miscent

637 1667 644 1674 ,
671 1590 1074 1656 Vulneribus
1105 1589 1390 1666 crebris;
1435 1585 1593 1650 lavit
1622 1596 1765 1650 ater
1794 1607 2073 1670 corpora
2104 1587 2407 1670 sanguin

674 1692 1020 1775 Versaque
1049 1691 1118 1754 in
1147 1689 1424 1754 obnixos
1452 1697 1773 1772 urgentur
1801 1708 2047 1752 cornua
2076 1698 2260 1751 vasto

674 1792 840 1856 Cum
869 1792 1148 1876 gemitu:
1196 1791 1474 1854 reboant
1503 1787 1810 1872 silvaeque
1838 1799 1907 1852 et
1928 1787 2163 1873 longus
2193 1786 2539 1873 Olympus.

672 1894 822 1959 Nec
851 1916 990 1958 mos
1020 1891 1340 1957 bellantes
1371 1913 1502 1956 una
1534 1889 1899 1954 stabulare:
1948 1890 2067 1955 sed
2096 1888 2263 1954 alter

495 1996 625 2058 225
671 1995 906 2060 Victus
938 1995 1098 2068 abit,
1130 1993 1454 2077 longeque
1487 1991 1726 2076 ignotis
1756 1989 2015 2056 exsulat
2044 1991 2213 2070 oris3

671 2094 890 2159 Multa
918 2117 1183 2179 gemens
1212 2093 1623 2178 ignominiam
1652 2091 2011 2176 plagasque
2042 2091 2313 2175 superbi

669 2197 981 2273 Victoris,
1013 2207 1172 2272 tum,
1205 2217 1370 2280 quos
1401 2195 1617 2258 amisit
1644 2193 1911 2268 inultus,
1944 2215 2239 2270 amores3

672 2298 767 2362 Et
797 2296 1056 2363 stabula
1085 2296 1478 2382 adspectans
1511 2295 1730 2378 regnis
1762 2295 2047 2359 excessit
2074 2294 2283 2360 avitis,

669 2398 854 2482 Ergo
885 2399 1058 2462 omni
1087 2420 1244 2461 cura
1273 2397 1441 2460 vires
1471 2407 1762 2473 exercet,
1794 2406 1864 2459 et
1892 2398 2063 2460 inter

499 2500 636 2565 230
677 2499 872 2566 Dura
891 2499 1072 2584 jacet
1097 2521 1348 2584 pernox
1376 2499 1655 2562 instrato
1686 2520 1843 2562 saxa
1873 2496 2091 2575 cubili,

673 2601 1047 2664 Frondibus
1079 2599 1348 2663 hirsutis
1377 2609 1446 2662 et
1475 2599 1685 2662 carice
1716 2608 1945 2683 pastus
1978 2609 2206 2674 acuta3

673 2701 767 2765 Et
799 2711 1008 2766 tentat
1039 2721 1208 2776 sese,
1239 2709 1438 2783 atque
1469 2700 1664 2765 irasci
1691 2701 1757 2762 in
1783 2722 2032 2778 cornua
2060 2699 2253 2763 discit

497 2852 744 2913 Lupatam,
781 2851 988 2909 frenum,
1023 2849 1154 2914 lupis
1191 2865 1282 2898 seu
1313 2849 1496 2898 aculeis
1527 2848 1626 2898 fer-

499 2916 598 2964 reis
621 2915 880 2964 munitum.

561 2981 836 3028 209-283.
873 2977 1237 3042 Exspatiatur‘
1223 2992 1277 3025 ιιι
1307 2977 1468 3025 locum
1497 2992 1627 3051 prae-

495 3044 680 3092 clarum
703 3043 765 3094 de
789 3051 1122 3091 armentorum
1143 3042 1307 3090 furore
1329 3056 1396 3088 ex
1419 3041 1631 3090 Veneris

495 3106 721 3156 stimulis.
793 3107 942 3155 Parat
981 3115 1144 3154 autem
1187 3105 1448 3153 transitum
1493 3121 1627 3153 com-

496 3172 640 3218 mode
665 3170 1126 3219 commemoratione
1151 3169 1328 3218 virium
1351 3167 1504 3216 nimia
1527 3169 1627 3216 Ve-

501 3249 620 3282 nere
642 3235 1006 3284 exhaustarum.

561 3299 1177 3360 210—215.caeeiamrig,
1189 3312 1304 3354 non,
1315 3295 1470 3346 oculis
1481 3297 1630 3372 capti,

499 3362 602 3419 sed,
618 3363 810 3420 occulti.
827 3362 952 3410 clam
965 3378 1058 3425 per
1073 3377 1224 3410 venas
1237 3371 1288 3408 et
1299 3377 1411 3410 ossa
1423 3361 1629 3410 saevien-

499 3426 577 3475 tis.
619 3429 793 3474 Tauros
805 3430 980 3488 procul.
1007 3425 1200 3473 Habuit
1210 3425 1370 3474 locum
1385 3436 1629 3474 anteocu-

498 3490 572 3540 los
589 3491 778 3540 Colum.
799 3491 864 3547 vi,
885 3491 963 3548 27,
983 3492 1038 3544 8;
1061 3499 1114 3538 et
1131 3503 1326 3538 versum
1345 3499 1631 3552 sequentem

496 3555 699 3604 Gratius
743 3556 926 3619 Cyneg.
974 3525 1084 3612 377,
1123 3561 1256 3602 tram
1299 3557 1423 3602 altas
1465 3556 1633 3604 ducere

493 3623 636 3668 valles
659 3623 921 3674 Admoneat
953 3622 1181 3681 latumque
1195 3617 1320 3682 fuga
1351 3623 1633 3681 superabitis

495 3701 684 3732 aunem.
743 3684 885 3732 ovid.
916 3684 1024 3733 Art.
1057 3683 1110 3740 ii,
1138 3684 1250 3740 487,
1279 3687 1431 3744 spatio
1459 3692 1635 3733 remota

493 3765 580 3809 per
605 3752 704 3796 loca
735 3751 946 3796 dividuos
974 3765 1104 3795 amne
1133 3763 1268 3809 equor
1293 3747 1434 3795 dixit.
1497 3749 1633 3797 Dum

499 3829 624 3860 mon
653 3821 732 3861 est
769 3813 822 3859 in
992 3811 1088 3858 'tus
1128 3811 1259 3860 inter
1293 3811 1404 3869 duo,
1437 3812 1633 3886 utrique

498 3888 575 3926 cst
597 3880 842 3938 oppositu,
865 3876 1098 3936 objectus.
1149 3876 1276 3922 Lata
1297 3889 1396 3924 non
1421 3875 1633 3924 otiosum

495 3950 586 3988 est.
645 3945 818 3989 Satura
837 3942 1066 4002 presepia
1082 3950 1198 3986 sunt
1215 3937 1375 4002 plena,
1391 3937 1466 3987 uti
1485 3940 1528 3988 is
1548 3939 1629 4002 qui

496 4013 743 4054 sami-atus
775 4014 864 4054 est.
952 4005 1145 4065 Uritque
1181 4005 1386 4059 videndo,
1421 4004 1629 4066 passive,

497 4078 727 4126 macerat,
753 4067 1010 4126 consumit,
1035 4068 1152 4116 dum
1175 4066 1404 4115 cernitur.

563 4131 674 4188 217,
714 4135 822 4180 218.
868 4133 963 4181 ma
1003 4131 1199 4207 quidem
1239 4145 1369 4194 saepe
1411 4139 1633 4182 amantes

496 4193 644 4242 etiam
676 4211 896 4258 pugnare
927 4207 1061 4259 cogit
1088 4196 1219 4243 inter
1247 4211 1316 4242 se.
1373 4195 1504 4242 Loca
1535 4195 1631 4244 alia

495 4267 750 4322 poetarum
793 4260 856 4308 de
893 4277 1028 4324 pugn
929 4275 1058 4322 ugus
1095 4269 1344 4307 taurorum
1383 4261 1633 4322 conge-it

496 4322 670 4370 Cerda.
720 4322 905 4374 Plura'
891 4338 944 4370 ιιι
975 4323 1132 4371 Statio
1166 4331 1218 4370 et
1249 4322 1424 4371 Flacco
1445 4324 1631 4387 passim

495 4385 726 4449 reperias.
788 4387 986 4435 sacrant
1025 4403 1080 4434 se
1113 4387 1167 4434 in
1207 4387 1300 4436 hoc
1339 4399 1631 4451 argumento

1760 2858 1865 2898 etue.
1926 2848 2155 2914 Apollon.
2194 2848 2247 2906 ii,
2286 2849 2363 2907 89,
2400 2845 2555 2912 wlep-
2588 2847 2841 2915 «Ιιορβάδος

1693 2864 1815 2976 {24³2
1834 2911 1951 2968 βοὸς
1969 2911 2307 2971 κεκννήοτεὸη
2248 2910 2545 2975 δηριάασθον.

1760 2979 2033 3026 219-222.
2080 2978 2177 3026 Ρι·ο
2210 2977 2402 3040 ing-rato
2434 2987 2485 3026 et
2510 2980 2683 3040 jejuno
2712 2983 2839 3030 ailon

1696 3041 1898 3090 Servius
1926 3051 2168 3090 memorat
2188 3041 2305 3088 olim
2328 3041 2508 3090 lectum
2531 3042 2682 3092 fini-se
2712 3047 2837 3103 551«,

1696 3105 1825 3168 quod
1842 3113 1989 3170 poeta
2006 3105 2361 3168 dignissimum.
2412 3105 2535 3156 Erat
2552 3123 2613 3156 ea
2632 3107 2760 3156 silva
2780 3119 2839 3158 et

1696 3183 1837 3218 mons
1870 3169 2053 3218 Bruttii
2084 3170 2136 3216 in
2168 3179 2389 3218 οκιηιιιιι
2420 3170 2581 3228 Italia.
2608 3181 2729 3220 uota
2752 3173 2839 3222 vel

1697 3249 1725 3281 e
1746 3233 1850 3282 Cic.
1876 3232 2033 3282 Bruto
2052 3235 2130 3290 20,
2152 3233 2315 3282 ΡΙίιι.“
2300 3233 2369 3290 ιίι,
2399 3235 2486 3282 10·
2520 3235 2582 3283 cf.
2604 3235 2719 3284 AEu.
2740 3237 2835 3298 xii,

1697 3297 1807 3348 715.
1868 3301 2182 3355 Alter-umes,
2215 3296 2531 3358 ἅμειβόμικι,
2559 3314 2650 3362 pro
2680 3300 2835 3350 vicis-

1696 3362 1805 3419 sim,
1829 3361 2038 3410 invicem
2062 3363 2191 3410 inter
2212 3377 2292 3410 se:
2329 3363 2389 3411 cf.
2415 3362 2531 3410 AEn.
2555 3363 2641 3420 xii.
2668 3364 2838 3415 720-

1698 3425 1807 3477 723.
1864 3428 2019 3484 Lavit,
2044 3427 2291 3490 poeticum
2314 3427 2517 3476 verbum
2546 3441 2639 3490 pro
2664 3427 2833 3492 tingit,

1696 3489 1961 3553 perfundit,
2010 3489 2179 3540 defluit
2228 3489 2290 3538 de
2342 3507 2559 3554 corpore.
2632 3495 2839 3542 Obm’aeoe

1695 3569 1807 3602 cum
1830 3553 2012 3602 dilectu
2032 3563 2083 3602 et
2104 3554 2167 3602 vi.

1762 3619 2033 3667 228-228.
2076 3621 2234 3668 Malta
2258 3633 2457 3681 gemens,
2486 3629 2689 3684 propter
2718 3621 2831 3670 vul·

1696 3684 2054 3732 neraavictore
2070 3692 2283 3746 accepta.
2332 3686 2527 3732 Stabula

1698 3748 1981 3812 respiciens,
2004 3757 2293 3809 retorquens
2318 3747 2511 3804 oculum
2548 3757 2605 3798 ut
2623 3748 2837 3800 facimu-

1698 3813 1751 3860 in
1784 3829 1837 3860 re
1868 3828 2015 3874 quam
2040 3811 2185 3859 inviti
2213 3781 2547 3874 relinquimur.
2616 3817 2835 3864 amm

1698 3877 1840 3924 docte
1862 3885 2048 3924 mutato
2070 3885 2169 3924 tem
2168 3891 2303 3939 pore,
2328 3891 2418 3950 pro
2440 3875 2647 3925 excedit.

1766 3942 1860 3988 229
1882 3955 1983 4002 sqq.
2022 3891 2487 3988 Pramus-mmm
2510 3941 2641 3990 hunc
2666 3941 2837 3992 loma:

1696 4003 1873 4052 imitati
1896 4014 2013 4052 sunt
2030 4002 2246 4052 Lucm'
2232 4002 2282 4051 ιί.
2304 4005 2577 4062 eol—6⁰⁷,
2596 4006 2839 4082 preclaro

1695 4067 1829 4124 loeo,
1868 4068 2053 4116 Statius
2088 4069 2241 4116 Theb.
2274 4067 2327 4126 ii,
2355 4071 2641 4127 323-330·
2678 4070 2837 4122 Silius

1700 4131 1809 4180 Ital.
1834 4133 1933 4190 xvi,
1954 4133 2130 4180 4--10.

1762 4199 2033 4246 230-232,
2066 4199 2275 4246 Inetmto
2306 4195 2355 4244 h.
2379 4195 2410 4244 l.
2435 4211 2536 4246 ιιοιι
2566 4207 2725 4248 stram
2748 4216 2835 4248 οι·

1696 4261 1795 4318 bile,
1830 4260 1883 4310 in
1920 4260 2055 4309 nudo
2088 4259 2209 4310 solo.
2284 4263 2445 4320 Gara,
2478 4261 2623 4325 junci
2658 4279 2835 4326 genus.

1694 4326 1845 4372 Iram-⁸·
1874 4329 1923 4372 ιἰι
1956 4341 2127 4373 our-uua
2152 4327 2307 4372 discit.
2365 4326 2555 4376 Iterum
2588 4327 2685 4376 hoc
2712 4327 2833 4378 AEn.

1692 4389 1779 4448 xii,
1806 4391 1913 4445 104,
1934 4391 2075 4436 ἔνεισι-ι’
2096 4393 2147 4436 in
2166 4405 2337 4438 corma
2356 4397 2518 4440 tentat.
2566 4393 2699 4442 Cum
2714 4407 2833 4442 sen-
