3050 4934
483 251 572 322 20
1316 254 1965 326 BUCOLICON

543 408 759 471 adeoque
779 409 1090 458 vaticinantis
1107 409 1270 460 verbis
1293 419 1343 460 et
1361 410 1782 475 phantasmatibus
1804 425 1948 458 sensa
1969 425 2059 458 sua
2074 407 2314 472 exposuit.
2368 409 2571 458 Summa
2588 415 2796 456 senten-

545 487 723 536 tiarum
745 490 848 537 haec
871 499 975 538 est:
1015 490 1344 540 insecuturam
1377 508 1483 540 esse
1521 502 1797 554 temporum
1834 489 2116 538 felicitatem
2152 504 2407 551 magnamz
2457 503 2662 550 eamque
2693 485 2795 533 ini-

545 568 668 615 tium
690 569 964 618 habituram
989 587 1094 618 esse
1119 586 1147 618 a
1168 571 1411 619 natalibus
1433 571 1589 636 pueri,
1614 569 1834 618 Pollione
1856 586 1951 618 cos.
1973 569 2091 617 nati.
2137 569 2351 624 Quinam
2374 568 2456 616 ille
2478 583 2603 632 puer
2624 565 2794 623 fuerit,

545 657 596 696 et
630 648 746 710 quid
777 659 972 713 poetam
1007 651 1266 700 adduxerit
1295 661 1352 700 ut
1386 660 1573 699 tantam
1608 665 1774 699 rerum
1804 649 2174 698 conversionem
2205 663 2264 696 eo
2302 656 2419 696 nato
2462 647 2799 696 insecuturam

547 727 767 790 polliceri
789 730 959 793 possit,
985 731 1076 778 hoc
1101 740 1174 779 est
1195 731 1326 794 quod
1349 730 1596 794 quaeritur.

483 805 652 856 Potest
671 808 782 856 novi
808 811 974 862 saeculi
993 811 1216 870 felicitas,
1243 827 1306 860 ex
1323 827 1442 876 pace
1465 809 1811 860 Brundusium
1826 810 1987 868 ducta,
2006 807 2310 873 simpliciter,
2333 816 2563 870 tanquam
2582 807 2800 870 epochae,

546 887 736 950 alligari
773 890 1014 939 natalibus
1047 891 1190 955 pueri
1223 893 1304 954 qui
1342 901 1445 940 tum
1473 892 1835 955 expectabatur.
1908 889 2025 936 Fuit
2042 889 2174 936 enim
2197 903 2355 936 annus
2374 888 2435 935 U.
2457 887 2513 935 C.
2539 886 2649 943 714,
2670 901 2797 934 coss.

547 968 603 1014 C.
621 968 796 1018 Asinio
819 969 1040 1018 Pollione
1063 982 1113 1018 et
1135 972 1224 1020 Cn.
1245 970 1464 1018 Domitio
1483 970 1705 1019 Calvino.
1754 970 1829 1016 Eo
1847 969 2011 1032 itaque
2033 984 2163 1017 anno
2181 966 2469 1016 Maecenatis
2490 976 2543 1014 et
2560 964 2801 1014 Pollionis

547 1063 697 1110 opera
721 1049 988 1098 Brundusii
1019 1066 1118 1114 pax
1150 1051 1419 1115 composita
1451 1051 1559 1108 fuit,
1580 1053 1718 1112 cujus
1740 1049 1877 1112 quasi
1910 1049 2090 1112 pignus
2112 1047 2329 1105 Octavia,
2355 1045 2613 1094 Octaviani
2642 1061 2798 1104 soror,

547 1128 766 1176 Antonio
799 1129 849 1176 in
881 1131 1243 1179 matrimonium
1268 1131 1445 1179 tradita
1467 1141 1555 1179 est.
1581 1131 1704 1178 Erat
1726 1145 1785 1177 ea
1814 1143 1878 1176 ex
1896 1129 2060 1192 priore
2082 1128 2273 1186 marito,
2304 1126 2554 1183 Marcello,
2578 1125 2797 1188 gravida,

546 1207 598 1256 id
620 1209 749 1270 quod
767 1209 963 1258 disertis
987 1211 1146 1260 verbis
1170 1211 1269 1260 Dio
1292 1219 1543 1268 memorat,
1566 1210 1649 1258 lib.
1673 1209 1827 1265 xlviii,
1851 1226 1891 1257 c.
1919 1211 1976 1256 31
1996 1227 2008 1264 ς
2044 1208 2282 1256 infantem
2314 1207 2453 1256 illum
2477 1207 2549 1254 M.
2578 1206 2793 1255 Marcel-

547 1287 664 1346 lum,
685 1304 920 1351 generum
943 1306 1060 1339 mox
1081 1291 1308 1354 Augusti,
1333 1291 1395 1338 de
1418 1306 1514 1353 quo
1538 1291 1653 1337 AEn.
1675 1289 1723 1337 vi
1745 1289 1881 1336 locus
1902 1287 2079 1335 nobilis
2103 1296 2191 1344 est,
2216 1287 2367 1335 fuisse
2388 1295 2577 1350 putant.

481 1367 646 1414 Aliam
682 1383 871 1432 magnae
903 1371 1256 1434 expectationis
1288 1370 1476 1435 prolem
1510 1369 1670 1417 eidem
1704 1383 1833 1416 anno
1873 1367 2111 1430 assignari
2142 1383 2288 1430 posse
2320 1366 2551 1415 viderunt
2582 1364 2665 1414 alii
2698 1365 2797 1414 viri

543 1446 688 1506 docti,
715 1464 776 1496 ex
795 1449 981 1512 nuptiis
1003 1450 1262 1498 Octaviani
1285 1465 1396 1498 cum
1421 1449 1689 1506 Scribonia,
1711 1463 1917 1511 quacum
1938 1456 2101 1494 tamen
2120 1461 2250 1494 anno
2272 1455 2507 1509 sequente
2528 1445 2798 1494 divortium

543 1525 672 1585 fecit,
697 1540 922 1593 suscepta
953 1545 1016 1578 ex
1036 1545 1094 1578 ea
1115 1531 1148 1578 J
1151 1530 1264 1578 ulia.
1332 1531 1460 1578 Cum
1491 1529 1547 1578 in
1568 1527 1907 1592 expectatione
1934 1535 2065 1576 esset
2088 1526 2249 1574 Roma
2270 1541 2415 1588 quam
2435 1525 2624 1590 prolem
2658 1524 2792 1572 Scri-

542 1606 690 1654 bonia
711 1607 902 1656 editura
923 1618 1066 1667 esset,
1089 1609 1253 1673 potuit
1271 1609 1509 1672 Virgilius
1534 1607 1688 1656 lilium
1708 1606 1930 1664 ominari,
1953 1615 2004 1654 et
2026 1605 2279 1654 meliorem
2299 1605 2415 1653 inde
2434 1621 2597 1654 rerum
2618 1604 2795 1654 condi-

547 1686 730 1734 tionem
753 1689 995 1750 augurari.

483 1765 896 1816 Vaticinationem
913 1767 1108 1832 sibynae
1128 1769 1188 1817 de
1211 1768 1396 1818 Christi
1417 1768 1661 1817 natalibus
1679 1783 1959 1832 expressam
1978 1773 2098 1824 esse,
2119 1781 2263 1830 quam
2282 1765 2522 1828 Virgilius
2539 1763 2797 1827 ingeniose

547 1847 608 1895 ad
639 1849 826 1897 natales
867 1848 1044 1897 nobilis
1089 1849 1232 1912 pueri
1264 1849 1583 1906 transtulerit,
1623 1845 1907 1896 Lactantius
1938 1846 2124 1904 statuit,
2156 1855 2207 1894 et
2237 1845 2589 1894 Constantinus
2629 1846 2701 1893 M.
2743 1846 2801 1894 in

547 1930 681 1976 Orat.
707 1929 770 1976 ad
793 1930 1082 1976 Sanctorum
1113 1931 1307 1976 Coetum
1331 1929 1664 1976 demonstrare
1686 1925 1867 1976 voluit:
1902 1935 2048 1988 atque
2071 1929 2177 1988 eJus
2202 1926 2539 1974 auctoritatem
2564 1942 2675 1974 cum
2698 1925 2801 1977 ista

546 2015 688 2054 aetate
721 2008 1009 2071 plerumque
1042 2008 1309 2056 Christiani
1346 2007 1584 2066 homines,
1608 2017 1711 2056 tum
1742 2007 1966 2054 aetatibus
1996 2007 2177 2055 nostris
2202 2006 2297 2054 viri
2328 2006 2457 2054 docti
2492 2005 2646 2054 secuti
2676 2017 2801 2054 sunt

541 2087 785 2150 plerique;
823 2088 882 2135 de
901 2088 980 2136 via
1002 2105 1056 2136 ac
1081 2087 1269 2136 ratione
1295 2097 1483 2136 tantum
1506 2087 1717 2145 solliciti,
1742 2103 1837 2150 qua
1860 2085 2166 2136 reconditum
2196 2086 2477 2150 hujusmodi
2508 2085 2795 2137 vaticinium

548 2166 610 2214 ad
635 2167 886 2214 Romanos
907 2167 1166 2231 pervenire
1188 2167 1417 2232 potuerit.

479 2246 644 2295 Etiam
673 2246 936 2304 Lowthius,
963 2247 1162 2296 Summe
1186 2249 1310 2296 Ven.
1347 2247 1514 2312 Episc.
1553 2247 1779 2306 Londin.,
1806 2247 2023 2296 Praelect.
2054 2248 2156 2306 xxi,
2182 2248 2371 2296 erudite
2404 2249 2467 2296 de
2498 2249 2591 2296 hac
2622 2247 2799 2310 ecloga

540 2327 656 2390 agit,
681 2341 884 2389 eamque
904 2327 1104 2377 omnino
1126 2327 1345 2391 expediri
1367 2343 1510 2391 posse
1536 2337 1708 2390 negat3
1743 2343 1832 2376 nec
1856 2328 2063 2378 multum
2086 2329 2223 2376 abest
2242 2328 2361 2390 quin
2384 2328 2477 2376 sibi
2500 2327 2798 2392 persuadeat

546 2422 646 2454 non
691 2405 797 2454 sine
831 2407 934 2455 veri
973 2406 1068 2454 Dei
1113 2407 1279 2455 affiatu
1315 2423 1424 2456 eam
1463 2407 1695 2472 scriptam
1734 2423 1855 2456 esse.
1925 2408 1979 2455 Si
2021 2408 2128 2471 quis
2170 2417 2332 2456 tamen
2379 2408 2542 2456 animo
2581 2415 2799 2471 reputet,

543 2486 750 2535 aliorum
768 2502 960 2548 quoque
980 2487 1286 2550 populorum,
1307 2497 1484 2552 praeter
1499 2489 1532 2535 J
1537 2487 1714 2546 udaeos,
1735 2497 1871 2536 vates
1894 2497 1945 2536 et
1967 2487 2197 2536 vaticinia
2214 2488 2331 2536 olim
2352 2487 2503 2536 fuisse
2524 2503 2801 2552 permagno

543 2581 775 2622 numero3
812 2581 980 2614 eorum
1005 2581 1150 2629 porro
1169 2577 1332 2614 vatum
1355 2567 1555 2630 ingenia
1576 2583 1675 2614 non
1697 2567 1860 2616 minus
1882 2567 2141 2616 incaluisse
2162 2569 2583 2632 phantasmatibus
2600 2578 2653 2617 et
2672 2567 2800 2617 visis

539 2647 760 2710 poeticis,
795 2663 883 2694 seu
915 2645 1160 2710 poeticum
1195 2657 1419 2694 ornatum
1453 2647 1848 2703 admittentibus;
1894 2647 2177 2710 quotiesque
2210 2648 2265 2696 in
2300 2649 2472 2696 eodem
2504 2657 2800 2711 argumento

543 2743 630 2774 seu
670 2725 998 2774 calamitatum
1025 2727 1458 2790 praedicendam,
1494 2743 1583 2775 seu
1618 2727 1861 2776 felicitatis
1899 2727 2107 2791 publicae
2138 2727 2438 2792 privataeque
2478 2729 2801 2778 ostendendae

542 2815 867 2864 versarentur,
892 2807 1167 2854 necessario
1198 2805 1250 2853 in
1283 2807 1454 2854 eadem
1476 2823 1642 2856 rerum
1674 2808 2015 2870 phantasmata
2037 2824 2119 2856 eos
2151 2807 2369 2856 incidere
2400 2808 2651 2857 debuisse:
2688 2823 2797 2858 non

542 2886 664 2934 adeo
697 2886 964 2944 mirabitur,
990 2886 1299 2934 adumbratas
1333 2903 1439 2934 esse
1469 2887 1523 2934 in
1546 2888 1638 2935 hoc
1662 2886 1892 2945 carmine,
1918 2897 1974 2935 ut
1996 2887 2047 2935 in
2082 2896 2155 2934 tot
2175 2887 2299 2946 aliis,
2321 2904 2484 2936 rerum
2514 2887 2703 2952 species
2734 2905 2801 2937 aa:

541 2967 720 3014 formas
739 2982 802 3014 ex
823 2973 964 3014 {etate
989 2981 1149 3024 aurea,
1173 2965 1330 3028 iisque
1353 2966 1554 3025 similes,
1569 2983 1678 3029 quae
1700 2967 1753 3015 in
1772 2966 2033 3015 Hebraicis
2056 2967 2247 3027 vatibus
2268 2977 2557 3023 occurrunt3
2592 2977 2648 3016 ut
2668 2967 2802 3018 illud

543 3056 742 3103 taceam,
763 3046 817 3093 in
833 3059 1010 3108 magno
1032 3044 1118 3092 illo
1137 3045 1483 3109 Sibyllinorum
1503 3047 1807 3096 oraculorum
1826 3063 2043 3105 numero,
2065 3047 2219 3096 multa
2234 3063 2341 3099 esse
2362 3047 2587 3096 debuisse
2604 3063 2635 3096 a
2652 3048 2804 3114 Syris

543 3136 592 3175 et
617 3128 647 3176 J
653 3126 804 3176 udaeis
825 3124 1106 3174 hominibus
1129 3135 1406 3190 propagata.

653 3319 1023 3400 Smnmnns
1054 3337 1294 3416 Musae,
1325 3339 1545 3422 paullo
1572 3341 1817 3424 majora
1846 3363 2185 3420 canamus3

652 3437 808 3500 Non
841 3460 1062 3501 omnes
1091 3440 1361 3503 arbusta
1380 3441 1616 3523 juvant
1644 3441 2050 3526 humilesque
2078 3443 2374 3526 myricae:

649 3539 722 3601 Si
750 3539 1037 3602 canimus
1069 3538 1283 3617 silvaS,
1316 3540 1491 3604 silvae
1523 3541 1652 3604 sint
1682 3541 1967 3606 Consule
1998 3544 2235 3626 dignae.

735 3638 982 3703 Ultima
1012 3639 1260 3705 Cumaei
1290 3643 1464 3705 venit
1485 3642 1624 3725 jam
1654 3643 1951 3706 carminis
1983 3655 2141 3707 aetas
2168 3670 2183 3721 3

563 3743 606 3805 5
650 3739 938 3824 Magnus
969 3742 1054 3806 ab
1083 3743 1338 3824 integro
1369 3741 1707 3808 saeclorum
1737 3745 2025 3808 nascitur
2053 3745 2236 3810 ordo,

543 3913 583 3959 1.
629 3913 848 3960 Sicelides
885 3913 1049 3969 Masae,
1087 3910 1328 3974 pastoritii
1369 3911 1599 3960 carminis
1664 3913 1793 3975 quod
1814 3912 1947 3977 ripas
1969 3914 2225 3962 fluminum
2248 3915 2470 3964 obsidere
2492 3916 2629 3964 solet.
2689 3917 2795 3967 Ta·-

473 3975 719 4039 prmides,
743 3974 1059 4033 Theocriteae,
1084 3973 1380 4037 omninoque
1411 3975 1597 4023 bucoli-
1662 3975 1924 4024 mariscum
1947 3993 2053 4025 esse
2086 3977 2263 4026 docent
2291 3988 2405 4042 post
2433 3981 2463 4029 J
2469 3980 2622 4028 ulium
2646 3981 2795 4030 Sabi-

476 4054 560 4087 cae.
641 4038 843 4088 Σικελὸν
884 4037 1032 4098 μέλος
1076 4037 1202 4087 Bion
1249 4037 1389 4101 Idyll.
1427 4039 1509 4097 vii,
1556 4041 1595 4087 1.
1663 4054 1782 4088 num
1805 4041 1897 4088 viri
1923 4041 2067 4088 docti.

477 4101 719 4152 Σικελικαὶ
731 4103 907 4151 Μοῖσαι
918 4103 1152 4151 Moschus
1165 4102 1304 4166 Idyll.
1318 4102 1386 4151 iii.
1427 4103 1599 4150 Paullo
1731 4107 1773 4152 3.
1811 4109 1947 4154 Silvae
1968 4109 2063 4153 sint
2088 4109 2277 4154 Consule
2300 4109 2453 4168 digne
2468 4126 2484 4154 :
2508 4107 2574 4155 sit
2588 4123 2797 4158 carmen

473 4165 620 4214 altius
662 4180 714 4211 se
754 4180 843 4228 pro
882 4167 1100 4216 bucolico
1143 4166 1358 4216 carmine
1399 4167 1598 4230 aggredi
1664 4169 1756 4216 hoc
1779 4169 2051 4218 bucolicum
2073 4171 2191 4219 satis
2210 4186 2273 4219 ex
2294 4170 2530 4233 dignitate
2550 4172 2800 4223 Pollionis

474 4237 815 4292 argumentum
839 4230 962 4278 bene
984 4233 1226 4294 praefatur.
1281 4232 1421 4280 Idem
1441 4247 1600 4294 genus
1664 4249 1760 4281 cos.

473 4291 746 4341 bucolicum
768 4308 915 4357 porro
937 4299 1153 4354 arbustis,
1179 4299 1378 4360 myricis,
1399 4306 1448 4344 et
1469 4300 1597 4344 silvis
1729 4300 1761 4344 4
1777 4314 1876 4360 sqq.
1906 4298 2084 4362 Agitur
2106 4302 2207 4360 jam
2234 4299 2405 4346 ultima
2421 4309 2538 4347 aetas
2556 4299 2801 4352 carminis

477 4355 720 4422 exprimit.
1665 4361 1917 4425 Sibyllini;
1965 4361 2142 4411 iterum
2178 4363 2442 4427 procedent
2476 4364 2651 4412 saecula
2678 4379 2799 4439 quae

543 4423 584 4470 2.
622 4423 809 4483 Myrice
827 4420 1024 4482 virgulti
1047 4439 1202 4484 genus
1225 4425 1276 4474 in
1304 4426 1458 4475 ltalire
1481 4425 1594 4484 oris,
1662 4426 1887 4475 fuerunt:
1919 4427 1963 4482 6,
1986 4426 2031 4484 7,
2068 4427 2281 4489 adeoque
2316 4427 2443 4477 redit
2476 4443 2606 4477 nunc
2623 4443 2794 4492 primo
