3050 4934
1130 251 1469 319 LIBER
1514 252 1742 321 V111.
2461 250 2592 317 405

281 396 411 461 560
455 397 522 464 O
550 400 706 465 mihi
733 403 1103 486 prseteritos
1134 402 1375 469 referat
1404 404 1459 468 si
1487 403 1754 487 Jupiter
1781 404 2023 467 annon!

454 485 685 558 Qualis
714 510 915 565 eram,
948 510 1148 572 quum
1176 491 1447 573 primam
1476 491 1678 553 aciem
1709 488 2044 551 Praeneste
2079 487 2210 564 sub⁸
2229 486 2375 571 ipsa

453 588 667 651 Stravi
699 601 1157 675 scutorumque
1188 592 1446 657 incendi
1476 592 1680 655 victor
1711 612 2011 667 acervos3

453 690 546 755 Et
575 714 794 777 regem
822 694 946 760 hac
978 695 1279 760 Herilum
1306 698 1542 761 dextra
1572 695 1695 759 sub
1724 693 2008 758 Tartara
2035 694 2213 771 misi;

451 791 769 860 Nascenti
800 799 904 861 cui
934 808 1066 861 tres
1098 799 1341 861 animas
1372 796 1650 861 Feronia
1679 804 1884 859 mater

278 892 409 955 565
451 892 901 976 (Horrendum
929 898 1134 979 dictu)
1165 898 1463 974 dederat,
1494 908 1680 960 terna
1709 918 1888 960 arma
1915 894 2267 972 movenda3

453 995 593 1059 Ter
620 995 801 1061 letho
830 999 1217 1062 sternendus
1248 1008 1423 1063 erat:
1470 998 1577 1062 cui
1607 1008 1761 1061 tunc
1791 1008 2006 1061 tamen
2036 1017 2256 1059 omnes

453 1094 751 1161 Abstulit
776 1097 921 1163 haec
950 1100 1193 1163 animas
1226 1100 1483 1175 dextra,
1516 1108 1585 1161 et
1613 1098 1882 1162 totidem
1914 1098 2096 1161 exuit
2125 1097 2339 1161 armis·

453 1196 611 1261 Non
640 1220 765 1282 ego
796 1221 966 1263 nunc
997 1198 1173 1265 dulci
1201 1198 1505 1283 amplexu
1534 1198 1875 1263 divellerer
1904 1220 2200 1281 usquam,

454 1297 655 1376 Nate,
684 1309 835 1377 tu03
884 1322 1095 1384 neque
1124 1300 1434 1365 finitimus
1467 1300 1838 1365 Mezentius
1868 1321 2164 1383 usquam,

282 1399 412 1462 570
454 1400 631 1464 Huic
662 1402 859 1485 capiti
888 1400 1229 1478 insultam,
1262 1412 1361 1465 tot
1388 1399 1564 1464 ferro
1595 1423 1766 1464 saeva
1793 1400 2086 1464 dedisset

450 1499 732 1578 Funera,
764 1512 897 1565 tam
924 1501 1139 1566 multis
1170 1500 1502 1565 viduasset
1533 1502 1778 1565 civibus
1815 1502 2065 1565 urbem.

453 1600 550 1665 At
578 1624 717 1679 voe,
750 1624 789 1666 o
818 1604 1062 1687 superi,
1092 1613 1161 1668 et
1189 1598 1409 1666 divfim
1437 1614 1511 1666 tu
1540 1598 1836 1665 maxume
1868 1602 2086 1666 rect'or

450 1702 735 1788 Jupiter,
766 1700 1058 1781 Arcadii,
1088 1726 1333 1788 quoeSO,
1366 1704 1759 1768 miserescite
1790 1704 1986 1787 regie,

454 1804 547 1868 Et
574 1804 819 1889 patrias
849 1805 1071 1869 audite
1100 1826 1366 1889 preces:
1416 1804 1487 1867 Si
1516 1805 1776 1869 numina
1805 1814 2022 1868 vestra

279 1906 409 1970 575
452 1904 843 1970 Incolumem
873 1904 1171 1971 Pallanta
1197 1905 1375 1983 mihi,
1406 1907 1461 1970 si
1489 1905 1628 1972 fata
1654 1915 2012 1983 reservant,

454 2006 525 2070 Si
554 2008 807 2071 visurus
839 2029 986 2071 eum
1016 2008 1182 2085 vivo,
1214 2018 1282 2071 et
1309 2017 1620 2073 venturus
1651 2009 1718 2071 in
1749 2028 1984 2084 unum;

450 2108 672 2172 Vitam
702 2129 853 2171 oro:
882 2110 1095 2192 patiar
1123 2109 1411 2193 quemvis
1442 2110 1682 2173 durare
1711 2107 2020 2173 laborem.

455 2209 571 2273 Sin
600 2207 879 2293 aliquem
906 2208 1241 2275 infandum
1268 2232 1512 2286 casum,
1547 2210 1860 2286 Fortuna,
1890 2210 2186 2287 minaris;

451 2310 673 2387 Nunc,
706 2332 745 2373 o
775 2331 947 2373 nunc
974 2309 1165 2374 liceat
1192 2309 1521 2375 crudelem
1550 2312 1936 2395 abrumpere
1966 2312 2183 2390 vitam,

276 2414 407 2477 580
450 2412 632 2476 Dum
660 2433 835 2478 curae
862 2413 1204 2497 ambiguae,
1235 2412 1391 2477 dum
1420 2434 1572 2499 spes
1602 2413 1848 2477 incerta
1874 2412 2100 2491 futuri,

451 2514 631 2579 Dum
660 2526 747 2591 te,
780 2536 929 2579 care
958 2536 1145 2597 puer,
1177 2535 1321 2577 mea
1348 2535 1497 2577 sera
1520 2523 1590 2577 et
1619 2512 1756 2577 sola
1785 2510 2108 2596 voluptaS,

452 2614 813 2700 Complexu
842 2626 1070 2693 teneo;
1115 2614 1373 2699 gravior
1401 2636 1483 2678 ne
1514 2614 1778 2677 nuntius
1811 2634 2001 2677 aures

450 2714 791 2781 Vulneret.
868 2715 1035 2781 Haec
1064 2716 1318 2800 genitor
1349 2715 1651 2798 digressu
1680 2713 1855 2778 dicta
1886 2735 2189 2797 supremo

450 2818 832 2883 Fundebat:
877 2815 1097 2881 famuli
1126 2815 1479 2900 collapsum
1508 2816 1574 2878 in
1607 2825 1780 2879 tecta
1805 2813 2124 2879 ferebant.

277 2920 407 2985 585
534 2919 813 3003 Jamque
842 2918 1009 2983 adeo
1038 2918 1287 2982 exierat
1311 2916 1519 3001 portis
1552 2916 1878 2999 equitatus
1908 2916 2187 2999 apertis:

450 3021 700 3086 AEneas
730 3020 900 3085 inter
925 3020 1167 3104 primos
1197 3028 1265 3083 et
1289 3018 1464 3082 fidus
1495 3015 1824 3094 Achates3

449 3121 611 3186 Inde
642 3122 747 3186 alii
775 3121 1000 3205 Trojae
1028 3142 1371 3205 proceres;
1416 3120 1558 3202 ipse
1589 3120 1843 3202 agmine
1873 3116 2088 3181 Pallas

450 3223 526 3287 In
554 3224 789 3300 medio,
822 3221 1159 3305 chlamyde
1189 3232 1257 3284 et
1285 3220 1475 3307 pictis
1504 3229 1892 3303 conspectus
1923 3219 1990 3282 in
2019 3220 2247 3282 armis:

450 3324 705 3402 Qualis,
737 3324 851 3388 ubi
882 3322 1131 3388 Oceani
1160 3320 1466 3406 perfusus
1501 3320 1769 3385 Lucifer
1797 3320 1998 3395 unda,

276 3428 407 3493 590
451 3427 667 3500 Quem
698 3426 927 3491 Venus
958 3433 1108 3488 ante
1140 3420 1298 3487 alios
1330 3431 1656 3485 astrorum
1683 3418 1894 3504 diligit
1921 3420 2128 3504 ignee,

340 3594 452 3643 561.
488 3594 559 3640 Ut
578 3592 671 3641 sim
694 3590 819 3649 talis,
854 3592 1006 3653 qualis
1037 3606 1163 3638 eram
1196 3596 1287 3637 etc.
1312 3588 1395 3635 εἴθ’
1529 3586 1639 3633 569.
1673 3587 1936 3640 Finitima-s,
1952 3583 2035 3646 qui
2058 3592 2132 3631 est
2153 3583 2204 3630 in
2221 3584 2427 3633 finitima
2448 3588 2581 3634 urbe.

274 3660 337 3709 ss
360 3657 573 3718 ἡβώοιμι.
1528 3650 1624 3699 672
1645 3664 1748 3711 sqq.
1785 3647 1987 3695 Habent
2020 3648 2096 3695 hae
2126 3664 2298 3713 preces
2319 3657 2454 3697 tanto
2474 3650 2584 3713 plus

342 3721 614 3771 563—567.
667 3720 903 3768 Fabulam
945 3717 1007 3765 de
1044 3718 1223 3774 Her-llo,
1262 3716 1394 3763 Prae-
1462 3712 1729 3771 suavitatis,
1753 3711 1880 3787 quod
1901 3720 2128 3774 tanquam
2145 3713 2472 3788 praesensione
2494 3714 2582 3761 ali-

274 3787 579 3835 nestinorurn
594 3784 732 3843 duce,
749 3781 1063 3831 domesticam
1078 3780 1245 3836 nescio
1266 3779 1397 3828 unde
1493 3794 1556 3827 ua
1578 3778 1724 3826 tacita
1759 3775 2060 3825 mminentis
2097 3776 2198 3825 fiho
2232 3778 2320 3825 fati
2349 3778 2488 3825 factae
2509 3778 2583 3825 vi-

274 3850 529 3915 acceperit.
550 3852 772 3897 Feronia:
787 3846 883 3896 vid.
895 3862 1002 3911 sup.
1013 3844 1097 3903 vii,
1109 3848 1217 3893 800.
1248 3846 1397 3893 Tema
1496 3852 1652 3891 enm.
1711 3842 1842 3891 Nam
1863 3840 2160 3890 interimitur
2181 3842 2340 3890 Pallas
2355 3842 2480 3890 libro
2499 3857 2550 3889 x.

274 3934 405 3964 ama
436 3916 663 3971 menda,
688 3922 743 3961 ut
774 3922 849 3959 ter
883 3910 1179 3961 reviviscens
1209 3918 1283 3958 ter
1316 3924 1393 3957 re-
1528 3908 1638 3957 5⁷6.
1681 3909 1907 3956 Ventum
1927 3910 1978 3953 in
1999 3924 2150 3964 unum,
2169 3906 2348 3955 iterum
2369 3922 2482 3954 eum
2505 3921 2582 3955 re-

272 3980 491 4036 bellaret,
543 3977 759 4039 adeoque
804 3985 881 4025 ter
933 3984 1063 4025 esset
1114 3974 1397 4023 vincendus.
1462 3972 1658 4022 visurus
1680 3981 1732 4020 et
1751 3980 2092 4020 conventurus.

276 4044 389 4093 Nisi
411 4044 536 4092 forte
556 4041 733 4090 melius
754 4040 824 4089 sic
856 4040 1174 4104 interpungas
1198 4048 1247 4087 et
1268 4038 1394 4087 acci·
1531 4038 1640 4087 578.
1677 4039 1759 4085 Sin
1773 4056 1791 4091 ,·
1826 4044 1942 4085 nota
1965 4032 2183 4097 εὐφημία.
2431 4098 2443 4109 .

272 4106 407 4173 piam¹
443 4109 670 4156 Naso-ente·
702 4109 777 4153 eui
812 4114 906 4154 tres
934 4106 1367 4153 ‹mimas—dederat
1381 4122 1398 4151 .-
1531 4103 1640 4149 581.
1676 4104 1790 4149 Sera
1804 4119 1823 4154 ,-
1857 4115 1974 4161 ergo
1996 4108 2102 4146 erat
2121 4096 2405 4158 τηλύγετος,
2429 4114 2482 4147 m
2503 4114 2580 4147 se-

273 4182 406 4221 terna
443 4188 575 4220 arma
602 4172 830 4228 movenda,
859 4172 949 4217 Ter
978 4171 1248 4217 sternendus
1278 4176 1395 4216 erat.
1462 4175 1658 4215 nectute
1680 4164 1832 4229 patris
1853 4172 2012 4211 natus.

276 4240 364 4286 0αὲ
379 4246 487 4285 tanc
505 4244 733 4284 tamew—.
751 4235 876 4283 Erat
888 4242 961 4281 ter
969 4248 1083 4281 cum
1100 4247 1157 4279 eo
1172 4247 1394 4295 pugnan-
1527 4230 1752 4278 588—59
1760 4230 1799 4275 l.
1835 4230 1974 4275 Picta
1989 4243 2119 4274 amna
2141 4234 2258 4274 sunt
2271 4241 2390 4275 auro
2407 4242 2580 4290 argen-

270 4302 405 4359 dum,
430 4310 505 4349 ter
527 4314 662 4349 arma
694 4298 749 4347 in
784 4314 897 4347 eum
920 4296 1173 4354 movenda,
1198 4304 1273 4344 ter
1294 4304 1399 4344 erat
1462 4304 1608 4356 toque
1651 4292 1894 4341 distincta.
1969 4288 2191 4353 Persianas
2239 4293 2408 4340 Oceani
2463 4296 2587 4369 “²²⁶9

272 4366 579 4421 vincendus„
624 4364 796 4427 Itaque
838 4361 1068 4411 Evander
1102 4370 1177 4409 ter
1214 4358 1316 4408 vita
1349 4368 1401 4409 et
1462 4374 1562 4407 non
1584 4357 1681 4406 alio
1701 4365 1902 4421 spectat,
1927 4370 2070 4417 quam
2093 4354 2157 4403 ad
2176 4364 2338 4405 ortum
2359 4372 2422 4405 ex
2443 4372 2581 4407 mart.

272 4431 421 4479 armis
444 4439 661 4479 exuerat.
1468 4426 1610 4476 Quem
1636 4424 1784 4470 Venus
1798 4440 1814 4468 .-
1835 4419 1948 4483 quia
1965 4432 2040 4469 est
2056 4420 2196 4469 stella
2213 4421 2440 4481 Veneris,
2485 4426 2584 4471 Ex-
