3050 4934
1159 262 1501 331 LIBER
1546 263 1678 329 lv.
2435 268 2568 335 827

426 410 623 495 Isque
650 432 875 475 amens
902 412 1119 489 animi,
1148 423 1217 479 et
1244 434 1505 479 rumore
1534 434 1848 481 accensus
1877 436 2120 495 auaro,

426 510 689 577 Dicitur
716 522 869 577 ante
900 534 1070 590 aras,
1100 514 1315 579 media
1340 514 1511 579 inter
1537 516 1800 579 numina
1829 516 2072 593 divum,

250 613 381 677 205
425 610 643 676 Multa
671 610 905 677 «Iovem
930 614 1227 679 manibus
1260 613 1542 699 supplex
1569 614 1794 680 orasse
1825 618 2110 700 supinis:

423 712 689 798 Jupiter
716 716 1125 799 omnipotens
1130 761 1149 792 ,
1182 716 1287 781 cui
1316 738 1489 781 nunc
1519 715 1864 781 Maurusia
1891 720 2082 802 pictis

425 814 612 880 Gens
642 814 909 899 epulata
936 816 1095 881 toris
1128 816 1442 882 Lenoeum
1471 816 1634 883 libat
1661 817 1997 895 honorem,

424 915 739 1000 Adspicis
764 916 953 982 hoec?
1014 914 1127 982 An
1154 930 1243 995 te,
1275 919 1555 1002 genitor,
1587 941 1788 1002 quum
1817 918 2084 985 fulmina
2109 931 2402 1007 torques,

426 1016 891 1102 Nequidquam
920 1017 1304 1085 horremus?
1348 1021 1634 1104 caecique
1665 1020 1732 1085 in
1759 1021 2046 1087 nubibus
2073 1022 2259 1107 ignes

248 1120 383 1183 210
425 1119 821 1186 Terrificant
846 1122 1115 1198 annuos,
1144 1134 1215 1186 et
1240 1123 1455 1187 inania
1482 1144 1810 1187 murmura
1838 1122 2153 1191 miscent?

423 1220 711 1300 Femina,
734 1244 893 1306 ,quoe
916 1224 1155 1289 nostris
1185 1244 1409 1288 errans
1440 1224 1507 1287 in
1533 1223 1776 1291 finibus
1803 1227 2036 1291 urbem

426 1322 753 1407 Exiguam
781 1324 997 1408 pretio
1023 1325 1268 1408 posuit,
1298 1325 1401 1389 cui
1430 1324 1613 1391 littus
1643 1328 1983 1405 arandum,

424 1423 677 1509 Cuique
704 1423 832 1490 loci
858 1424 1039 1509 leges
1068 1425 1389 1501 dedimus,
1422 1428 1746 1491 connubia
1775 1438 2002 1493 nostra

425 1524 719 1611 Repulit,
748 1548 827 1591 ac
855 1527 1185 1593 dominum
1212 1527 1477 1593 AEnean
1506 1529 1574 1592 in
1602 1550 1806 1613 regna
1834 1532 2104 1616 recepit.

246 1628 379 1692 215
422 1627 515 1697 Et
542 1650 715 1695 nunc
742 1626 849 1693 ille
878 1627 1091 1706 Paria,
1124 1651 1271 1695 cum
1302 1630 1600 1694 semiviro
1629 1632 1960 1708 comitatu,

422 1728 711 1797 Maeonia
732 1741 1021 1797 mentum
1048 1732 1241 1797 mitra
1268 1731 1642 1815 crinemque
1671 1732 2040 1797 madentem

422 1830 783 1910 Subnixus,
814 1843 1007 1918 rapto
1032 1833 1317 1918 potitur:
1363 1852 1483 1899 nos
1512 1855 1784 1899 munera
1811 1834 2078 1919 templis.

422 1933 689 2017 Quippe
722 1934 851 1999 tuis
881 1933 1171 2012 ferimus,
1204 1934 1566 2019 famamque
1593 1934 1882 2000 fovemus
1911 1936 2186 2001 inanem.

516 2034 793 2101 Talibus
826 2048 1119 2102 orantem
1149 2038 1363 2114 dictis,
1394 2058 1674 2122 arasque
1705 2048 2055 2116 tenentem,

244 2137 379 2201 220
421 2134 655 2202 Audiit
683 2138 1114 2221 omnipotens,
1142 2137 1496 2222 oculosque
1524 2140 1613 2204 ad
1641 2140 1882 2204 moenia
1905 2141 2097 2205 torsit

418 2236 657 2320 Regia,
689 2248 757 2301 et
784 2236 1023 2302 oblitos
1054 2238 1243 2303 famae
1262 2238 1544 2303 melioris
1573 2250 1884 2305 amantes.

419 2336 595 2402 Tum
624 2338 716 2403 sic
746 2335 1151 2403 Mercurium
1178 2336 1550 2421 alloquitur,
1582 2362 1658 2403 ac
1691 2338 1842 2403 talia
1872 2341 2170 2406 mandat:

312 2576 585 2624 206—210.
618 2574 767 2625 Tales
796 2592 968 2641 preces
990 2576 1169 2641 saepius
1199 2590 1367 2625 occur-
1434 2574 1600 2633 ritum,
1625 2584 1682 2624 ut
1715 2574 1832 2624 alibi
1868 2590 2012 2640 soepe,
2037 2577 2126 2625 sed
2158 2576 2412 2639 invidiose,
2446 2596 2558 2645 par-

241 2649 391 2695 mnt3
430 2640 532 2699 sed,
568 2640 697 2703 quod
730 2650 827 2689 tam
860 2640 1063 2705 impiam
1096 2641 1369 2689 vecordiam
1434 2638 1636 2704 ticipcm
1665 2639 1822 2704 regni,
1853 2640 1972 2703 quin
2001 2642 2158 2691 solum
2190 2658 2357 2706 regem
2389 2653 2439 2693 et
2469 2646 2556 2693 do-

246 2706 409 2753 larboe
436 2704 621 2763 tribuit,
642 2705 735 2752 hoc
757 2704 1065 2753 calidissimis
1088 2714 1139 2753 et
1170 2704 1368 2753 ferocis·
1435 2704 1639 2752 minum.

240 2769 385 2819 simis
408 2769 639 2818 Afrorum
670 2767 881 2832 ingeniis
904 2768 1265 2817 accommodate
1296 2768 1367 2819 fe·
1499 2770 1721 2817 215-21
1729 2770 1773 2817 8.
1801 2772 2020 2819 Semiviro
2039 2774 2256 2819 comitatu
2269 2771 2458 2821 dictum
2479 2772 2556 2821 in-

240 2832 375 2883 eis-e
388 2832 545 2882 videri
562 2833 722 2882 debet.
770 2835 1019 2881 Maurusia
1034 2850 1163 2896 gem,
1186 2832 1367 2891 Mauri,
1432 2832 1606 2897 primis
1635 2843 1862 2897 respectu
1890 2848 2140 2883 sacrorum
2161 2834 2381 2898 Cybeles.
2437 2838 2556 2885 Ma—

242 2898 325 2947 vel
350 2896 645 2955 Mauretani,
678 2897 853 2960 quibus
874 2898 921 2945 h.
947 2897 979 2947 l.
1007 2898 1177 2947 Iarbas
1208 2896 1365 2973 impe·
1432 2900 1835 2947 ona—Sabain..
1851 2897 2052 2963 respicit
2066 2898 2328 2963 Phrygiam
2345 2900 2556 2959 mitram,

240 2976 356 3011 rare
388 2961 609 3019 traditur,
639 2962 917 3011 Nomadum
941 2976 1111 3025 genus,
1136 2960 1241 3011 sive
1273 2977 1365 3009 im·
1432 2960 1481 3009 h.
1509 2976 1551 3010 e.
1585 2964 1758 3023 pileum
1793 2966 2040 3021 incurvum,
2078 2973 2134 3010 ut
2165 2962 2364 3012 Servius
2395 2964 2558 3023 habet,

240 3026 445 3139 {poprie
485 3024 653 3075 Mauri
695 3041 725 3074 a
862 3034 912 3074 ta
952 3026 1071 3075 dicti
1117 3026 1228 3087 (inf.
1276 3028 1371 3075 320
1434 3028 1492 3073 dc
1520 3042 1608 3101 quo
1635 3028 1868 3088 pendebat
1897 3030 2036 3075 etim
2073 3030 2312 3076 bracem-um
2347 3030 2556 3103 tegimen,

296 3092 521 3151 uades),
545 3090 651 3139 sive
672 3089 761 3138 uti
802 3090 814 3101 ⁸
840 3092 901 3140 ab
923 3090 1065 3139 initio
1086 3090 1195 3139 illas
1218 3100 1371 3139 terras
1434 3089 1566 3139 bims
1599 3090 1675 3139 vel
1711 3090 1864 3140 ternis
1905 3090 2110 3140 fimbriis
2146 3107 2236 3141 seu
2269 3092 2432 3143 fasciis
2469 3093 2554 3143 de·

241 3153 496 3205 tenuerint
530 3170 651 3217 quas
686 3164 961 3219 temporum
994 3170 1223 3205 successu
1258 3156 1307 3203 N
1310 3171 1367 3203 u·
1435 3154 1794 3213 scendentibus,
1829 3171 1937 3219 quae
1965 3156 2134 3205 subter
2163 3166 2382 3207 mentum
2417 3157 2554 3207 colli·

240 3218 391 3267 mida!
426 3228 747 3294 occuparunt,
790 3234 1065 3283 quanquam
1101 3229 1153 3269 et
1182 3219 1234 3267 hi
1270 3218 1366 3267 ori·
1432 3218 1540 3280 gari
1575 3219 1822 3275 solebant3
1873 3220 2090 3283 adeoque
2125 3225 2358 3281 cubui-rm,
2391 3232 2558 3271 mento

238 3282 361 3347 gine
385 3283 551 3333 naun
573 3298 681 3333 esse
700 3292 919 3348 potuere.
972 3284 1103 3333 Nam
1126 3283 1365 3331 Numida·
1432 3296 1488 3330 ac
1528 3282 1666 3331 crine
1704 3283 1928 3341 subnixo,
1969 3284 2140 3341 mitt-u
2189 3285 2376 3335 scilicet
2413 3286 2559 3337 mitra

239 3362 357 3397 rum
388 3362 565 3397 nomen
588 3362 688 3396 non
722 3356 823 3399 tam
851 3364 877 3397 s
900 3348 911 3359 ⁰
1004 3364 1055 3397 m
1080 3362 1227 3411 quam
1257 3346 1368 3396 vitaz
1431 3346 1728 3409 subligatum
1748 3348 1934 3397 habens
1961 3358 2158 3397 mentum
2179 3354 2434 3412 crinemque
2456 3368 2554 3399 ma·

238 3426 417 3475 geum,
449 3412 497 3461 h.
530 3427 571 3459 e.
604 3412 883 3461 Nomadum
1006 3412 1018 3423 '
1090 3420 1153 3461 at.
1223 3414 1365 3460 Liba-
1432 3413 1610 3459 dentem
1643 3412 1920 3475 unguentis.
1991 3415 2280 3463 Redimicuta
2313 3423 2430 3463 sunt
2468 3414 2554 3463 inf.

238 3480 411 3525 Hom
429 3476 587 3539 epulis
602 3474 741 3525 factis
758 3476 959 3526 omnino
973 3492 1063 3540 pro
1080 3476 1215 3525 cultu
1233 3490 1369 3525 sacro
1432 3473 1499 3523 ix.
1526 3476 1635 3523 616.
1694 3478 1938 3527 Maeniam
1969 3492 2060 3541 pro
2095 3477 2308 3539 Phrygia
2338 3476 2480 3535 dixit,
2503 3486 2560 3525 ut

238 3556 299 3593 ae
321 3539 558 3603 relig-ione
580 3540 719 3597 dixit,
742 3550 797 3589 ut
818 3550 976 3605 poeta.
1037 3542 1169 3589 Turis
1188 3544 1333 3615 pictis
1351 3559 1368 3589 .-
1433 3548 1592 3603 poeta,
1616 3556 1646 3587 a
1666 3539 1822 3589 vicina
1843 3550 2003 3603 gente.
2060 3540 2190 3587 Nam
2212 3539 2408 3603 proprie
2429 3540 2552 3589 Mae·

240 3604 341 3653 vid.
380 3620 485 3669 sup.
523 3604 557 3661 i.
595 3604 704 3662 708,
744 3604 797 3653 in
838 3604 983 3653 domo
1018 3605 1243 3661 Didonis,
1260 3660 1265 3665 ⁸
1283 3604 1367 3655 ubi
1432 3618 1553 3651 ones
1578 3603 1759 3652 diversi
1782 3620 1812 3652 a
1839 3604 1970 3665 Phry
2005 3603 2125 3651 'bus-
2181 3604 2335 3663 Rapto
2359 3608 2554 3665 potitur,

238 3678 409 3718 tamen
430 3668 607 3717 melius
624 3668 787 3719 locum
808 3684 952 3719 sutum
974 3668 1101 3718 tueri
1124 3668 1365 3727 videntur,
1430 3668 1646 3729 graviter
1665 3684 1756 3731 pro
1777 3676 1947 3731 stupro
2047 3666 2158 3723 itur,
2183 3676 2240 3714 ut
2262 3666 2396 3715 Serv.
2458 3670 2553 3717 Fa-

239 3748 391 3797 quam
428 3730 561 3783 inter
597 3732 745 3783 rudes
787 3733 1003 3783 Mauros.
1077 3736 1199 3783 Gaeei
1236 3736 1367 3796 ignes
1430 3748 1634 3795 mamque
1671 3729 1877 3794 fovemus
1929 3732 2125 3789 inanem
2169 3730 2450 3795 opinionem
2495 3733 2558 3781 de

236 3798 289 3847 h.
324 3797 355 3846 l.
394 3797 506 3863 plus
538 3812 684 3860 quam
720 3798 911 3856 occulti,
946 3798 1119 3855 iuvisi3
1154 3797 1255 3855 sed,
1288 3798 1365 3847 vel
1428 3796 1650 3871 potentia
1671 3796 1766 3843 dei.
1819 3796 1940 3843 Haec
1963 3795 2118 3845 multo
2139 3795 2296 3857 magis
2317 3795 2558 3845 invidiosa

312 3861 325 3873 ‘
357 3862 489 3919 vani,
524 3860 697 3911 inanes
718 3870 847 3919 sunt,
870 3862 949 3912 vel
984 3862 1069 3925 qui
1104 3870 1289 3911 temere
1314 3870 1367 3910 et
1428 3876 1483 3908 ln
1502 3860 1742 3925 religione
1768 3865 1908 3919 nova,
1933 3876 2089 3924 nuper
2108 3860 2306 3909 demum
2325 3858 2552 3909 inducta:

372 3926 443 3975 ito
463 3926 699 3983 feruntur,
719 3926 855 3989 quasi
874 3926 1221 3992 caecoimpetu.
1264 3927 1361 3975 Το-
1428 3924 1526 3973 vid.
1565 3940 1609 3973 v.
1655 3927 1748 3974 198
1844 3959 1857 3973 .
1925 3924 2128 3973 Fundus
2162 3924 2214 3971 in
2255 3923 2556 3973 nobilissimo

237 3991 409 4039 nin-ua
438 3994 641 4048 aiacem,
672 3990 720 4038 h.
744 3990 775 4038 1.
806 3992 1018 4050 turbant,
1040 3992 1255 4045 animos:
1284 3998 1370 4039 aut
1432 3989 1540 4038 loco
1573 3989 1795 4038 Hecubae
1876 3988 2112 4053 uripideae
2142 4003 2186 4036 v.
2220 3990 2314 4037 488
2339 4004 2440 4051 sqq.
2485 3986 2556 4037 Ὦ

234 4056 397 4119 ignes,
412 4054 631 4112 fulmina,
648 4057 851 4113 meent,
870 4072 908 4104 s.
929 4056 1155 4119 adjuncta
1170 4056 1365 4113 habent,
1433 4055 1536 4111 Ζεῦ,
1569 4053 1622 4101 τί
1652 4052 1804 4115 Mem
1839 4051 2019 4115 πότερά
2051 4053 2097 4101 u'
2131 4052 2394 4114 ἀνθρώπους
2426 4053 2554 4116 ὁρᾷν,

236 4136 279 4169 a.
306 4119 507 4177 faciunt,
530 4136 777 4169 mumura-
1432 4128 1523 4166 etc.
2347 4178 2358 4190 .

308 4185 582 4233 212—214.
610 4186 771 4232 Liseus
785 4187 1024 4241 arandum,
1046 4192 1121 4231 est
1140 4182 1367 4232 littoralis
1496 4183 1770 4230 219—221.
1805 4184 1932 4229 Aras
1964 4188 2198 4237 tenentem,
2223 4194 2286 4227 ex
2318 4188 2418 4228 ritu
2438 4196 2551 4244 pre?

234 4248 387 4315 plaga
408 4256 459 4295 ct
489 4264 607 4311 ager
638 4248 690 4313 in
724 4257 855 4297 terra
879 4248 1002 4297 mari
1024 4246 1197 4296 vicina.
1254 4248 1367 4295 Loci
1429 4245 1659 4295 cantium.
1728 4248 1903 4293 Oblitae
1923 4242 2072 4307 sana
2100 4247 2300 4293 menori-u
2314 4254 2553 4317 ‘emeriten

236 4316 365 4376 leges
402 4316 621 4370 dedimus,
661 4313 758 4373 jus,
804 4312 1091 4377 imperium3
1149 4309 1365 4373 adeoque
1429 4325 1626 4422 ἔτρεπε
1649 4308 1848 4366 dictum,
1873 4317 1924 4357 et
1943 4308 2007 4357 ad
2027 4323 2224 4357 sensum
2247 4308 2398 4357 ammi
2426 4324 2550 4373 prae-
2579 4332 2586 4337 ·

194 4426 205 4436 ,
232 4377 401 4427 lomna
422 4376 797 4441 possidendum:
828 4377 901 4425 ita
920 4376 1101 4433 malim,
1126 4390 1269 4438 quam
1291 4374 1361 4422 lo-
1476 4390 1586 4421 are:
1623 4374 1683 4421 cf.
1707 4388 1764 4420 su
1803 4408 1813 4420 .
1843 4372 1949 4423 170.
2540 4436 2550 4447 .

234 4456 355 4491 eum
382 4442 476 4490 sub
506 4450 641 4489 certa
671 4441 797 4503 lege.
826 4444 1107 4507 ,Dominum
1132 4454 1233 4489 non
1260 4454 1363 4487 ma·
1486 4440 1598 4496 222.
1609 4440 1716 4487 223.
1791 4438 2006 4502 deyss.
2024 4455 2062 4495 ε,
2080 4439 2254 4501 282qq.
2271 4438 2450 4499 4³sqq.
2469 4439 2552 4485 ubi
