3050 4934
452 242 582 309 446

1312 233 1870 300 .AENE1DOS

625 388 922 452 Intentos
954 385 1217 451 volvens
1248 383 1494 450 oculos.
1567 384 1714 449 Nec
1741 401 2038 469 purpura
2067 403 2290 467 regem

625 489 813 553 Picta
840 489 1078 566 movet,
1109 509 1229 550 nec
1261 496 1521 571 sceptra
1548 495 1808 551 movent
1831 485 2154 550 Priameia
2181 493 2460 558 tantum,

629 591 965 663 Quantum
993 590 1060 651 in
1090 589 1413 652 connubio
1442 598 1615 651 natae
1643 586 2055 671 thalamoque
2083 595 2410 660 moratur3

626 690 720 754 Et
748 690 985 754 veteris
1015 688 1224 752 Fauni
1253 686 1450 752 volvit
1481 689 1606 752 sub
1635 699 1902 772 pectore
1933 697 2196 751 sortem.

454 793 583 856 255
627 790 825 855 Hunc
854 789 1031 853 illum
1058 789 1208 853 fatis
1237 799 1509 854 externa
1539 790 1623 853 ab
1654 790 1811 854 sede
1841 789 2206 874 profectum

631 895 947 959 Portendi
975 915 1311 978 generum,
1344 894 1742 977 paribusque
1771 895 1836 956 in
1868 916 2072 978 regna
2099 892 2316 956 vocari

625 993 996 1080 Auspiciis3
1040 993 1195 1058 huic
1224 996 1603 1078 progeniem
1631 994 1868 1058 virtute
1898 994 2183 1058 futuram

628 1097 1004 1180 Egregiam,
1035 1106 1104 1159 et
1131 1106 1339 1159 totum
1367 1117 1515 1179 quae
1545 1096 1789 1159 viribus
1821 1105 2098 1180 occupet
2128 1095 2372 1160 orbem.

624 1197 925 1261 Tandem
953 1195 1140 1259 laetus
1170 1196 1295 1280 ait:
1345 1195 1440 1258 Di
1466 1206 1692 1260 nostra
1715 1198 1977 1281 incepta
2008 1196 2392 1271 secundent,

455 1300 586 1364 260
629 1297 1127 1382 Auguriumque
1159 1299 1382 1360 suum!
1430 1297 1742 1374 Dabitur,
1773 1297 2085 1383 Trojane,
2117 1297 2296 1382 quod
2324 1307 2532 1382 optas,

627 1399 913 1462 Munera
941 1419 1063 1462 nec
1094 1419 1354 1483 sperno·
1428 1397 1586 1461 Non
1613 1400 1821 1476 vobis,
1853 1421 2010 1484 rege
2044 1398 2306 1475 Latin0,

629 1500 871 1563 Divitis
901 1501 1067 1564 uber
1096 1499 1239 1582 agri
1265 1498 1570 1582 Trojaeve
1597 1497 1930 1585 opulentia
1957 1500 2188 1564 deerit.

626 1600 781 1685 Ipse
810 1601 1003 1664 modo
1032 1599 1308 1676 AEneaS‚
1340 1602 1546 1666 nostri
1575 1602 1632 1665 si
1657 1612 1840 1665 tanta
1868 1601 2109 1686 cupido
2139 1611 2262 1678 est,

629 1701 701 1765 Si
720 1703 911 1786 jungi
940 1700 1227 1786 hospitio
1255 1713 1590 1785 properat,
1623 1703 1970 1787 sociusque
1999 1703 2237 1780 vocari,

458 1805 588 1868 265
630 1801 994 1880 Adveniat3
1040 1801 1257 1867 vultus
1288 1825 1451 1866 neve
1482 1803 1909 1869 exhorrescat
1935 1806 2197 1869 amicos.

629 1904 794 1969 Pars
823 1903 980 1967 mihi
1008 1904 1189 1988 pacis
1220 1904 1345 1967 erit
1373 1904 1675 1968 dextram
1703 1906 1996 1990 tetigisse
2025 1907 2302 1989 tyranni.

630 2006 770 2071 Vos
802 2017 1029 2072 contra
1058 2007 1197 2090 regi
1224 2028 1369 2070 mea
1396 2028 1570 2071 nunc
1599 2009 1905 2072 mandata
1933 2007 2209 2072 referte:

630 2107 757 2171 Est
783 2108 941 2171 mihi
968 2118 1145 2183 nata,
1176 2109 1314 2171 viro
1344 2108 1560 2192 gentis
1593 2110 2084 2194 quam·jungere
2115 2119 2381 2184 nostroe,

628 2207 785 2271 Non
816 2210 1030 2292 patrio
1059 2229 1144 2270 ex
1170 2209 1370 2291 adyto
1400 2219 1636 2286 sortes„
1665 2232 1796 2274 non
1826 2210 2102 2294 plurima
2129 2208 2296 2274 coelo

456 2310 585 2372 270
629 2308 932 2372 Monstra
962 2310 1215 2373 sinunt:
1263 2331 1542 2392 generos
1566 2312 1854 2375 externis
1885 2310 2090 2376 affore
2120 2313 2208 2375 ab
2237 2311 2396 2387 oris,

450 2422 457 2428 ‘
524 2396 532 2404 ’
626 2409 779 2474 Hoc
810 2401 1003 2473 Latio
1032 2420 1279 2474 restare
1308 2420 1574 2488 canunt,
1605 2413 1718 2495 qui
1749 2413 2062 2496 sanguine
2092 2421 2385 2476 nostrum

627 2510 888 2575 Nomen
916 2509 983 2573 in
1013 2519 1191 2573 astra
1219 2509 1455 2574 ferant.
1528 2511 1729 2575 Hunc
1759 2511 1936 2576 illum
1965 2533 2238 2597 poscere
2268 2512 2406 2577 fata

629 2611 723 2674 Et
750 2632 923 2687 reor,
954 2622 1043 2688 et,
1077 2611 1132 2673 si
1160 2611 1319 2694 quid
1348 2612 1483 2674 veri
1505 2633 1688 2676 mens
1718 2624 2019 2696 augurat,
2052 2625 2234 2698 opto.

628 2712 795 2776 Haec
826 2710 1086 2787 effatus,
1110 2733 1317 2795 equos
1347 2733 1618 2787 numero
1649 2723 1837 2796 pater
1865 2712 2044 2797 eligit
2073 2716 2264 2778 omni.

460 2815 589 2878 275
634 2813 913 2878 Stabant
940 2823 1042 2877 ter
1072 2825 1333 2876 centum
1362 2813 1550 2876 niti‘di
1579 2814 1646 2877 in
1674 2816 2080 2900 praesepibus
2111 2813 2298 2879 altis:

631 2915 954 2978 Omnibus
984 2911 1319 2996 extemplo
1346 2911 1627 2977 Teucris
1647 2915 1841 2998 jubet
1871 2916 2099 2979 ordine
2131 2917 2282 2980 duci

629 3015 949 3079 Instratos
982 3023 1161 3077 ostro
1190 3011 1479 3096 alipedes
1510 3015 1832 3098 pictisque
1865 3016 2124 3100 tapetis.

634 3111 863 3178 Aurea
890 3113 1267 3196 pectoribus
1299 3113 1581 3178 demissa
1610 3114 1867 3180 monilia
1897 3117 2210 3200 pendent,
2235 3157 2248 3168 ·
2342 3123 2350 3129 '

632 3213 825 3279 Tecti
854 3235 1036 3290 auro,
1067 3212 1311 3278 fulvum
1338 3216 1655 3281 mandunt
1684 3219 1808 3282 sub
1835 3217 2143 3283 dentibus
2173 3241 2426 3284 aurum.

533 3438 804 3486 254-258.
829 3439 983 3484 Fauni
1003 3443 1181 3492 sortem,
1201 3449 1309 3499 sup.
1324 3451 1367 3484 v.
1394 3437 1457 3484 95
1480 3453 1582 3500 sqq.

464 3505 666 3552 Paribus
710 3503 943 3563 auspiciis,
988 3499 1343 3548 communicato
1398 3516 1581 3565 regno:

464 3567 534 3615 sic
558 3567 620 3626 iv,
651 3568 755 3625 102,
784 3569 1063 3614 Communem
1090 3568 1211 3612 hunc
1238 3581 1345 3628 ergo
1368 3569 1586 3627 populum

459 3634 737 3693 paribusque
754 3647 965 3695 regamus
981 3631 1213 3690 auspiciis.
1266 3632 1378 3682 Quae
1393 3634 1583 3688 viribus,

464 3695 511 3742 h.
559 3694 841 3743 fortitudine
884 3703 936 3742 et
972 3694 1153 3741 virtute
1196 3693 1395 3750 bellica3
1450 3705 1505 3742 ut
1522 3695 1589 3744 sit

467 3760 637 3822 Βίῃφιν
654 3759 1001 3814 Homer-ictum
1026 3757 1123 3805 nisi
1140 3773 1231 3821 pro
1252 3757 1461 3824 imperio
1482 3759 1583 3807 dic-

464 3833 567 3872 tum
590 3823 815 3888 accipias.

529 3887 801 3938 260—267.
853 3890 1115 3950 Augurium
1145 3905 1276 3937 cuum
1305 3890 1354 3936 h.
1390 3896 1585 3944 sortem,

466 3951 625 4000 Fauni
656 3951 917 4000 oraculum.
974 3953 1173 4000 Munera
1200 3970 1283 4002 nec
1309 3967 1485 4014 sperno,
1506 3951 1583 3999 lu-

466 4017 586 4065 bens
605 4015 805 4090 accipio,
824 4025 880 4064 ut
894 4031 1037 4079 saepe.
1086 4020 1209 4065 Uber
1222 4021 1343 4080 agri,
1361 4017 1583 4064 ubertas:

466 4081 564 4128 vid.
584 4096 689 4144 sup.
705 4096 739 4138 1,
764 4081 873 4128 531.
912 4083 1065 4138 Pacis,
1089 4080 1299 4154 hederis,
1320 4092 1370 4128 et
1382 4083 1586 4142 tyranni,

465 4145 1471 4259 fassssffifflffizm

466 4287 534 4328 re,
553 4281 611 4320 ut
622 4272 835 4322 virorum
850 4272 1046 4320 fortium
1064 4272 1261 4338 nuptias
1273 4282 1413 4322 orent
1426 4282 1511 4320 aut
1526 4273 1585 4320 fi-

467 4335 545 4384 liae
558 4346 643 4384 aut
720 4345 832 4393 tres,
842 4338 942 4398 jam
953 4336 1153 4386 Servius
1166 4337 1366 4386 notavit.
1404 4337 1584 4386 Exem-

466 4399 603 4462 plum
643 4399 659 4446 i
698 4407 829 4448 ustre
858 4399 1052 4448 Alcinoi
1073 4402 1247 4464 Odyss.
1276 4421 1321 4460 η,
1359 4403 1448 4449 311
1484 4419 1588 4464 sqq.

1648 3440 1876 3496 Monstra,
1891 3445 2082 3488 ostenta
2094 3437 2330 3488 divinitus
2350 3437 2514 3499 missa,
2537 3449 2774 3504 suntque

1649 3518 1755 3566 sup.
1781 3505 1844 3550 58
1863 3519 1931 3564 sq.
1958 3501 2016 3552 71
2039 3518 2108 3565 sq.
2129 3504 2352 3568 exposita
2371 3512 2500 3552 sunt.
2553 3508 2655 3554 Hoc
2673 3507 2767 3553 La-

1651 3569 1715 3614 tio
1731 3575 1920 3624 restare,
1939 3567 2142 3614 Latinos
2157 3583 2355 3616 manere
2369 3569 2498 3616 hanc
2513 3567 2769 3628 fortunam,

1649 3639 1706 3678 ut
1725 3647 1877 3693 gener
1899 3631 2013 3679 filiae
2033 3646 2157 3680 meae
2173 3631 2360 3680 advena
2379 3632 2458 3680 sit.
2504 3637 2571 3682 Be
2591 3649 2710 3690 reor,
2725 3641 2772 3681 et

1651 3704 1784 3808 Ξέἱῖὶι
1791 3698 2496 3825 Ἦῖἶῖἑωέιῑῖςῗὲιῖᾆῆἒζῗὲἑ,
2518 3697 2774 3824 ἶεῖἓῒέ,

1651 3825 1817 3886 probo,
1836 3823 1952 3885 quia
1966 3838 2080 3872 eum
2102 3823 2202 3872 fato
2222 3824 2516 3878 destinatam
2539 3839 2774 3889 generum

1651 3903 2004 4028 ΘωὲΊΞΠ-ἕξξὲἶ·
2055 3953 2198 4026 Quod
2247 3968 2336 4001 rex
2392 3951 2596 4002 Latinus
2647 3954 2774 4003 CCC

1652 4031 1802 4078 equos
1826 4033 2034 4065 eximios
2065 4016 2244 4065 aluisse
2276 4027 2514 4074 narrauit,
2547 4033 2579 4065 a
2611 4027 2776 4067 vetere

1653 4081 1783 4128 Latii
1814 4081 1986 4129 habitu
2014 4081 2138 4129 forte
2175 4079 2382 4129 nimium
2417 4091 2652 4144 quantum
2687 4083 2772 4130 ab·

1649 4145 1832 4194 horret.
1899 4147 2086 4194 Verum
2118 4145 2306 4208 reliqua
2335 4145 2500 4193 omnia
2531 4154 2674 4194 aucta
2721 4145 2774 4194 in

1651 4211 1807 4272 majus
1825 4219 1876 4258 et
1890 4209 2186 4274 amplificata
2201 4218 2330 4268 sunt,
2349 4218 2407 4258 ut
2427 4210 2642 4259 narratio
2661 4225 2772 4273 gra·

1651 4274 1853 4322 vitatem
1894 4283 1944 4321 et
1987 4287 2184 4322 carmen
2227 4273 2512 4336 dignitatem
2557 4275 2774 4325 haberet.

1658 4341 1844 4396 Ordine,
1869 4335 2132 4402 ‘deincepffi
2175 4337 2402 4386 omnihus
2425 4347 2498 4400 ‘et
2541 4338 2774 4401 singu1is3

1653 4403 1774 4450 nihil
1810 4402 2032 4466 amplius.
2095 4407 2230 4452 Ostro
2251 4406 2479 4464 pictisque
2509 4405 2696 4464 ίοροεὶε,
2725 4405 2774 4451 h.
