3050 4934
1127 276 1470 345 LIBER
1515 279 1741 344 V111.

444 419 698 486 Limina
725 426 1200 512 nequidquam3
1249 439 1350 494 ter
1378 429 1593 495 fessus
1624 427 1788 494 valle
1816 429 2083 495 resedit.

443 522 676 590 Stabat
705 537 898 591 acuta
928 527 1115 606 silex,
1145 532 1436 613 praecisis
1466 531 1757 617 undique
1788 533 1987 610 saxis,

440 622 786 708 Speluncae
817 629 1014 693 dorso
1043 632 1410 716 insurgens,
1443 631 1755 698 altissima
1783 633 1963 710 visu3

265 722 396 786 235
439 724 753 792 Dirarum
779 729 949 794 nidis
981 731 1212 796 domus
1241 745 1615 818 opportuna
1640 732 1997 799 volucrum.
2143 817 2148 820 μ

438 824 654 904 Hanc,
687 839 761 893 ut
787 852 998 914 prona
1017 833 1184 916 jugo
1211 832 1442 898 laevum
1471 834 1889 900 incumbebat
1926 835 2011 899 ad
2042 858 2317 913 amnem,

437 926 696 992 Dexter
723 930 788 992 in
820 930 1168 998 adversum
1195 935 1408 999 nitens
1439 936 1791 1012 concussit,
1824 945 1893 999 et
1920 936 2063 1000 imis

435 1027 752 1093 Avulsam
781 1029 971 1095 solvit
997 1033 1328 1099 radicibus
1353 1060 1370 1111 ;
1415 1036 1569 1100 inde
1598 1045 1869 1120 repente

435 1127 732 1214 Impulit:
779 1131 1060 1216 impulsu
1089 1157 1222 1218 quo
1249 1157 1591 1202 maxumus
1620 1138 1879 1202 insonat
1906 1137 2149 1216 aether3

265 1228 396 1292 240
439 1229 813 1296 Dissultant
841 1233 1026 1317 ripae,
1057 1235 1406 1319 refluitque
1437 1239 1791 1302 exterritus
1820 1239 2047 1304 amnis.

437 1328 535 1395 At
565 1353 798 1416 specus
829 1344 899 1397 et
929 1332 1086 1399 Caci
1115 1336 1377 1402 detecta
1407 1339 1714 1423 apparuit
1742 1341 1971 1424 ingens

440 1431 676 1515 Regia,
705 1443 775 1498 et
801 1436 1126 1500 umbrosae
1155 1439 1416 1521 penitus
1447 1449 1723 1524 patuere
1748 1461 2079 1504 cavernoe:

437 1531 594 1597 Non
625 1555 837 1612 secus,
867 1558 944 1600 ac
977 1537 1032 1600 si
1059 1560 1192 1622 qua
1219 1539 1479 1623 penitus
1507 1542 1573 1604 vi
1603 1551 1779 1605 terra
1808 1541 2154 1608 dehiscens

437 1632 734 1700 Infernas
765 1648 1017 1702 reseret
1045 1639 1264 1717 sedes,
1295 1651 1363 1705 et
1392 1662 1599 1726 regna
1626 1641 1923 1707 recludat

263 1734 392 1797 245
437 1733 712 1812 Pallida,
745 1737 848 1802 dis
879 1739 1120 1818 invisa3
1153 1763 1481 1825 superque
1505 1741 1778 1806 immane
1807 1741 2189 1807 barathrum

434 1834 782 1914 Cernatur,
815 1840 1280 1925 trepidentque
1309 1843 1593 1906 immisso
1621 1842 1859 1908 lumine
1890 1843 2153 1907 Manes.

435 1935 622 2022 Ergo
650 1938 981 2022 insperata
1011 1941 1408 2026 deprensum
1435 1943 1504 2007 in
1532 1942 1677 2009 luce
1706 1955 2003 2029 repente,

435 2037 894 2124 Inclusumque
925 2062 1085 2106 cavo
1115 2065 1298 2122 saxo,
1329 2055 1527 2129 atque
1558 2047 1817 2111 insueta
1845 2047 2213 2122 rudentem,

435 2137 746 2224 Desuper
774 2139 1046 2208 Alcides
1079 2143 1226 2208 telis
1251 2147 1509 2229 premit,
1542 2149 1883 2232 omniaque
1912 2169 2090 2212 arma

260 2239 394 2303 250
433 2241 761 2318 Advocat,
793 2253 862 2306 et
890 2243 1082 2307 ramis
1113 2246 1442 2330 vastisque
1471 2246 1825 2312 molaribus
1854 2249 2075 2313 instat.

433 2340 551 2407 Ille
581 2353 822 2420 autem,
853 2366 1066 2428 neque
1095 2346 1266 2410 enim
1295 2345 1454 2431 fuga
1472 2348 1611 2431 jam
1642 2370 1841 2433 super
1870 2349 2001 2412 ulla
2030 2348 2281 2433 pericli,

431 2440 756 2507 Faucibus
787 2445 1117 2528 ingentem
1141 2445 1411 2524 fumum,
1441 2448 1733 2513 mirabile
1766 2449 1970 2525 dictu,

431 2543 716 2622 Evomit,
745 2544 1138 2631 involvitque
1167 2547 1432 2612 domum
1461 2547 1734 2632 caligine
1764 2569 1960 2625 caeca,

428 2644 862 2730 Prospectum
889 2646 1172 2732 eripiens
1203 2648 1444 2728 oculis;
1489 2649 1936 2735 glomeratque
1968 2652 2094 2715 sub
2122 2661 2311 2714 antro

255 2746 388 2811 255
431 2745 824 2814 Fumiferam
849 2759 1108 2815 noctem
1135 2751 1498 2815 commixtis
1529 2751 1679 2835 igne
1709 2751 2021 2816 tenebris.

428 2847 588 2912 Non
617 2848 766 2914 tulit
793 2848 1066 2916 Alcides
1097 2851 1348 2928 animiS,
1382 2873 1585 2936 seque
1616 2852 1759 2936 ipse
1789 2874 1910 2936 per
1937 2852 2153 2936 ignem

430 2947 761 3034 Praecipiti
787 2951 1008 3035 injecit
1037 2951 1230 3028 saltu,
1261 2973 1392 3036 qua
1421 2951 1738 3036 plurimus
1769 2952 2009 3016 undam

427 3049 672 3116 Fumus
703 3052 862 3136 agit,
891 3052 1260 3139 nebulaque
1289 3055 1518 3138 ingens
1552 3075 1788 3139 specus
1820 3063 2057 3118 aestuat
2085 3063 2247 3118 atra.

429 3151 560 3217 Hic
591 3152 836 3218 Cacum
865 3154 932 3218 in
960 3155 1248 3219 tenebris
1277 3154 1576 3219 incendia
1604 3176 1770 3217 vana
1800 3164 2163 3219 vomentem

255 3253 388 3319 260
431 3253 721 3339 Corripit
746 3255 814 3319 in
841 3254 1086 3320 nodum
1117 3253 1518 3338 complexae,
1550 3265 1619 3319 et
1648 3255 1828 3340 angit
1857 3256 2181 3320 inhaerens

2460 281 2583 344 481

317 3475 430 3533 286,
447 3475 556 3528 287.
593 3475 764 3526 Stabat
779 3491 966 3536 mum,
981 3477 1068 3526 sed
1081 3475 1379 3542 prominens,
1512 3479 1786 3526 248—250.
1821 3479 2011 3528 [meta
2031 3481 2281 3538 rudentem,
2305 3478 2503 3528 insolito
2523 3491 2575 3529 et

249 3557 290 3588 π
375 3537 438 3598 is,
477 3539 730 3616 δπψροπὲς,
770 3541 824 3590 in
863 3549 1004 3618 tergo
1041 3542 1172 3590 antri
1212 3557 1382 3590 versus
1445 3543 1689 3591 horrendo
1724 3556 1859 3590 more
1894 3542 2254 3592 vociferantem.
2322 3543 2573 3606 Frequens

299 3604 491 3662 ibet-im,
509 3614 560 3653 et
581 3621 634 3654 m
655 3605 764 3670 ripa
784 3604 922 3654 fluvii
947 3615 1018 3654 ita
1047 3605 1212 3664 situm,
1233 3616 1290 3655 ut
1317 3605 1381 3654 ad
1447 3615 1497 3654 et
1517 3607 1691 3655 obvius
1713 3605 1843 3669 apud
1864 3615 2035 3669 poetas
2058 3621 2175 3654 usus
2197 3621 2373 3655 vocum
2400 3607 2571 3657 talium

249 3668 428 3718 levam
449 3667 496 3717 ei
525 3669 684 3718 amnis
714 3679 870 3725 esset3
905 3669 1038 3718 amni
1069 3685 1134 3719 ex
1160 3669 1380 3728 adverso,
1445 3686 1476 3718 a
1500 3669 1713 3718 elamore
1742 3668 2025 3718 animalium
2054 3669 2399 3728 caducarum,
2424 3687 2571 3746 quem

247 3731 322 3781 ita
338 3742 396 3782 ut
411 3749 440 3782 a
459 3733 634 3782 dextra
655 3734 764 3798 ripa
785 3733 831 3782 ei
855 3743 997 3791 esset,
1021 3734 1159 3784 stetit
1182 3734 1377 3783 Hercu·
1443 3733 1689 3784 illustrare
1719 3731 1845 3782 nihil
1874 3732 2063 3782 attinet.
2120 3737 2381 3784 Molaribus
2408 3736 2569 3800 simpl.

251 3797 326 3846 les
355 3807 406 3845 et
435 3813 610 3846 saxum
637 3797 962 3856 labefactavit,
989 3797 1060 3846 ita
1090 3807 1147 3847 ut
1175 3798 1297 3847 illud
1327 3797 1379 3846 in
1443 3814 1537 3862 pro
1556 3797 1823 3861 grandibus
1844 3797 2002 3853 saxis3
2038 3808 2089 3846 et
2110 3803 2227 3848 rans·
2256 3814 2448 3862 quoque
2476 3815 2569 3864 pro

249 3876 448 3910 amnem
469 3861 818 3928 prolaberetur.
1443 3862 1696 3928 stipitibus
1719 3871 1771 3911 et
1791 3861 1991 3912 truncis.

317 3927 430 3974 242.
463 3929 616 3990 Regia
637 3937 694 3974 ut
711 3927 774 3974 de
797 3925 931 3974 AEoli
949 3935 1091 3976 antro
1111 3929 1222 3975 aula
1241 3924 1322 3974 lib.
1345 3925 1378 3984 i,
1511 3927 1784 3976 256—258.
1836 3929 2033 3986 Animis,
2076 3942 2179 3992 prae
2220 3927 2309 3976 ira.
2377 3930 2569 3977 Undam.

253 3992 364 4039 140.
1445 3993 1567 4041 Geo-
1591 3991 1625 4050 i,
1644 3991 1757 4049 4⁷2,
1788 3991 1995 4040 Vidimus
2023 3994 2270 4040 tardantem
2298 3996 2449 4053 ruptis
2464 3991 2571 4054 sor-

319 4055 430 4104 245.
465 4055 558 4104 Dt-
579 4059 754 4104 ἐποίει·
777 4063 1031 4118 argutatur
1051 4055 1378 4112 Burmannus,
1443 4059 1637 4105 nucibus
1670 4059 1877 4106 Βίων.
1918 4055 2105 4104 Ornate
2140 4054 2315 4104 omnia.
2385 4057 2572 4106 Nebula

249 4129 365 4184 post
401 4119 609 4168 Ruaeum
642 4129 693 4170 et
727 4119 864 4177 alios,
887 4117 1003 4168 dum
1030 4119 1382 4183 interpretatur
1444 4137 1551 4184 pro,
1575 4135 1671 4182 qua
1688 4129 1829 4184 parte
1850 4135 2025 4183 specus
2044 4118 2364 4168 densissimus
2390 4129 2467 4168 est
2492 4121 2568 4170 fu·

249 4199 354 4232 non
377 4183 496 4242 visa,
519 4193 576 4232 ut
609 4187 783 4234 inrisu
815 4183 900 4232 lib.
937 4181 988 4242 ii,
1026 4185 1136 4234 574.
1194 4183 1294 4230 Sed
1326 4182 1380 4230 in
1443 4199 1571 4234 mus.
1621 4184 1693 4232 Ut
1712 4201 1851 4242 aare,
1876 4187 2014 4246 ignia,
2037 4191 2225 4242 astuat,
2250 4183 2321 4232 sic
2342 4184 2567 4247 nunefia-

251 4249 364 4298 loco
412 4248 680 4298 Homerico
725 4263 872 4311 quem
924 4256 1071 4311 poeta
1123 4245 1379 4310 expressit,
1445 4265 1559 4297 m.

253 4311 396 4361 Iliad.
422 4331 462 4370 υ,
484 4313 562 4370 65,
583 4312 702 4362 satis
721 4311 980 4362 manifesta
995 4320 1112 4360 sunt
1131 4307 1385 4360 οἰκία-τά
1513 4311 1788 4360 260-263.
1824 4311 1982 4360 Elidit
1998 4311 2159 4361 fauces
2182 4311 2299 4361 Caci
2312 4321 2445 4362 arcto
2458 4315 2567 4364 bra-

245 4395 306 4426 ·rs
323 4375 602 4438 στυγέουσι,
616 4375 818 4440 Orda-ep,
831 4377 878 4425 h.
893 4379 1154 4433 abhorrent,
1165 4391 1380 4424 wersm-
1447 4375 1669 4424 chiorum
1692 4374 1821 4424 nodo
1842 4375 2123 4432 constricti;
2158 4392 2293 4426 more
2322 4377 2569 4438 Herculis,

247 4450 343 4500 m,
367 4439 622 4490 δεδοίκασι.
657 4443 806 4503 Supsr
828 4455 919 4506 pro
941 4441 1164 4504 desuper.
1449 4455 1547 4502 quo
1562 4439 1639 4488 leo
1658 4449 1707 4488 et
1728 4441 1934 4490 Antoeus
1954 4440 2049 4490 fuit
2070 4441 2271 4491 occisus.
2328 4444 2385 4490 In
2408 4446 2571 4493 nodum

1371 4505 1460 4555 30
