3050 4934
1175 255 1518 321 LIBER
1567 256 1666 320 ΙΙ.

2457 258 2587 321 259

441 396 600 461 Non
631 398 780 465 tulit
809 401 972 467 hanc
1005 406 1288 489 speciem
1318 404 1557 491 furiata
1584 417 1799 471 mente
1830 406 2177 489 CoroebuS,

442 497 538 563 Et
564 521 712 565 sese
743 504 1021 569 medium
1051 506 1270 590 injecit
1298 508 1630 591 periturus
1660 508 1727 571 in
1758 532 2009 593 agmen.

440 596 914 687 Consequimur
944 608 1181 685 cuncti,
1213 617 1283 671 et
1311 608 1532 673 densis
1563 610 1945 675 incurrimus
1977 614 2191 676 armis.

272 697 400 761 410
443 698 576 766 Hic
605 705 882 786 primum
912 728 998 770 ex
1026 706 1158 770 alto
1186 708 1442 773 delubri
1471 707 1745 775 culmine
1778 710 1922 775 telis

441 800 838 868 Nostrorum
869 807 1224 885 obruimur,
1255 811 1590 893 oriturque
1622 812 1978 877 miserrima
2006 813 2242 887 caedes,

439 900 792 968 Armorum
822 905 988 971 facie
1017 919 1086 973 et
1117 907 1466 973 Graiarum
1497 932 1719 975 errore
1739 912 2069 995 jubarum.

441 1001 618 1067 Tum
647 1004 884 1084 Danai,
917 1009 1163 1091 gemitu
1191 1020 1389 1093 atque
1418 1022 1666 1094 ereptae
1694 1012 1957 1095 virginis
1988 1013 2107 1087 ira,

439 1101 752 1190 Undique
783 1106 1034 1175 collecti
1063 1110 1414 1188 invadunt3

1461 1112 1813 1175 acerrimus
1845 1110 2047 1196 Ajax,

265 1203 398 1267 415
445 1204 542 1269 Et
569 1208 805 1289 gemini
834 1207 1114 1287 Atridae,
1149 1210 1610 1296 Dolopumque
1640 1213 1967 1277 exercitus
2000 1213 2203 1275 omnis
2232 1236 2246 1275 ε

443 1303 730 1401 Adversi
759 1320 955 1393 rupto
986 1332 1108 1375 ceu
1137 1312 1465 1394 quondam
1496 1313 1755 1377 turbine
1788 1315 1962 1376 venti

444 1402 844 1492 confligunt,
879 1410 1385 1496 Zephyrusque,
1417 1412 1795 1495 Notusque,
1827 1423 1896 1478 et
1923 1412 2111 1477 laetus
2144 1412 2305 1476 Eois

445 1506 668 1572 Eurus
697 1511 918 1594 equis:
967 1512 1255 1577 stridunt
1284 1512 1481 1590 silvae‚
1515 1514 1827 1597 saevitque
1858 1514 2124 1579 tridenti

450 1606 776 1691 Spumeus
806 1622 1005 1695 atque
1033 1613 1160 1676 imo
1188 1612 1453 1677 Nereus
1485 1614 1616 1678 ciet
1642 1636 1904 1698 aequora
1933 1613 2159 1679 fundo,

263 1708 400 1771 420
443 1706 547 1772 Illi
573 1710 790 1788 etiam,
821 1712 878 1775 si
907 1734 1072 1796 quos
1103 1714 1383 1777 obscura
1413 1724 1605 1778 nocte
1636 1736 1757 1797 per
1786 1716 2080 1779 umbram

445 1807 759 1875 Fudimus
791 1812 1066 1890 insidiiS,
1098 1823 1364 1897 totaque
1394 1814 1777 1897 agitavimus
1806 1814 1993 1890 urbe,

446 1908 830 1994 Apparent3
878 1914 1068 1995 primi
1099 1912 1341 1997 clipeos
1369 1915 1767 1999 mentitaque
1801 1913 1930 1978 tela

446 2008 862 2094 Agnoscunt,
895 2022 1092 2095 atque
1123 2035 1239 2078 ora
1267 2016 1427 2078 sono
1457 2014 1785 2079 discordia
1816 2016 2094 2099 signant.

439 2108 622 2175 Ilicet
651 2112 984 2177 obruimur
1012 2136 1313 2179 numero:
1355 2116 1733 2199 primusque
1764 2114 2090 2181 Coroebus

263 2213 400 2276 425
446 2211 714 2277 Penelei
741 2215 998 2293 dextra,
1029 2217 1196 2282 divae
1226 2218 1671 2301 armipotentis
1701 2219 1787 2282 ad
1816 2242 2014 2297 aram,

267 2418 384 2479 406,
401 2421 602 2495 pumina
615 2439 634 2475 ‚-
661 2437 765 2469 m
789 2430 984 2482 teneras,
1007 2422 1250 2473 Ovidiuno
1272 2424 1401 2473 lusui

269 2498 475 2549 PWP¹⁰²
495 2493 584 2532 Επ-

339 2550 451 2597 409.
485 2550 656 2600 Dens-'s
687 2553 962 2599 inanimus
992 2556 1162 2599 mis.-
1199 2552 1274 2601 vel
1307 2552 1402 2627 ipsi

269 2612 442 2661 densis
473 2611 742 2671 ordinibus,
773 2612 926 2662 denso
956 2615 1178 2678 agmine3
1223 2616 1300 2665 vel
1332 2632 1398 2665 ir-

271 2675 465 2725 ruimm
485 2676 538 2723 in
561 2677 775 2727 hostium
798 2678 1005 2727 densum
1027 2694 1214 2743 agmen.

339 2742 452 2787 410.
491 2743 748 2789 Del-brun
787 2742 876 2790 int.
923 2743 1178 2801 Minervae,
1211 2758 1274 2792 ex
1307 2760 1402 2806 quo

272 2803 550 2853 cassanda
573 2812 680 2853 erat
699 2805 932 2854 abducta:
968 2807 1027 2855 cf.
1054 2824 1098 2855 v.
1123 2810 1234 2855 425.
1281 2808 1405 2856 Erat

270 2878 440 2917 nutem
471 2868 596 2917 illud
625 2869 678 2917 in
717 2870 957 2933 acropoli3
1001 2871 1064 2919 sd
1097 2871 1222 2919 hanc
1253 2870 1404 2934 igitur

262 2935 372 2995 ism
397 2941 692 3045 ρετέῗςῑὸοηῐ
723 2934 924 2992 AEness,
955 2934 1166 2985 mediam
1198 2952 1288 2999 per
1316 2952 1398 2983 ur-

271 2998 404 3054 bem,
425 3012 470 3045 v.
593 3032 608 3045 .

337 3062 449 3109 412.
483 3060 630 3115 Quod
651 3076 788 3109 srma
809 3077 916 3124 quae
947 3062 1210 3112 induerant
1232 3066 1404 3113 Graeca

266 3134 428 3181 aaut,
453 3134 506 3173 et
523 3124 686 3173 criste
709 3127 906 3175 Graecae.

340 3190 619 3237 413-415.
649 3192 848 3247 Gemitu,
880 3190 926 3238 h.
951 3206 994 3239 e.
1029 3191 1224 3247 doloreg
1267 3199 1404 3254 atque

271 3256 352 3301 ἕνα
385 3262 556 3315 erepta
595 3258 806 3317 virginis,
843 3264 1045 3329 propter
1082 3256 1404 3305 Cassandram

269 3316 366 3367 sibi
399 3332 432 3365 ι
459 3318 668 3367 Coroebo
699 3327 984 3381 ceterisque
1018 3328 1250 3382 ereptam,
1275 3323 1403 3367 inva-

269 3385 392 3431 dunt
423 3384 622 3444 undiquc
653 3384 842 3431 collecti.
897 3384 1028 3444 AJax
1063 3393 1140 3430 est
1165 3383 1294 3431 idem
1325 3382 1406 3429 ille

271 3446 361 3509 qui
401 3446 726 3495 Cassandram
769 3445 1052 3505 abduxerat,
1091 3447 1218 3495 Oilei
1261 3444 1399 3495 filius.

278 3513 464 3559 Gemini
481 3513 682 3568 Λευ-ἑὼ,
699 3510 856 3559 δισσοὶ
878 3510 1112 3574 Ἀτρεΐδαι
1133 3526 1209 3573 sp.
1231 3507 1400 3568 Eurip.

277 3576 478 3635 Dolopes
503 3574 598 3621 vid..
621 3590 729 3639 sup.
755 3574 806 3630 ii,
831 3575 874 3623 7.

345 3638 618 3687 416-419.
654 3638 736 3687 Ad
759 3638 964 3687 Homeri
987 3638 1184 3687 ductum
1208 3634 1346 3682 Iliad.
1373 3652 1402 3691 ι,

275 3704 452 3760 4-7,
494 3703 584 3751 sed
621 3702 776 3751 multo
819 3702 1037 3751 ornatius
1081 3712 1130 3750 et
1193 3698 1402 3753 variate3

277 3782 428 3831 porro
465 3766 732 3815 Homerica
764 3782 876 3815 cum
911 3776 1030 3823 arte,
1066 3765 1119 3812 in
1153 3777 1403 3835 compara-

279 3830 498 3879 tionibus
519 3830 566 3878 ei
589 3830 812 3888 sollenni,
831 3830 1054 3879 effectum
1077 3827 1148 3877 rei
1171 3834 1404 3875 attexuit:

278 3898 488 3944 stridunt
509 3898 637 3943 silva
659 3904 751 3943 etc.
799 3898 954 3942 Eurus
977 3896 1110 3941 ἔσεαι
1131 3893 1244 3939 Eois
1263 3894 1405 3951 cquis,

279 3959 348 4009 sd
377 3968 605 4007 ornatum
634 3966 846 4021 spectat:
881 3960 1001 4018 eqni,
1035 3965 1090 4003 ut
1122 3956 1270 4011 ἵησι,
1298 3954 1405 4001 Ho-

281 4022 470 4071 men-ico
491 4037 598 4078 usu,
620 4036 712 4085 pro
735 4036 895 4069 curru.
955 4019 1094 4083 Bigis
1115 4018 1244 4067 vecti
1275 4016 1410 4065 venti

281 4086 418 4151 spud
462 4096 630 4149 poetas
680 4094 732 4132 et
775 4084 1058 4159 sculptores.
1140 4084 1410 4131 Commune

285 4149 422 4199 enim
451 4150 544 4197 hoc
578 4148 804 4198 omnibus
838 4148 949 4205 diis,
987 4146 1216 4210 quonism
1251 4145 1412 4208 prisco

283 4214 372 4263 ino
405 4223 638 4277 tempore,
673 4228 768 4276 quo
807 4211 1046 4274 religiosae
1079 4212 1157 4258 hoe
1191 4210 1414 4259 notiones

323 4278 502 4327 timum
539 4278 594 4327 in
637 4276 890 4327 hominurn
930 4275 1118 4325 animos
1160 4282 1414 4330 venerunt,

285 4294 416 4405 {igis
436 4342 568 4391 vecti
600 4356 740 4405 reges
766 4340 845 4389 vel
877 4338 1139 4403 quadrigis,
1167 4352 1417 4399 nunquam

289 4406 428 4469 equis
471 4404 758 4463 insidentes,
801 4404 1238 4469 conspiciebantur.
1313 4402 1412 4449 lta·

1467 2441 1561 2488 que
1584 2440 1728 2474 nemo
1754 2426 1878 2475 vidit
1906 2428 2204 2489 equitantem
2227 2428 2259 2475 J
2262 2442 2416 2485 ovem,
2441 2436 2491 2475 et
2520 2426 2589 2475 sic

1465 2504 1626 2552 porro.
1693 2492 1853 2538 [κείω
1880 2502 2057 2549 autem,
2082 2500 2137 2538 ut
2162 2492 2415 2554 superbus,
2437 2490 2586 2552 gesti-

1467 2568 1570 2611 ens,
1633 2552 1990 2615 ἅγαλλόμενοςς
2086 2570 2143 2602 ro
2198 2553 2347 2611 tenui,
2406 2562 2588 2601 vectus.

1466 2620 1620 2665 Nereo
1640 2617 1688 2663 h.
1713 2617 1744 2665 l.
1770 2616 1955 2666 tridens
1984 2617 2045 2666 tri
2082 2618 2227 2675 uitur,
2255 2616 2383 2679 quod
2414 2626 2587 2664 notan-

1467 2680 1598 2728 dum.
1658 2683 1876 2742 Spumeus
1896 2682 1944 2729 h.
1968 2682 2000 2729 1.
2026 2696 2197 2745 spuma
2218 2680 2365 2729 maris
2386 2679 2586 2743 adsper-

1466 2760 1565 2802 sus,
1588 2760 1859 2819 spumosus.
1928 2748 2067 2794 Saem't
2100 2748 2253 2791 tnden'
2254 2748 2294 2791 ta·
2325 2744 2587 2855 eleganter,

1467 2818 1524 2855 ut
1557 2809 1675 2857 alias
1699 2813 1884 2872 flagris,
1916 2812 2111 2865 verbere,
2146 2808 2295 2856 insert
2329 2807 2391 2855 tri
2426 2817 2589 2856 entem

1466 2872 1605 2929 mari,
1646 2872 1709 2921 ad
1756 2871 2105 2936 impellendum
2157 2871 2279 2919 illud
2323 2880 2373 2918 et
2414 2871 2590 2921 fluctus

1468 2936 1763 2985 excitandos.

1532 3002 1804 3047 420-422.
1832 3002 1913 3047 Illa·
1926 3002 2063 3047 etiam
2077 3018 2093 3046 .-
2124 2998 2219 3047 vid.
2238 3016 2343 3064 sup.
2362 2999 2421 3049 37
2426 3000 2472 3055 0,
2494 3001 2588 3046 383

1468 3080 1569 3127 sqq.
1626 3067 1827 3111 Mentita
1850 3066 1956 3119 tela,
1992 3062 2125 3120 faba,
2150 3078 2258 3125 quae
2280 3080 2369 3112 nos
2392 3064 2590 3111 Graecos

1470 3143 1577 3177 esse
1602 3126 1973 3173 mentiebantur.

1534 3191 1641 3237 423.
1676 3192 1875 3250 Signanti*
1907 3190 1953 3237 h.
1990 3190 2022 3237 1.
2058 3200 2341 3254 agnoscunt.
2398 3190 2479 3239 Sic
2510 3209 2588 3239 no-

1471 3263 1571 3302 tare
1598 3252 1743 3300 etiam
1774 3252 1961 3315 vulgari
1994 3270 2232 3314 sermone,
2262 3266 2313 3303 et
2334 3258 2589 3317 σημειοῦσ-

1471 3322 1559 3373 θαι,
1604 3314 1949 3378 τεκμαίρεσθαι
2020 3318 2173 3367 Porro
2226 3337 2307 3367 ora
2350 3336 2455 3367 sono
2493 3322 2590 3366 dis-

1471 3382 1643 3435 cordia,
1672 3379 1733 3427 sd
1766 3380 1969 3443 poeticae
2000 3382 2233 3431 orationis
2263 3382 2476 3445 genium,
2504 3398 2595 3446 pro

1467 3442 1710 3491 discordis,
1724 3452 1773 3491 et
1786 3444 2113 3508 discrepantia
2128 3447 2388 3501 sermonis3
2414 3446 2593 3508 quippe

1468 3506 1783 3569 qui‚Trojsni
1816 3518 1991 3565 essent,
2022 3508 2308 3570 diversaque
2341 3518 2594 3556 uterentur

1469 3570 1690 3619 dialecto.
1758 3570 2077 3633 Trojtmorum
2111 3572 2327 3634 linguam
2367 3587 2397 3619 a
2428 3570 2595 3631 lingua

1470 3636 1753 3681 Graecorum
1772 3634 2014 3683 diversam
2038 3634 2201 3692 fuisse,
2224 3634 2473 3682 Homerus
2496 3648 2593 3681 non

1471 3707 1847 3751 comme-moran
1888 3707 1939 3745 at
2004 3708 2127 3745 oetoe
2158 3697 2365 3746 seriores
2396 3699 2591 3745 Graeco-

1471 3778 1581 3809 rum
1627 3772 1677 3808 et
1722 3760 1901 3820 Latini,
1980 3761 2241 3810 iscriminis
2286 3762 2597 3809 barbarorum

1473 3837 1523 3874 et
1562 3826 1845 3874 Graecorum
1876 3842 2129 3884 memores,
2168 3834 2337 3873 notare
2372 3839 2471 3871 non
2507 3839 2593 3871 ne-

1471 3890 1746 3952 glexerunt.

1540 3956 1811 4001 425—428.
1850 3956 1984 4001 Dt‘vae
2018 3958 2334 4015 armipotentis
2362 3955 2426 3999 ad
2454 3968 2597 4007 mam,

1475 4017 1528 4065 in
1562 4017 1669 4081 ipso
1698 4017 1819 4065 adeo
1853 4018 2035 4081 templo
2064 4018 2317 4073 Minervae,
2342 4032 2447 4089 sup.
2472 4016 2597 4069 4033

1475 4080 1573 4129 nisi
1600 4090 1713 4129 ante
1744 4080 1979 4144 templum
2006 4081 2058 4127 in
2083 4078 2268 4142 προνάῳ
2289 4079 2366 4127 vel
2396 4094 2449 4125 ln
2469 4096 2598 4141 περι·

1477 4144 1624 4206 βόλῳ.
1674 4146 1894 4192 Peneleus
1916 4144 1993 4191 hic
2016 4144 2140 4193 alius
2162 4159 2269 4192 esse
2291 4143 2436 4191 debet
2456 4158 2602 4204 quam

1481 4208 1777 4257 Homericus
1820 4208 2102 4257 Boeotorum
2139 4207 2265 4257 dux:
2312 4223 2426 4255 nam
2464 4206 2506 4253 is
2542 4208 2603 4254 ab

1482 4272 1732 4337 Eurypylo
1750 4271 1842 4320 fuit
1860 4270 2061 4329 occisus,
2082 4271 2286 4335 Telephi
2312 4270 2435 4319 filio:
2473 4270 2601 4317 Pau-

1481 4352 1583 4385 san.
1610 4336 1675 4393 ix,
1702 4338 1747 4393 5,
1771 4336 1802 4383 s.
1830 4336 2001 4399 Dictys
2021 4335 2087 4393 iv,
2116 4336 2189 4387 17.
2250 4338 2387 4385 cadit
2416 4342 2461 4382 et
2484 4336 2603 4381 Rha·-

1477 4417 1592 4461 peus
1612 4400 1901 4461 justissimus
1922 4416 2038 4449 unus
2060 4399 2389 4449 omnium-et
2419 4414 2601 4446 servan-
