3050 4934
479 249 615 315 826

1369 244 1899 313 AENEIDOS

653 400 1055 474 Extremam,
1087 407 1162 464 ut
1187 395 1561 481 perhibent,
1592 394 1757 461 Coeo
1786 392 2255 479 Enceladoque
2284 416 2578 461 sororem

487 500 608 564 180
652 498 1034 584 Progenuit,
1063 497 1346 582 pedibus
1377 496 1655 562 celerem
1680 506 1750 561 et
1778 497 2151 581 pernicibus
2177 494 2333 560 alisz

648 599 1024 665 Monstrum
1041 599 1466 677 horrendum,
1475 599 1707 683 ingens
1719 624 1736 676 3
1762 598 1893 675 cui,
1904 607 2067 681 quot
2078 607 2233 662 sunt
2242 619 2521 683 corpore
2533 596 2804 683 plumoe,

649 700 787 766 Tot
815 700 1040 785 vigiles
1071 699 1246 766 oculi
1273 702 1527 777 subter,
1558 698 1851 764 mirabile
1880 700 2086 775 dictu,
2238 754 2243 761 .

651 803 789 868 Tot
816 801 1079 887 linguae,
1113 803 1386 867 totidem
1415 824 1531 866 ora
1558 811 1813 878 sonant,
1844 810 1945 865 tot
1974 800 2253 883 subrigit
2278 822 2495 867 aureS.

647 902 866 969 Nocte
897 902 1072 969 volat
1101 902 1250 969 coeli
1275 904 1492 968 medio
1521 912 1871 986 terraeque,
1902 923 2025 986 per
2050 902 2347 966 umbram

483 1005 605 1069 185
649 1006 972 1082 Stridens,
1003 1026 1128 1069 nec
1156 1003 1330 1069 dulci
1360 1003 1645 1069 declinat
1671 1002 1913 1067 lumina
1943 1024 2190 1067 somno.
2416 1004 2429 1009 ’

650 1106 832 1171 Luce
855 1106 1052 1172 sedet
1081 1116 1304 1179 custos
1333 1107 1448 1169 au't
1479 1104 1710 1169 summi
1738 1102 2013 1167 culmine
2040 1104 2222 1180 tecti,

646 1208 974 1272 Turribus
1005 1218 1122 1271 aut
1148 1205 1316 1283 altis,
1349 1216 1419 1270 et
1443 1226 1713 1289 magnas
1742 1204 2001 1268 territat
2030 1205 2271 1281 urbes;

647 1308 818 1372 Tam
845 1307 984 1373 ficti
1009 1308 1324 1392 pravique
1355 1316 1577 1383 tenax,
1608 1327 1804 1389 quam
1828 1306 2061 1370 nuntia
2086 1306 2241 1369 veri.

648 1391 818 1475 Haec
848 1420 986 1474 tum
1011 1408 1347 1493 multiplici
1373 1408 1655 1493 populos
1682 1428 1981 1471 sermone
2011 1406 2311 1491 replebat
2354 1434 2371 1443 ·

478 1511 603 1575 190
647 1510 992 1591 Gaudens,
1022 1520 1090 1573 et
1116 1511 1364 1593 pariter
1391 1508 1567 1573 facta
1592 1518 1793 1592 atque
1820 1507 2061 1573 infecta
2090 1509 2400 1575 canebat:

645 1612 926 1677 Venisse
958 1610 1244 1687 AEnean,
1277 1610 1573 1694 Trojano
1600 1632 1643 1674 a
1672 1610 1985 1694 sanguine
2016 1620 2287 1687 cretum,

646 1713 772 1778 Cui
803 1734 872 1777 se
901 1712 1178 1797 pulchra
1206 1712 1344 1777 viro
1373 1712 1683 1795 dignetur
1701 1711 1983 1795 jungere
2013 1710 2231 1789 Did03

645 1814 846 1879 Nunc
875 1812 1153 1878 hiemem
1179 1813 1350 1877 inter
1381 1835 1452 1877 se
1479 1812 1663 1888 luxu,
1694 1834 1889 1896 quam
1917 1810 2135 1897 longa,
2166 1812 2387 1878 fovere

645 1914 1030 1999 Regnorum
1057 1915 1482 1991 immemores,
1516 1914 1823 1999 turpique
1854 1914 2159 1997 cupidine
2188 1924 2439 1999 captos·

479 2017 602 2080 195
646 2016 814 2080 Haec
841 2016 1085 2100 passim
1114 2015 1240 2079 dea
1270 2013 1450 2079 foeda
1479 2014 1688 2078 virfim
1716 2013 2026 2078 diffundit
2054 2016 2121 2078 in
2152 2036 2287 2080 ora.

645 2116 957 2181 Protinus
989 2116 1075 2179 ad
1103 2137 1325 2199 regem
1353 2137 1587 2179 cursus
1619 2115 1971 2200 detorquet
1999 2114 2261 2193 Iarban,

646 2217 1076 2301 Incenditque
1107 2218 1387 2281 animum
1415 2216 1631 2293 dictis,
1656 2226 1855 2299 atque
1884 2226 2157 2300 aggerat
2184 2217 2335 2281 iras.

727 2318 862 2383 Hic
891 2318 1257 2381 Hammone
1287 2326 1492 2394 satus,
1523 2327 1715 2400 rapta
1746 2314 2215 2382 Garamantide
2246 2316 2581 2403 Nympha,

641 2418 921 2504 Templa
948 2418 996 2483 J
997 2418 1100 2483 ovi
1129 2428 1389 2483 centum
1416 2417 1565 2482 latis
1596 2419 1895 2494 immania
1924 2419 2165 2503 regniS,

467 2522 598 2585 200
641 2521 922 2587 Centum
951 2542 1098 2585 aras
1129 2522 1384 2605 posuit3
1429 2518 1817 2605 vigilemque
1848 2530 2216 2584 sacraverat
2242 2520 2481 2603 ignem,

639 2624 977 2688 Excubiae
1009 2619 1229 2687 divfim
1258 2631 1573 2699 aeternas;
1618 2621 2077 2707 pecudumque
2108 2642 2339 2686 cruore

641 2723 896 2809 Pingue
928 2721 1155 2799 solum,
1184 2732 1252 2786 et
1281 2722 1471 2785 variis
1503 2720 1803 2786 florentia
1829 2721 2047 2787 limina
2076 2724 2289 2789 sertiS.

465 2924 570 2971 deae
601 2921 790 2972 similis.
847 2922 1022 2971 Coeum
1043 2921 1196 2970 Terra
1229 2936 1292 2969 ex
1314 2921 1465 2978 Coelo,
1489 2920 1589 2969 vid.

465 2989 648 3050 Theog.
677 2990 785 3045 138,
809 2989 917 3045 134,
939 2985 1017 3034 vel
1049 3000 1116 3032 ex
1145 2986 1349 3033 Tartaro
1380 2984 1591 3049 peperit.

466 3052 548 3100 Sic
581 3062 630 3100 et
661 3051 900 3113 Gigantes
929 3064 992 3096 ex
1019 3048 1183 3097 Coelo:
1221 3049 1445 3113 Apollod.
1479 3049 1512 3106 i,
1542 3051 1589 3108 6,

469 3118 510 3174 l,
537 3115 588 3162 in
611 3114 788 3177 quibus
809 3116 1083 3162 Enceladus.
1141 3112 1350 3177 Propter
1373 3128 1430 3161 oo
1519 3112 1591 3163 ris

464 3177 850 3241 magnitudinem
893 3176 1161 3239 Gigantum
1207 3176 1404 3226 familiae

467 3243 668 3290 Famam
690 3255 1011 3290 annumerare
1160 3241 1211 3289 't.
1273 3245 1356 3291 Ira
1387 3246 1587 3302 deorum,

465 3306 588 3355 irata
625 3304 722 3355 diis
758 3314 961 3370 propter
1063 3314 1203 3373 tanus
1235 3306 1290 3355 in
1329 3307 1589 3356 Tartarum

462 3380 876 3484 coqjsstosbmaoe
917 3450 1023 3499 pro,
1067 3444 1140 3485 tot
1181 3450 1266 3484 ora
1303 3435 1348 3484 ei
1384 3445 1501 3484 sunt
1538 3446 1589 3485 et

461 3514 629 3555 aures:
659 3508 762 3549 tota
781 3507 858 3551 est
878 3500 1082 3558 oculata,
1100 3500 1272 3559 aurita,
1298 3507 1349 3548 et
1367 3499 1563 3549 vocalis.

529 3566 798 3613 184—186.
839 3564 1046 3614 Volams
1077 3574 1248 3613 ornate
1279 3564 1585 3623 describitur,

460 3628 662 3692 adiectis
683 3628 846 3677 verbis
867 3631 1012 3678 medio
1031 3633 1138 3679 coek‘
1167 3638 1402 3691 terraque.
1425 3662 1427 3667 -
1459 3630 1585 3678 Luce

457 3696 586 3742 sedet
607 3703 696 3742 etc.
717 3692 858 3756 strigi
879 3694 1090 3743 similem
1108 3694 1270 3758 cogita
1286 3693 1365 3742 vel
1385 3694 1585 3745 buboni.

529 3760 634 3806 193.
670 3762 890 3806 Hiemem
959 3759 1076 3806 Non
1109 3758 1306 3822 proprie
1337 3756 1582 3821 accipien—

456 3822 589 3880 dum,
621 3821 691 3870 ita
723 3831 779 3869 ut
813 3820 997 3870 AEneas
1033 3831 1182 3869 totam
1219 3822 1429 3870 hiemem
1451 3822 1583 3887 apud

459 3886 705 3935 Didonem
727 3885 957 3948 exegerit.
1015 3886 1215 3942 Verum,
1238 3900 1350 3933 cum
1365 3889 1468 3948 jam
1491 3888 1583 3935 sub

455 3958 673 3999 aetatem
695 3958 964 3999 exn-emam
985 3950 1089 3997 haec
1114 3959 1415 4013 gererentur,
1435 3950 1506 3999 ita
1527 3960 1585 3999 ut

455 4014 664 4063 hiemale
685 4024 879 4079 tempus
900 4014 1119 4072 instaret,
1141 4014 1380 4062 invidiose
1404 4014 1454 4061 id
1476 4016 1583 4076 jam

455 4078 562 4126 fieri
595 4078 787 4138 dicitur,
824 4079 953 4142 quod
976 4078 1083 4127 fleri
1115 4087 1320 4143 poterat,
1357 4078 1453 4127 nisi
1483 4079 1583 4128 alia

453 4140 751 4191 incidissent.
818 4148 966 4196 Quam
1005 4147 1154 4207 longa,
1195 4145 1244 4191 h.
1287 4158 1330 4191 e.
1365 4143 1579 4193 hiemem

455 4214 634 4254 totam:
683 4207 745 4256 cf.
781 4208 868 4255 inf.
905 4208 1008 4267 viii,
1047 4209 1123 4257 86.
1187 4211 1397 4257 Hiemem
1415 4206 1577 4271 somn

455 4269 709 4331 exquisite,
756 4272 962 4320 hiemale
1013 4281 1208 4338 tempus
1258 4272 1398 4322 luxui
1442 4273 1573 4322 dare.

455 4334 658 4397 Proprie
681 4334 908 4385 foventur
925 4352 1118 4386 amores
1137 4354 1229 4402 per
1248 4338 1476 4387 hiemem.

535 4399 640 4445 194.
687 4402 960 4461 Regnorum,
1006 4402 1318 4466 Carthaginis
1354 4402 1454 4461 illa,
1495 4402 1577 4452 hic

455 4460 626 4510 ltaliae.
685 4464 830 4524 nm·
847 4467 1072 4525 cupidine,
1095 4465 1354 4515 inhonesto
1375 4482 1554 4515 amore.

1495 3178 1591 3226 cile

1726 2922 1833 2973 197.
1866 2925 2079 2987 Agger-at
2100 2926 2199 2972 iras
2219 2924 2459 2987 exquisite
2480 2940 2573 2989 pro
2593 2937 2755 2991 auget.

1723 2987 1993 3036 198—202.
2032 2988 2201 3037 Iarbas
2224 2987 2387 3051 itaque
2408 2990 2523 3039 Jovi
2546 2991 2783 3041 Ammoni

1654 3050 1781 3113 patri
1818 3065 1969 3101 novas
1994 3051 2048 3099 in
2078 3052 2159 3101 his
2184 3053 2329 3101 terris
2352 3054 2633 3104 Numidicis
2663 3056 2783 3105 reli-

1652 3114 1825 3177 giones
1868 3126 1920 3163 et
1971 3130 2110 3165 sacra
2159 3116 2451 3166 instituerat.
2532 3121 2781 3169 Ceterum

1654 3188 1799 3243 poeta
1834 3179 1949 3227 huic
1984 3179 2169 3229 homini
2211 3181 2391 3230 Mauro
2427 3182 2580 3231 ritum
2614 3199 2778 3233 sacro-

1653 3258 1763 3291 rum
1780 3244 2057 3293 Romanum
2078 3254 2166 3293 aut
2180 3246 2407 3295 Graecum
2430 3246 2625 3305 tribuit3
2650 3249 2783 3311 quod

1652 3317 1811 3371 poene
1832 3308 1993 3357 facere
2013 3307 2155 3367 licet:
2184 3309 2375 3359 faciunt
2392 3310 2523 3363 idem
2539 3312 2779 3373 historici,

1653 3372 1740 3420 sed
1777 3372 1941 3422 minus
2014 3373 2153 3422 erite.
2226 3377 2524 3424 Garamantis
2560 3375 2782 3440 Nympha

1650 3436 1816 3550 {3332
1848 3438 2197 3551 {20032332‘331
2229 3440 2780 3569 p¹r0²⁶⁸⁹⁸13²oe⁸u⁴¹01253¹²ffi

1652 3565 1897 3629 enallage3
1943 3568 2177 3629 ,iunctura
2220 3582 2334 3615 mox
2372 3568 2539 3632 paullo
2576 3568 2777 3620 durior:

1648 3638 1915 3678 moverat
1935 3630 2017 3678 ille
2040 3631 2205 3694 ignem
2224 3646 2493 3696 perennem
2514 3632 2568 3681 in
2589 3633 2705 3691 aris,
2728 3643 2782 3683 et

1648 3696 1791 3741 solum
1816 3699 1991 3757 pingue
2022 3710 2181 3744 cruore
2207 3700 2446 3758 pecudum
2470 3698 2519 3745 h.
2542 3712 2586 3746 e.
2622 3698 2776 3747 sau-i-

1649 3756 1761 3805 flcia
1798 3774 1976 3822 magno
2014 3774 2233 3819 numero,
2272 3770 2327 3809 et
2368 3764 2533 3810 limina
2554 3766 2779 3823 fluentia

1646 3826 1799 3880 certis,
1826 3823 1873 3870 h.
1908 3823 2059 3873 festos
2090 3824 2433 3889 sollennesque
2462 3826 2611 3875 dies-0
2656 3830 2775 3877 Cea-

1648 3894 1745 3934 tum
1762 3896 1819 3935 ut
1839 3886 1872 3945 i,
1892 3889 2007 3947 416,
2032 3889 2215 3937 Veneri
2240 3890 2441 3955 Paphiae
2467 3899 2650 3941 cenum
2676 3908 2777 3942 σε

1647 3954 1799 3999 calent
1820 3955 1969 4000 thure.
2030 3955 2226 4017 Vigitem
2248 3958 2414 4017 ignem
2436 3956 2677 4007 Baebius
2696 3960 2773 4006 da·-

2040 4017 2207 4080 gregie
2234 4018 2297 4067 de
2326 4019 2433 4084 igni
2462 4021 2689 4084 perenni,
2711 4022 2775 4071 ad

1645 4094 1791 4143 quem
1830 4080 2060 4129 alendum
2096 4083 2335 4131 sacerdoti
2380 4100 2445 4149 pe
2505 4084 2516 4095 ‘
2556 4085 2568 4095 '
2690 4102 2773 4135 um

1645 4154 1699 4193 et
1730 4146 2070 4195 excubandum
2108 4156 2197 4195 est.
2272 4148 2409 4211 Ignis
2442 4148 2525 4197 hic
2554 4160 2773 4199 aeterum

1642 4225 1706 4258 ex
1738 4210 1879 4259 Jovis
1898 4211 2159 4259 Ammonis
2190 4211 2427 4276 religione
2456 4214 2645 4276 petitus
2677 4231 2771 4279 pu-

1643 4275 1832 4323 tandus.
1902 4276 1971 4324 Et
2007 4280 2152 4325 vadis
2177 4280 2395 4337 ,florentia
2432 4280 2597 4327 limina
2632 4282 2770 4328 sertis

1640 4337 1798 4402 simpl.
1818 4338 1881 4387 ad
1906 4338 2193 4403 religionem
2218 4340 2273 4389 in
2294 4342 2597 4391 sollemnibus
2618 4343 2769 4392 sacris

1641 4403 1935 4467 templorum
1956 4404 2084 4454 fores
2104 4405 2298 4455 corollis
2320 4405 2523 4457 ornandi
2548 4408 2765 4458 referen-
2846 4414 2857 4421 ’

1640 4465 1771 4515 dum.
1806 4516 1815 4525 ,
