3050 4934
1204 271 1551 339 LIBER
1594 272 1698 341 ΙΙ.

2476 274 2606 337 249

474 416 806 499 Laocoon,
835 420 1068 487 ductus
1100 422 1420 506 Neptuno
1450 434 1626 488 sorte
1659 424 1988 501 sacerdos,

472 520 831 587 Sollemnes
863 534 1122 588 taurum
1143 526 1472 608 ingentem
1499 526 1827 590 mactabat
1857 526 1941 590 ad
1973 547 2143 588 aras·

471 622 650 688 Ecce
679 634 898 690 autem
921 626 1161 711 gemini
1188 648 1228 689 a
1256 626 1537 692 Tenedo
1566 626 1911 711 tranquilla
1938 650 2058 711 per
2086 626 2217 691 alta

471 724 832 807 (Horresco
861 726 1178 809 referens)
1207 728 1532 792 immensis
1563 723 1831 793 orbibus
1863 750 2111 813 angues

294 823 427 887 205
471 824 861 891 Incumbunt
890 827 1148 913 pelage,
1177 830 1555 914 pariterque
1587 830 1673 893 ad
1703 829 1921 893 littora
1951 830 2259 894 tendunt:

467 926 748 992 Pectora
777 951 1052 1012 quorum
1079 930 1250 994 inter
1277 930 1513 994 fluctus
1545 941 1822 1006 arrecta,
1844 932 2157 1014 jubaeque

470 1028 859 1113 Sanguineae
888 1040 1287 1114 exsuperant
1315 1032 1563 1107 unda-⁶33
1612 1052 1765 1113 pars
1798 1041 2036 1094 caetera
2059 1042 2333 1116 pontum

471 1128 654 1195 Pone
684 1130 865 1214 legit,
899 1132 1284 1215 sinuantque
1313 1132 1623 1193 immensa
1650 1129 1969 1195 volumine
2003 1141 2207 1215 terga.

469 1229 576 1294 Fit
605 1233 878 1309 sonituS,
911 1242 1252 1317 spumante
1286 1230 1455 1295 salo:

1493 1232 1761 1315 jamque
1792 1254 1947 1296 arva
1967 1234 2301 1310 tenebant,

291 1331 426 1395 210
468 1329 930 1417 Ardentesque
962 1332 1184 1397 oculos
1217 1332 1473 1397 suffecti
1505 1334 1820 1417 sanguine
1850 1343 1919 1397 et
1944 1334 2101 1417 igni,

469 1432 673 1496 Sibila
702 1432 1072 1497 lambebant
1099 1432 1336 1517 linguis
1369 1434 1773 1498 vibrantibus
1804 1456 1942 1511 ora,

471 1533 870 1619 Diffugimus
902 1536 1046 1599 visu
1075 1556 1465 1618 exsangues.
1535 1534 1637 1598 Illi
1665 1536 1918 1619 agmine
1949 1547 2129 1600 certo

471 1634 852 1699 Laocoonta
880 1645 1144 1719 petunt:
1191 1647 1258 1699 et
1285 1636 1563 1719 primum
1588 1658 1792 1720 parva
1821 1636 2099 1700 duorum

467 1736 765 1820 Corpora
793 1748 1094 1800 natorum
1121 1758 1390 1819 serpens
1421 1735 1759 1821 amplexus
1792 1748 2070 1821 uterque

293 1839 426 1901 215
469 1837 787 1922 Implicat,
819 1847 886 1902 et
913 1838 1182 1901 miseros
1211 1859 1432 1901 morsu
1462 1838 1841 1927 depascitur
1868 1850 2086 1917 artus3

472 1938 634 2003 Post
661 1939 894 2022 ipsum,
927 1936 1168 2002 auxilio
1195 1938 1583 2021 subeuntem
1613 1961 1689 2003 ac
1718 1938 1851 2004 tela
1880 1939 2217 2019 ferentem,

293 2206 442 2255 quem
471 2200 716 2239 ostentum
745 2190 839 2239 hoc
871 2190 1072 2254 injicere
1093 2189 1415 2255 Troianorum

294 2256 476 2305 animis
507 2254 727 2303 debebat.
782 2256 1035 2304 Homerici
1067 2256 1162 2304 loci
1199 2257 1339 2307 Iliad.
1363 2260 1413 2315 β,

297 2320 394 2369 305
432 2334 534 2382 sqq.
605 2334 668 2367 uo
709 2320 892 2368 Nestor
929 2329 1175 2369 ostentum
1213 2320 1416 2369 Achivis

295 2383 482 2433 Aulide
503 2399 586 2431 occ
605 2383 708 2431 usis
725 2384 966 2446 objectum
986 2392 1236 2443 memorat,
1256 2384 1415 2433 simile

295 2458 374 2497 est
405 2447 676 2497 exordium.
739 2448 970 2509 officitur
992 2448 1252 2511 eleganter,
1278 2457 1334 2497 ut
1353 2449 1416 2497 de

294 2512 504 2561 ostentis
522 2520 574 2559 et
592 2512 738 2560 rebus
758 2511 896 2560 miris
911 2512 987 2559 vel
1008 2512 1287 2575 inopinatis,
1309 2528 1414 2576 pro,

295 2580 458 2625 evenit.
507 2578 768 2638 Improvida
795 2584 997 2637 pectora,
1030 2576 1078 2623 h.
1109 2591 1150 2624 e.
1181 2576 1417 2637 Trojanos

297 2638 614 2705 improvidos,
638 2649 690 2688 et
708 2656 739 2688 a
757 2641 1041 2689 Graecorum
1071 2639 1183 2688 dolo
1205 2640 1300 2689 sibi
1323 2656 1422 2689 non

294 2714 541 2753 caventes.

363 2770 474 2825 201,
499 2770 610 2817 202.
644 2771 826 2817 Ductus
853 2776 986 2817 sorte.
1040 2768 1155 2817 Sive
1182 2784 1245 2817 ex
1265 2768 1418 2817 histo-

299 2833 392 2881 riis
409 2834 502 2881 hoc
521 2833 708 2889 habuit,
730 2832 994 2881 interemto
1029 2832 1161 2881 enim
1198 2832 1422 2896 Neptuni

294 2898 563 2955 sacerdote,
588 2912 652 2945 ex
673 2896 798 2955 aliis,
816 2906 873 2945 ut
893 2912 1000 2946 mos
1023 2907 1139 2955 erat,
1157 2896 1417 2945 sacerdoti-

295 2964 390 3011 bus
435 2962 677 3020 Laocoon,
724 2960 808 3024 qui
854 2961 1099 3027 Apollinis
1143 2960 1421 3024 Thymbraei

295 3034 418 3085 erat,
443 3036 576 3075 sorte
607 3026 903 3089 obtingente,
930 3024 1153 3090 Neptuni
1175 3040 1311 3073 sacra
1333 3041 1417 3073 cu·-

293 3092 450 3149 rabat,
463 3090 524 3138 cf.
542 3090 678 3139 Serv.
697 3106 760 3139 ex
777 3091 856 3138 Eu
893 3090 1095 3139 horione
1110 3109 1122 3146 ς
1148 3089 1252 3139 sive
1269 3104 1423 3137 unum

294 3154 560 3204 sacerdotii
591 3154 842 3219 adipiscen
879 3154 892 3166 ‘
927 3155 1126 3203 modum
1153 3169 1182 3201 e
1202 3154 1424 3219 pluribus

293 3220 477 3285 posuit,
500 3233 558 3267 ut
575 3228 736 3283 poeta.
780 3218 924 3273 Quod
956 3228 1120 3267 autem
1151 3218 1205 3266 in
1236 3218 1314 3266 his
1336 3217 1422 3265 ad-

288 3284 480 3347 junctis
511 3284 678 3348 paullo
708 3282 952 3347 copiosior
979 3293 1070 3341 est,
1094 3282 1144 3330 in
1175 3298 1234 3331 eo
1265 3292 1419 3330 artem

294 3358 706 3462 5ῗῖῗέξὲ
725 3347 856 3460 32⁰}ss
869 3346 1418 3473 Θέἒῖιὲἳῗὲἶῗῖἑῗζ

292 3477 444 3527 lenne
477 3475 770 3526 sacrificium
837 3477 1089 3529 arabamrz
1125 3484 1182 3523 ut
1211 3477 1422 3523 sollennis

295 3546 464 3655 great,
501 3542 556 3589 in
569 3556 700 3653 Fqut
735 3541 980 3656 221⁷ennes
1023 3539 1126 3619 ludi
1161 3540 1420 3651 ‘lab-gumi,

351 3622 398 3653 vi
433 3642 447 3653 .
485 3622 519 3654 v
610 3621 664 3654 as
849 3624 862 3661 ς
906 3608 1127 3653 mmmmm
1314 3620 1358 3660 a,

297 3674 410 3720 Art.
457 3672 576 3725 13³:
612 3686 797 3732 campus
831 3672 1044 3718 mllemis
1083 3666 1336 3716 claudian.
1361 3666 1423 3713 de

297 3737 351 3785 vi
387 3736 536 3783 Cons-
561 3735 694 3782 Hon.
720 3736 764 3782 5.
817 3735 1076 3790 Ceterum,
1097 3730 1224 3794 quod
1243 3731 1296 3779 in
1317 3730 1418 3795 pri-

297 3816 384 3849 mo
404 3799 572 3848 statim
593 3797 776 3847 letitie
797 3797 1006 3863 publice
1028 3796 1238 3845 tumultu
1259 3794 1320 3842 de
1343 3810 1419 3841 sa-

295 3880 386 3913 cro
419 3864 658 3927 Neptuno
702 3861 923 3911 faciendo
957 3860 1212 3924 cogitatur,
1247 3859 1424 3907 mirum

297 3928 460 3977 videri
482 3936 657 3991 potest.
715 3926 814 3975 Sed
846 3927 1110 3989 Neptunus
1131 3939 1244 3972 cum
1267 3922 1421 3986 Apol-

297 3992 402 4041 line
421 3992 583 4054 'I'rojae
600 3990 754 4039 tutela
767 4000 843 4039 est
859 3989 1081 4045 habitum
1117 3988 1208 4036 etsi
1233 3988 1286 4035 H
1288 4002 1421 4035 ome-

297 4072 388 4105 rus
405 4056 564 4105 solum
574 4054 854 4131 Apollinem
871 4062 1120 4102 memorat.
1167 4052 1246 4100 Illi
1265 4051 1428 4114 igitur,

299 4120 462 4169 soluta
481 4119 746 4177 obsidione,
767 4134 904 4167 sacra
924 4126 1172 4181 parantur,
1196 4112 1428 4179 χαριστή-

300 4203 392 4248 ρια,
431 4194 483 4233 et
512 4183 710 4247 quidem
745 4182 798 4231 in
829 4182 938 4247 ipso
969 4182 1148 4239 littore,
1187 4189 1246 4229 ut
1279 4188 1330 4227 et
1351 4194 1428 4242 ap.

305 4249 494 4313 Hygia.
524 4250 630 4305 135,
655 4256 708 4296 ut
729 4264 909 4296 samm
927 4244 1115 4307 faceret
1135 4248 1350 4307 Neptuno
1370 4245 1434 4291 ad

303 4317 440 4361 littus
453 4332 472 4367 ,-
507 4321 560 4360 et
589 4312 660 4360 sic
693 4311 808 4360 alibi
843 4326 920 4375 ap.
958 4311 1162 4358 Homer.
1199 4308 1434 4372 Neptuno

304 4392 446 4426 sacra
467 4378 607 4425 flunt.

371 4442 644 4490 203—208.
681 4439 1034 4490 ornatissimus
1049 4438 1199 4487 locus.
1251 4438 1432 4485 Imm-

1483 2196 1595 2241 bunt
1626 2194 1805 2257 pelago,
1838 2192 2070 2258 praeclare
2114 2210 2205 2258 pro
2247 2193 2484 2254 innatant,
2520 2194 2608 2245 sed
2650 2208 2655 2213 ’

1479 2273 1593 2305 cum
1636 2256 1993 2320 significatione
2034 2259 2397 2322 magnitudinis.
2472 2262 2607 2309 Jubae

1479 2324 1755 2383 sanguineae,
1779 2320 1950 2383 φόνιαι,
1968 2322 2245 2386 hydrorum,
2271 2338 2383 2371 nam
2406 2324 2498 2371 hoc
2518 2340 2605 2386 ge-

1480 2400 1575 2432 nus
1606 2383 1991 2448 intelligendum,
2027 2382 2171 2435 fulvas
2202 2388 2363 2436 barbae
2396 2403 2485 2435 seu
2522 2404 2605 2435 co-

1480 2463 1589 2497 mae.
1639 2450 1735 2513 Ap.
1780 2450 1982 2497 Homer.
2026 2449 2085 2498 11.
2124 2454 2173 2507 β,
2198 2453 2309 2509 808,
2346 2447 2527 2513 δράκων
2564 2454 2605 2499 δ’

1483 2512 1559 2560 ἐπὶ
1608 2514 1735 2561 νῶτα
1786 2511 2018 2575 &aquomst-
2102 2515 2395 2576 Eoemperont
2446 2518 2607 2573 undas,

1483 2576 1705 2624 eminent
1730 2592 1879 2652 supra
1904 2592 2053 2625 mare.
2102 2579 2241 2641 Legit
2258 2587 2446 2640 pontum
2468 2594 2607 2641 egre-

1485 2640 1567 2703 gie
1590 2640 1652 2689 de
1673 2640 1893 2704 vestig-iis
1921 2640 2140 2690 incessus
2162 2642 2302 2700 lenis,
2328 2642 2404 2691 vel
2426 2650 2611 2691 tractus

1486 2705 1540 2752 in
1580 2705 1852 2769 superficie.
1911 2708 2191 2768 Sinuantque
2230 2710 2446 2755 immensa
2481 2710 2607 2755 vola-

1485 2772 1606 2817 mine
1626 2778 1772 2833 terga,
1798 2770 1845 2817 h.
1865 2784 1906 2817 e.
1930 2784 2045 2834 pars
2065 2770 2307 2834 posterior
2327 2780 2611 2835 serpentum

1486 2833 1651 2882 sinuat
1671 2850 1724 2881 se
1745 2833 1799 2881 in
1820 2834 2110 2882 immensum
2130 2834 2370 2893 volumen,
2390 2835 2587 2899 spiram.

1553 2899 1841 2945 209—211.
1893 2896 2058 2946 Etiam
2100 2899 2203 2946 baec
2245 2898 2385 2946 valde
2425 2910 2609 2947 ornata.

1485 2965 1617 3010 Arva
1646 2977 1737 3025 pro
1766 2960 1945 3010 littore.
1996 2964 2201 3024 suffecti,
2228 2963 2276 3010 h.
2303 2979 2343 3012 e.
2376 2962 2612 3012 habentes

1487 3026 1652 3075 oculos
1680 3026 1887 3075 suffusos
1917 3027 2169 3089 sanguine,
2193 3028 2439 3075 rubentes.
2488 3029 2607 3075 Om-

1488 3090 1607 3138 nino
1629 3099 1771 3138 erant
1790 3090 1826 3138 ii
1848 3090 2001 3139 oculis
2030 3090 2218 3155 fulgore
2240 3090 2434 3139 rubenti
2458 3090 2608 3139 infec-

1489 3154 1567 3213 tis,
1589 3154 1769 3203 tinctis.
1831 3158 1927 3203 Ora
1960 3158 2113 3213 sibila,
2147 3164 2203 3203 ut
2235 3157 2355 3203 Geo.
2392 3154 2463 3214 iii,
2499 3158 2609 3213 421,

1489 3221 1607 3267 collo
1635 3222 1788 3277 sibila,
1822 3216 2085 3281 συρίζοντι.
2138 3221 2325 3283 Lingua
2345 3223 2532 3269 vibrans
2564 3230 2615 3268 et

1485 3286 1699 3341 lambens,
1731 3285 1973 3343 λιχμῦσα,
2001 3283 2054 3332 in
2081 3284 2340 3358 praecipuis
2370 3294 2447 3332 est
2468 3300 2609 3332 orna-

1484 3347 1665 3395 mentis
1809 3346 1919 3395 ticis
1965 3356 2153 3423 quoties
2199 3348 2259 3396 de
2304 3348 2613 3411 serpentibus

1485 3411 1661 3474 agitur.
1776 3426 1803 3458 e
1851 3412 1943 3458 boc
1982 3426 2091 3475 ipso
2128 3420 2371 3476 serpente,
2415 3412 2476 3459 de
2517 3428 2613 3474 quo

1487 3484 1653 3523 noster
1664 3474 1892 3537 loquitur,
1914 3476 2001 3523 sed
2016 3475 2179 3523 minus
2201 3484 2384 3531 ornate,
2400 3476 2615 3529 Quintus

1489 3538 1574 3596 xii,
1595 3540 1705 3585 448.
1758 3540 2000 3586 Caeterum
2035 3537 2215 3586 similia
2246 3538 2307 3585 de
2340 3538 2614 3600 ingentium

1487 3602 1755 3650 draconum
1795 3602 1985 3665 allapsu
2022 3602 2164 3665 plura
2201 3610 2317 3649 sunt
2358 3610 2613 3664 poetarum

1487 3667 1607 3723 loca,
1632 3675 1689 3713 ut
1708 3665 1771 3713 de
1796 3664 2086 3713 draconibus
2115 3666 2177 3712 ab
2212 3664 2429 3712 Hercule
2497 3681 2615 3714 uero

1488 3740 1539 3779 et
1571 3746 1599 3777 ιι
1626 3730 1811 3778 Cadmo
1841 3728 2142 3785 interemtis3
2178 3681 2503 3793 comparantss
2532 3729 2617 3777 illa

1489 3794 1685 3857 quidem
1708 3808 1807 3841 non
1830 3793 1937 3841 sine
1957 3792 2133 3841 fructu.

1558 3860 1666 3905 212.
1701 3862 1898 3921 Agmine
1917 3866 2052 3916 certo,
2068 3857 2310 3921 exquisita
2334 3855 2614 3915 Latinitate,

1488 3938 1593 3987 pro,
1609 3930 1813 3984 uterque
1831 3922 1977 3971 simul
1996 3922 2238 3971 destinato
2256 3922 2309 3969 in
2330 3936 2443 3969 eum
2459 3921 2615 3984 lapsu.

1557 3988 1668 4044 215,
1693 3988 1802 4033 216.
1840 3988 2069 4047 Inplicat,
2084 3986 2354 4034 circumdat
2370 3985 2517 4048 spiris
2530 4000 2619 4033 seu

1495 4050 1638 4099 nodis
1670 4066 1725 4098 ac
1764 4050 2103 4099 voluminibus.
2156 4052 2317 4098 Morsu
2338 4052 2615 4111 depascitur,

1497 4112 1778 4173 ἐπινέμεται,
1802 4124 1973 4161 ornate
2001 4130 2106 4178 pro,
2131 4113 2397 4169 admordet,
2418 4112 2619 4162 devorat

1497 4178 1592 4240 (sic
1728 4186 1803 4235 tae,
1849 4193 1997 4225 moran
2049 4180 2267 4237 lacerare,
2309 4176 2585 4238 consume)
2603 4198 2622 4232 ‚-

1495 4258 1589 4290 nec
1658 4241 1753 4290 iter
1784 4240 2129 4303 intelligendus
2157 4240 2489 4306 Lycophronis
2510 4260 2618 4291 παι-

1499 4306 1678 4367 sospes
1700 4304 1899 4367 Πάρι-ης.

1566 4370 1676 4417 216.
1717 4371 1829 4418 Tela
1846 4368 2090 4431 serentem,
2113 4385 2225 4419 cum
2261 4370 2357 4419 telo
2387 4370 2441 4419 in
2473 4385 2621 4419 manu

1499 4442 1920 4498 appi-operantem.

1437 4501 1528 4547 21
