3050 4934
436 186 470 246 -1
482 183 567 246 74-

1257 180 1936 247 GEORGICON

610 332 739 397 Est
766 334 961 397 etiam
990 332 1112 397 flos
1144 333 1209 397 in
1240 335 1468 418 pratiS,
1501 334 1605 399 cui
1637 355 1869 397 nomen
1897 330 2128 397 amello

608 433 851 499 Fecere
880 433 1203 518 agricolae,
1237 434 1440 499 facilis
1468 435 1916 519 quaerentibus
1946 433 2191 509 herba;

606 536 911 620 Namque
941 558 1073 599 uno
1102 537 1427 620 ingentem
1458 534 1623 600 tollit
1653 537 1736 599 de
1768 536 2015 620 cespite
2047 532 2291 609 silvam,

607 636 873 702 Aureus
904 637 1083 721 ipse3
1131 639 1249 701 sed
1279 638 1344 701 in
1376 637 1568 714 foliis,
1602 660 1752 721 quae
1781 636 2056 721 plurima
2083 636 2325 699 circum

436 739 565 803 275
608 738 1025 815 Funduntur,
1057 738 1243 803 violae
1274 738 1572 803 sublucet
1603 760 1897 823 purpura
1924 737 2164 821 nigroe3

611 840 805 926 Saepe
836 839 1033 903 defim
1062 840 1247 905 nexis
1280 850 1527 904 ornatae
1558 839 1900 923 torquibus
1929 858 2096 915 arae3

612 940 836 1026 Asper
865 942 933 1005 in
963 963 1076 1005 ore
1110 963 1340 1024 sapor:
1389 940 1594 1005 tonsis
1627 942 1692 1003 in
1721 938 1997 1004 vallibus
2029 938 2207 1002 illum

613 1042 923 1107 Pastores
954 1054 1023 1107 et
1052 1064 1252 1107 curva
1279 1041 1509 1126 legunt
1539 1062 1746 1126 prope
1776 1040 2042 1103 flumina
2073 1037 2314 1102 Mellae.

613 1144 835 1229 Hujus
867 1145 1143 1208 odorato
1172 1143 1426 1206 radices
1458 1143 1736 1225 incoque
1766 1140 2057 1217 Baccho,

439 1246 570 1309 280
614 1242 999 1329 Pabulaque
1028 1246 1093 1307 in
1125 1242 1378 1307 foribus
1408 1241 1618 1326 plenis
1647 1263 1905 1326 appone
1935 1241 2259 1306 canistris·

698 1345 858 1423 Sed,
890 1346 945 1408 si
973 1366 1167 1428 quem
1195 1343 1414 1429 proles
1448 1344 1666 1408 subito
1697 1342 2012 1407 defecerit
2042 1342 2270 1417 omniS,

612 1447 782 1524 Nec,
813 1468 1020 1531 genus
1050 1446 1226 1510 unde
1257 1468 1441 1510 novae
1472 1446 1694 1530 stirpis
1725 1454 2090 1521 revocetur,
2121 1442 2426 1519 habebit3

610 1550 908 1635 Tempus
939 1562 1006 1615 et
1036 1548 1307 1614 Arcadii
1336 1550 1755 1613 memoranda
1783 1550 2045 1612 inventa
2073 1547 2365 1631 magistri

614 1651 941 1729 Pandere,
973 1673 1235 1735 quoque
1264 1650 1460 1714 modo
1490 1650 1675 1715 caesis
1697 1651 1835 1734 jam
1865 1671 2042 1734 saepe
2063 1648 2358 1733 juvencis

440 1754 570 1816 285
614 1751 986 1817 Insincerus
1020 1776 1177 1837 apes
1210 1752 1430 1817 tulerit
1460 1773 1675 1816 cruor.
1753 1749 1973 1815 Altius
2005 1772 2257 1814 omnem

616 1854 987 1939 Expediam
1018 1856 1223 1938 prima
1251 1863 1558 1938 repetens
1590 1853 1674 1917 ab
1705 1854 1951 1937 origine
1983 1852 2236 1917 famam.

614 1955 790 2021 Nam
820 1977 951 2039 qua
982 1953 1205 2019 Pellaei
1233 1973 1395 2039 gens
1428 1952 1760 2019 fortunata
1789 1952 2043 2038 Canopi

615 2053 874 2120 Accolit
905 2054 1118 2119 effuso
1150 2064 1561 2139 stagnantem
1590 2054 1852 2119 flumine
1881 2054 2131 2132 Nilum,

618 2156 711 2219 Et
741 2158 982 2220 circum
1004 2156 1203 2240 pictis
1233 2155 1493 2220 vehitur
1522 2177 1645 2220 sua
1673 2176 1829 2220 rura
1855 2154 2113 2233 faselis3

439 2324 552 2371 quae
584 2306 814 2356 infundis.
885 2308 1041 2367 Galla,
1076 2323 1364 2357 excrescens
1396 2308 1480 2357 ille
1514 2308 1567 2355 in

437 2372 820 2437 glandiferarum
837 2373 1181 2421 nonnullarum
1195 2375 1422 2422 arborum
1439 2372 1568 2421 foliis

441 2448 620 2495 tumor,
656 2436 857 2485 insectis
900 2437 1143 2500 gravidus,
1184 2436 1570 2501 adstringentem

442 2502 593 2551 habet
610 2510 848 2558 naturam,
869 2500 1025 2563 (unde
1046 2503 1093 2550 h.
1113 2502 1145 2550 l.
1164 2518 1301 2563 sapor
1316 2504 1460 2565 galla
1478 2517 1570 2565 pro

442 2564 613 2627 gallin)
638 2565 855 2627 adeoque
876 2564 1170 2629 profluvium
1192 2564 1323 2614 sistit
1342 2565 1454 2623 alvi,
1473 2581 1570 2627 quo

442 2630 665 2679 laborant
684 2644 799 2677 vere
816 2644 879 2677 ex
896 2638 1031 2678 certo
1048 2629 1217 2694 pabuli
1234 2629 1372 2678 vcrui
1387 2644 1570 2703 genere

445 2709 564 2805 {ges
578 2693 899 2804 :Pei-‘'Solum‘-
925 2694 991 2751 ix,
1021 2697 1095 2805 ξιξ,
1122 2696 1173 2769 [23
1210 2694 1367 2741 Varro
1380 2693 1462 2769 3ii,
1492 2694 1568 2769 ld,

445 2830 496 2869 et
512 2766 955 2869 ‘confissienfioviliitie
965 2766 1572 2886 tirilnlgspffiasoyssffiugrn:

446 2885 618 2934 vinum
659 2885 801 2933 dulce
846 2901 900 2934 ac
936 2896 1141 2933 coctum.
1222 2888 1573 2948 Cecropiumque

449 2953 664 3013 thymum,
680 2949 775 2998 vid.
792 2965 899 3013 sup.
914 2966 959 2997 v.
986 2950 1091 3008 112,
1115 2948 1221 3000 177.
1272 2952 1575 2998 Centaureum

447 3014 551 3063 sive
582 3012 902 3070 centaurium,
926 3015 1083 3075 majus
1115 3022 1165 3061 et
1186 3012 1363 3072 minus,
1388 3030 1418 3061 a
1440 3016 1571 3062 Cen-

448 3088 589 3126 tauro
609 3077 824 3126 Chirone
848 3092 1027 3125 nomen
1048 3077 1212 3125 traxit.

513 3140 786 3191 2⁷1—275.
838 3141 1166 3190 Consentiunt
1208 3141 1301 3191 viri
1342 3140 1475 3189 docti
1517 3142 1573 3190 iu

447 3206 554 3263 hoc,
572 3208 783 3253 amellam
804 3219 910 3253 esse
930 3206 1159 3254 Asterem
1175 3206 1397 3255 Atticum
1416 3222 1570 3254 caeru-

446 3269 579 3317 lemn
614 3268 878 3331 vulgarem,
918 3284 1063 3332 quem
1101 3269 1157 3317 in
1192 3270 1349 3327 Italia,
1389 3270 1570 3327 Sicilia,

447 3344 500 3382 et
531 3332 693 3381 Gallia
724 3333 1035 3381 Narbonensi
1070 3333 1267 3382 incultis
1301 3343 1352 3381 et
1385 3334 1573 3397 asperis

448 3396 749 3446 convallibus
778 3396 961 3461 passim
991 3397 1127 3446 nasci
1152 3398 1307 3446 Baius
1339 3407 1570 3453 testatum

447 3461 577 3510 unde
602 3460 769 3523 facilis
806 3466 1115 3524 querentibus
1150 3465 1305 3510 herba.
1381 3465 1479 3510 Uno
1516 3466 1572 3509 de

449 3530 631 3588 cespite,
664 3541 752 3574 seu
783 3540 883 3573 uno
913 3526 1181 3589 eodemque
1213 3526 1301 3574 soli
1334 3526 1455 3585 loco,
1484 3540 1574 3574 seu

449 3606 549 3639 una
580 3590 846 3652 eademque
872 3590 1051 3649 radice,
1076 3600 1133 3639 ut
1161 3608 1313 3653 cespes
1342 3591 1409 3639 sit
1428 3590 1571 3639 radix

445 3653 701 3729 cespitosa,
724 3670 816 3703 seu
836 3654 978 3703 radix
1000 3654 1136 3704 fibris
1160 3655 1291 3703 inter
1312 3670 1365 3703 se
1386 3656 1438 3702 in
1460 3670 1567 3702 ces-

446 3718 566 3783 pius
594 3719 794 3767 modum
826 3718 1053 3783 implexa.
1115 3720 1258 3768 Flore
1279 3718 1419 3777 flavo,
1442 3718 1572 3767 foliis

447 3782 707 3847 purpureis
728 3782 945 3831 violaceo
966 3783 1141 3831 colore.

514 3846 785 3898 276—279.
838 3847 1009 3895 Solent
1048 3862 1145 3894 arae
1188 3848 1332 3895 sertis
1372 3862 1435 3895 ex
1478 3848 1572 3895 hoc

448 3912 625 3959 amello
656 3910 797 3962 nexis
836 3910 1013 3959 ornari.
1084 3913 1244 3959 Tomis
1276 3914 1325 3959 in
1357 3914 1569 3970 vallibus,

449 3990 568 4037 quas
604 3975 816 4039 pecudes
856 3975 1059 4024 tondent
1100 3975 1221 4039 (vid.
1259 3977 1397 4024 Geo.·
1418 3976 1451 4033 i,
1492 3978 1568 4035 15,

450 4048 501 4087 et
520 4038 633 4101 al.);
658 4055 772 4088 nam
794 4050 1065 4103 sequuntur
1090 4048 1313 4102 pastores,
1335 4040 1418 4103 qui
1442 4040 1572 4089 inter

446 4103 745 4167 pascendum
806 4105 1007 4153 herbam
1068 4104 1317 4167 colligunt.
1406 4107 1568 4153 Meua.

448 4168 856 4216 Brixia—Flavus
887 4186 1021 4229 quam
1056 4172 1179 4216 molli
1202 4172 1453 4231 proeeurrit
1472 4172 1567 4229 flu·

448 4234 565 4278 mine
598 4232 743 4279 Mella
776 4232 954 4280 Catull.
992 4231 1113 4280 lxiii.
1154 4232 1267 4295 (67)
1301 4235 1378 4280 33.
1451 4232 1569 4281 Flu-

448 4296 582 4344 vium
599 4294 763 4358 itaque
782 4311 845 4344 ex
864 4296 1043 4345 vicinia
1059 4296 1163 4360 agri
1184 4296 1442 4345 Mantuani
1465 4313 1568 4346 me-

1634 2307 1904 2369 ἆνθοσμῖαν,
1927 2308 2142 2369 εὔοσμον,
2163 2307 2324 2365 εὕῶδη,
2350 2316 2404 2356 ut
2427 2306 2632 2358 Theocr.
2657 2307 2758 2367 xiv,

1639 2374 1713 2429 16,
1745 2372 1948 2421 odorum
1981 2373 2166 2431 vinum,
2200 2371 2417 2434 adeoque
2449 2388 2759 2435 generosum,

1633 2436 1792 2485 intelli
1829 2452 1868 2485 e.

1702 2453 1825 2549 281.g
1851 2500 2134 2564 Ing-reditur
2155 2498 2492 2549 noblissimum
2511 2501 2674 2550 locum
2697 2502 2760 2551 de

1634 2565 1904 2629 reparanda
1936 2564 2090 2628 stirpe
2125 2580 2288 2639 apum,
2320 2580 2432 2613 cum
2465 2566 2636 2614 morbo
2667 2581 2758 2615 ex-

1633 2629 1798 2677 amina
1835 2638 1934 2677 tota
1967 2628 2258 2677 interierint.
2329 2629 2561 2692 Sequitur
2594 2638 2762 2679 autem

1635 2693 1916 2757 opinionem
1961 2694 2208 2742 veteribus
2251 2709 2573 2752 communem,
2615 2709 2760 2805 posse

1636 2774 1699 2805 ex
1711 2759 1835 2807 bove
1852 2774 1977 2807 caeso
1993 2773 2122 2806 nova
2136 2772 2284 2821 apum
2300 2757 2526 2807 examina
2538 2774 2628 2806 exo
2647 2758 2760 2813 udi:

1637 2822 1766 2883 quod
1789 2822 2133 2887 AEgyptiorum
2155 2822 2408 2870 inventum
2433 2831 2485 2870 et
2499 2822 2762 2871 artificium

1637 2902 1743 2935 esse
1765 2886 1912 2949 vulgo
1923 2886 2211 2948 Jactabatur.
2257 2886 2664 2951 Experimentum
2686 2886 2762 2935 rei

1637 2950 1722 3011 qui
1742 2949 2024 3007 instituerit,
2050 2965 2148 2997 non
2169 2962 2490 2999 memoratum
2507 2950 2622 2999 vidi.
2666 2951 2758 2999 vi-

1639 3013 1782 3062 detur
1803 3014 1888 3062 illa
1909 3013 2130 3062 Orientis
2152 3013 2270 3063 olim
2295 3014 2567 3064 communis
2593 3014 2762 3079 opinio

1636 3078 1801 3135 finisse,
1811 3087 1868 3126 ut
1879 3078 2080 3126 omnino
2093 3078 2293 3137 insecta,
2305 3078 2374 3128 ita
2386 3094 2517 3143 apes,
2529 3094 2592 3127 ex
2598 3080 2756 3145 putri-

1636 3143 1728 3191 bus
1753 3142 2070 3191 cadaveribus
2090 3143 2342 3205 generari3
2377 3143 2460 3193 cui
2483 3143 2570 3192 illa
2590 3146 2756 3193 obser·

1636 3206 1769 3254 vatio
1791 3206 1914 3254 forte
1935 3206 2097 3255 locum
2117 3206 2312 3265 fecerat,
2337 3208 2466 3270 quod
2487 3224 2604 3283 apes
2624 3208 2678 3257 in
2699 3208 2761 3258 iis

1639 3270 1796 3327 torris,
1833 3270 1918 3319 ubi
1953 3270 2136 3335 passim
2169 3286 2262 3336 per
2293 3272 2442 3321 silvas
2482 3286 2589 3320 sine
2625 3272 2762 3323 cultu

1636 3336 1949 3397 vagabantur,
1971 3335 2066 3383 mel
2089 3334 2336 3383 interdum
2353 3336 2408 3384 in
2425 3336 2758 3395 cadaveribus,

1636 3412 1692 3445 ut
1722 3398 1878 3447 leonis
1908 3398 2150 3447 Samsonii
2183 3414 2322 3447 exem
2359 3400 2408 3447 lo
2438 3409 2641 3460 constat,
2673 3402 2764 3451 sed

1637 3463 1908 3520 exsiccatis,
1939 3478 2038 3511 non
2072 3478 2190 3511 vero
2224 3478 2288 3526 qu
2387 3473 2589 3513 narrant
2622 3465 2762 3515 sanie

1638 3526 1984 3585 diffluentibus,
2009 3526 2168 3576 facere
2189 3527 2433 3576 videbant.

1701 3594 1810 3639 282.
1856 3594 2010 3640 Genus
2039 3608 2160 3640 novae
2180 3596 2356 3655 stirpis,
2381 3608 2536 3657 genus
2559 3608 2756 3654 novum,

1635 3672 1662 3704 a
1688 3670 1810 3704 nova
1833 3656 1986 3720 stirpe
2011 3656 2271 3706 oriundum
2294 3672 2513 3706 examen.

1703 3722 1811 3769 283.
1836 3724 2034 3768 Arcadia·
2055 3725 2270 3783 magistri
2290 3722 2514 3787 pastoris,
2533 3720 2756 3771 Aristaei:
2813 3758 2820 3765 .

1637 3783 1733 3831 vid.
1763 3784 1890 3832 infra
1917 3800 1960 3831 v.
1987 3784 2082 3835 317
2105 3793 2156 3833 et
2187 3787 2296 3833 539.
2357 3786 2587 3849 Sequitur
2611 3786 2764 3849 igitur

1635 3848 1688 3897 in
1705 3848 1797 3895 hoc
1819 3849 1964 3896 Maro
1981 3864 2066 3897 eos
2084 3848 2168 3911 qui
2183 3865 2298 3898 eum
2319 3850 2544 3899 Arcadioe
2561 3850 2760 3899 heroem

1637 3912 1900 3961 ediderant.

1702 3978 1972 4025 284—286.
2009 3977 2076 4025 Et
2097 3996 2183 4041 qno
2205 3981 2332 4028 modo
2347 3982 2449 4043 jam
2473 3996 2602 4045 saepe
2623 3980 2761 4029 caesis

1629 4040 1853 4103 juvencis
1870 4058 2004 4091 eruor
2021 4045 2288 4101 insincerus,
2307 4052 2565 4109 corruptus
2585 4060 2648 4093 ex
2663 4060 2755 4109 pu·

1636 4104 1840 4163 tredine,
1865 4110 2039 4165 tulerit,
2067 4108 2338 4172 protulerit,
2363 4101 2610 4183 generarit
2635 4124 2757 4170 apes.

1641 4173 1822 4219 Omnem
1845 4170 2040 4234 samam,
2072 4172 2143 4220 rei
2180 4188 2478 4231 memoriam,
2521 4172 2758 4221 narratio-

1637 4250 1764 4283 nem.

1703 4300 1974 4351 287—289.
2012 4302 2109 4351 Per
2133 4311 2282 4351 totam
2303 4302 2585 4365 AEgyptum.
2637 4303 2760 4349 Gens

448 4368 689 4409 moratum
718 4359 868 4409 vides.
940 4364 1140 4409 Odor-ato
1176 4363 1371 4420 Baccho,
1408 4361 1569 4426 simpl.
1623 4361 1886 4424 fortunata,
1911 4382 1940 4414 a
1965 4376 2107 4415 terrae
2128 4366 2373 4424 felicitate,
2399 4380 2488 4414 scu
2509 4364 2760 4415 fertilitate
