3050 4934
1180 193 1519 261 LIBER
1566 194 1698 259 IV.

2481 194 2602 257 173

462 340 614 413 Quo
642 342 849 426 magis
880 342 1221 409 exhaustae
1251 343 1515 422 fuerint,
1545 344 1674 410 hoc
1703 346 1916 410 acrius
1949 367 2171 411 omnes

455 439 841 507 Incumbent
868 446 1125 528 generis
1154 444 1324 530 lapsi
1356 447 1598 511 sarcire
1629 447 1876 523 ruinas,

280 542 419 605 250
458 542 1023 629 Complebuntque
1050 546 1253 625 foros,
1282 557 1352 612 et
1378 546 1652 613 floribus
1682 546 1922 612 horrea
1949 558 2197 613 texent-

541 643 613 709 Si
636 668 815 723 vero,
846 648 1151 731 quoniam
1179 670 1370 713 casus
1402 650 1637 733 apibus
1668 670 1930 732 quoque
1960 660 2220 714 nostros

456 746 613 810 Vita
641 746 811 824 tulit,
842 748 1014 813 tristi
1040 748 1444 833 languebunt
1469 771 1749 834 corpora
1775 750 2027 827 morbo,

456 844 655 918 Quod
676 848 816 931 jam
845 871 973 913 non
1004 850 1221 915 dubiis
1251 852 1497 935 poteris
1528 872 1924 933 cognoscere
1957 852 2197 936 signis:

454 946 779 1012 Continuo
804 961 907 1014 est
934 952 1127 1035 aegris
1158 950 1321 1015 alius
1350 950 1529 1017 color
1553 977 1570 1029 ;
1615 951 1886 1017 horrida
1915 951 2164 1019 vultum

276 1050 411 1111 255
453 1048 797 1115 Deformat
824 1052 1097 1130 macies;
1145 1062 1284 1117 tum
1313 1073 1592 1137 corpora
1611 1052 1758 1117 luce
1787 1064 2124 1120 carentum

454 1149 828 1235 Exportant
855 1153 1069 1229 tecti8‚
1100 1161 1170 1216 et
1199 1153 1410 1217 tristia
1438 1152 1672 1217 funera
1701 1154 1988 1231 ducunt;

452 1249 590 1315 Aut
617 1250 745 1315 illae
773 1252 1053 1336 pedibus
1081 1274 1394 1318 connexas
1424 1254 1509 1317 ad
1541 1252 1757 1319 limina
1787 1256 2101 1339 pendent,

452 1350 591 1416 Aut
618 1352 794 1416 intus
824 1350 1061 1417 clausis
1091 1364 1483 1419 cunctantur
1510 1355 1580 1417 in
1607 1355 1884 1433 aedibus,
1917 1366 2140 1421 omnes

450 1451 840 1537 Ignavoeque
871 1453 1038 1519 fame
1066 1464 1136 1519 et
1164 1465 1501 1519 contracto
1529 1453 1772 1540 frigore
1799 1457 2028 1540 pigrae.

272 1554 409 1618 260
450 1553 624 1619 Tum
654 1577 853 1619 sonus
880 1556 1145 1621 auditur
1172 1556 1454 1641 gravior,
1486 1557 1870 1640 tractimque
1903 1570 2278 1626 susurrant:

448 1654 753 1741 Frigidus
782 1668 859 1721 ut
882 1658 1213 1741 quondam
1243 1656 1415 1723 silvis
1446 1658 1892 1722 immurmurat
1919 1656 2202 1737 Auster-3

450 1757 547 1822 Ut
573 1780 749 1822 mare
782 1757 1122 1823 sollicitum
1152 1760 1369 1823 stridit
1397 1758 1826 1825 refluentibus
1855 1759 2088 1838 undis3

447 1858 719 1924 AEstuat
746 1870 821 1924 ut
852 1858 1087 1925 clausis
1115 1861 1385 1945 rapidus
1418 1859 1790 1925 fornacibus
1821 1861 2011 1945 ignis·

450 1961 579 2025 Hic
602 1962 740 2046 jam
766 1960 1122 2046 galbaneos
1154 1963 1447 2027 suadebo
1476 1962 1826 2027 incendere
1858 1963 2120 2039 odoreS,

266 2062 403 2126 265
448 2062 779 2146 Mellaque
810 2064 1183 2128 arundineis
1214 2062 1455 2127 inferre
1486 2062 1843 2140 canalibuS,
1878 2062 2052 2128 ultro

446 2164 861 2242 Hortantem,
892 2173 961 2228 et
989 2163 1199 2229 fessas
1231 2165 1317 2230 ad
1348 2162 1590 2249 pabula
1618 2174 1774 2229 nota
1802 2176 2157 2230 vocantem.

446 2264 751 2329 Proderit
780 2276 849 2329 et
879 2274 1143 2329 tunsum
1170 2264 1358 2349 gallae
1389 2265 1746 2330 admiscere
1779 2289 2100 2351 saporem,

444 2363 859 2451 Arentesque
890 2387 1099 2443 rosas,
1130 2378 1244 2431 aut
1271 2367 1403 2451 igni
1432 2368 1700 2451 pinguia
1727 2366 1931 2432 multo

446 2466 753 2545 Defruta,
783 2467 887 2532 vel
913 2466 1160 2553 psithia
1187 2490 1418 2553 passos
1451 2468 1535 2533 de
1565 2469 1696 2532 vite
1726 2490 2044 2546 racemOS,

262 2568 401 2632 270
443 2568 961 2655 Cecropiumque
994 2568 1306 2654 thymum,
1338 2579 1406 2634 et
1433 2591 1633 2652 grave
1663 2568 1904 2635 olentia
1931 2578 2302 2636 centaurea.

336 2770 609 2819 248—250.
660 2772 759 2823 Quo
797 2773 947 2833 nagia
996 2773 1230 2819 exhausta
1272 2784 1391 2833 apes

260 2842 385 2883 suut
400 2834 545 2882 melle
566 2833 806 2882 subducto
829 2836 945 2895 (nec
968 2842 1131 2884 tamen
1148 2848 1208 2883 eo
1220 2849 1389 2897 usque,

262 2908 327 2947 ut
354 2898 483 2947 fame
510 2898 813 2962 pei-eundem
842 2898 921 2957 sit,
950 2913 1041 2947 uec
1072 2898 1233 2947 alieno
1262 2908 1387 2947 tem-

260 2962 429 3027 pore),
466 2978 522 3011 eo
553 2966 709 3011 aer-ius
744 2979 894 3011 omnes
934 2978 1133 3027 operam
1164 2963 1297 3022 dant,
1333 2972 1391 3011 ut

252 3030 503 3089 jacturam
524 3034 711 3075 tantam
732 3035 988 3091 reparent3
1022 3030 1185 3076 ruinas
1204 3032 1391 3091 generis

262 3094 403 3153 lapsi,
426 3102 482 3139 ut
501 3090 668 3155 paullo
692 3100 823 3149 ante,
844 3108 918 3139 res
926 3089 1131 3153 fractas,
1154 3108 1184 3141 a
1204 3092 1385 3156 repub-

260 3154 365 3204 lica
394 3164 446 3204 et
478 3155 685 3220 imperio
719 3155 883 3218 aliquo
916 3165 1145 3205 summm.
1199 3156 1389 3205 Notum

266 3230 433 3269 autem
464 3220 597 3269 inter
628 3219 927 3283 melina-gos,
952 3236 1017 3269 ex
1036 3219 1198 3269 melli·
1230 3221 1385 3269 abun-

262 3283 434 3334 dantia
452 3283 633 3333 inertia
660 3293 712 3333 et
736 3283 935 3334 luxuria
964 3284 1089 3333 solvi
1110 3298 1255 3348 apen
1290 3283 1383 3331 ita-

262 3364 363 3412 que
376 3347 645 3398 etiamnum
661 3348 793 3397 inter
805 3348 1041 3399 mellificii
1057 3348 1213 3397 nostri
1232 3362 1387 3396 noxas

261 3414 485 3471 habetur,
530 3413 661 3475 quod
704 3428 805 3461 non
848 3412 967 3462 satis
1012 3411 1173 3461 mellis
1212 3412 1387 3476 apibus

262 3478 565 3535 subducitur.
610 3486 781 3526 contra
824 3492 955 3536 vero,
998 3492 1113 3525 vere
1164 3476 1383 3532 ineunte,

262 3556 422 3590 novus
455 3542 594 3591 cibus
623 3540 900 3606 apponitur.
958 3540 1095 3589 Hinc
1130 3555 1221 3589 nec
1250 3540 1387 3589 fucos

262 3621 435 3655 omnes
477 3606 831 3655 interimendos
875 3621 983 3654 esse
1026 3603 1389 3653 contendebant

262 3680 469 3718 veteres.
521 3673 675 3728 For-on,
720 3670 899 3727 alveos,
944 3670 1080 3718 favos
1124 3668 1176 3716 in
1216 3667 1384 3725 alveis,

260 3733 370 3782 sive
388 3750 419 3782 a
436 3734 556 3783 loeis
572 3734 971 3799 spectaculorum,
992 3734 1096 3782 sive
1113 3748 1144 3782 a
1156 3732 1387 3781 tabulatis

258 3798 493 3847 navium:
528 3806 577 3847 et
595 3802 791 3859 fioribus
824 3802 987 3847 horrea
1019 3804 1186 3856 texeat,
1208 3796 1383 3845 florum

259 3877 486 3984 ms
509 3878 575 3975 3?
574 3862 1279 3991 ¹¹{3ssbz2nfls33222‘12'3223120
1277 3860 1385 3973 ¹:525

260 3991 559 4040 reconditur.

328 4057 601 4104 251—280.
638 4056 717 4103 De
743 4055 925 4104 morbis
950 4070 1099 4118 apum
1118 4062 1171 4102 et
1186 4054 1379 4103 morbo-

260 4134 373 4167 rum
386 4134 517 4169 cura.
554 4120 741 4169 Versus
757 4122 853 4169 253
874 4119 937 4167 ad
958 4120 1053 4167 268
1066 4117 1383 4183 interpositos

261 4199 371 4233 me
392 4192 653 4242 memento,
680 4200 768 4233 nec
795 4184 923 4233 male
946 4182 1069 4232 forte
1134 4181 1383 4232 arenthesi

262 4247 495 4297 includas.
554 4247 839 4313 Comparari
992 4256 1083 4296 unt
1165 4262 1276 4296 arro
1312 4246 1383 4305 iii,

266 4312 341 4371 16,
364 4313 457 4367 203
493 4311 681 4363 Colum.
702 4312 771 4372 ix,
800 4314 871 4369 18.
898 4312 997 4372 ubi,
1021 4314 1046 4373 5
1074 4312 1117 4370 7,
1143 4320 1301 4361 totum
1333 4312 1381 4359 h.

260 4376 293 4425 l.
316 4376 575 4441 expressit.

1443 4248 1548 4308 jam
1592 4246 1832 4302 Guellius,

1445 4313 1648 4373 galbano
1670 4309 1766 4357 vid.
1790 4308 1856 4357 ad
1876 4310 1998 4357 Geo.
2024 4308 2098 4367 iii.
2119 4310 2231 4357 415.

1522 2770 1795 2817 252—254.
1839 2770 1948 2817 Vita
1979 2771 2102 2827 tulit,
2136 2769 2184 2817 h.
2209 2770 2440 2830 conditio,
2465 2788 2586 2830 sors,

1453 2842 1630 2945 22:1¹?
1641 2843 1885 2946 2113me
1901 2832 2026 2913 βίω-ζ
2039 2842 2092 2882 et
2107 2850 2238 2899 saepe
2255 2838 2354 2884 vita
2369 2838 2584 2886 humana.

1615 2914 1642 2945 e
1735 2932 1749 2955 ,
1877 2916 1902 2945 ο
1999 2913 2089 2947 um.

1521 2962 1631 3010 259.
1665 2964 1853 3024 Ignem
1861 2916 2008 3023 Ιιιχιξεο,
2032 2961 2211 3011 inedia.
2271 2962 2367 3011 Sed
2387 2963 2587 3027 proprie

1452 3034 1618 3138 ζωοὶ
1650 3035 1814 3074 tamen
1835 3025 2019 3101 accipi3
2055 3036 2132 3075 eat
2153 3025 2286 3075 enim
2319 3026 2474 3077 fames
2505 3028 2584 3076 hi-

1516 3104 1608 3137 rna
1639 3088 1769 3137 inter
1791 3092 1946 3139 morbi
1973 3106 2167 3140 caum:
2199 3092 2332 3141 unde
2353 3092 2485 3141 inter
2504 3108 2584 3143 re-

1452 3154 1629 3212 media,
1663 3152 1794 3203 infra
1827 3170 1872 3201 v.
1912 3156 2021 3211 280,
2058 3154 2158 3205 cibi
2193 3156 2334 3231 copia
2368 3157 2582 3222 ponitur.

1456 3221 1701 3267 Contracta
1712 3216 1899 3281 frigore
1919 3222 2084 3282 pigra,
2108 3235 2308 3285 proprie
2329 3232 2446 3270 sunt
2466 3222 2485 3270 i
2519 3238 2588 3271 sae

1451 3281 1632 3345 frigore
1671 3290 1946 3331 contr-acue.
2014 3284 2112 3332 Sed
2152 3285 2442 3334 transfertur
2511 3302 2584 3345 oc,

1450 3346 1646 3409 poetico
1670 3361 1819 3404 more,
1845 3347 1908 3395 ad
1929 3346 2092 3411 ipsum
2161 3348 2174 3361 ⁹

1517 3411 1628 3459 260.
1669 3413 1890 3469 stac-tim,
1915 3420 2088 3469 tractui,
2229 3412 2358 3461 endo
2387 3427 2456 3469 se,
2480 3413 2586 3461 sive

1452 3474 1515 3522 ad
1533 3482 1726 3586 ‘effu’
1743 3474 1943 3532 referas,
1965 3484 2022 3523 ut
2036 3475 2103 3523 sit
2119 3476 2368 3532 continuo,
2380 3475 2583 3537 jugiter,

1451 3538 1557 3587 sive
1668 3537 1845 3595 locum,
1869 3538 1934 3585 ab
1951 3554 2050 3587 uno
2070 3538 2250 3600 angulo
2271 3537 2334 3585 ad
2357 3538 2584 3597 alterum,

1450 3617 1542 3667 per
1559 3616 1730 3649 omues
1752 3601 2002 3649 alveorum
2018 3609 2070 3649 et
2088 3600 2369 3649 examinum
2387 3601 2586 3652 ordines

1451 3681 1652 3715 susurro
1673 3664 1972 3724 condunato,
1999 3662 2390 3727 δτισεσυρμένυε,
2410 3665 2482 3713 nil
2503 3666 2582 3715 in-

1452 3740 1620 3779 tereflt.

1516 3796 1626 3843 262.
1659 3797 1796 3843 Mare
1818 3796 2079 3852 muscetum,
2097 3792 2427 3851 sollicitatum,
2449 3808 2582 3842 com-

1450 3867 1652 3917 motum,
1678 3856 1960 3921 ὂρινόμενον,
1983 3873 2074 3907 seu
2095 3858 2295 3907 defluxu
2323 3856 2471 3906 maris
2501 3872 2582 3906 re-

1448 3924 1660 4036 pitffiocp,
1693 3938 1809 4036 Ἓξ
1820 3931 1878 3971 ut
1891 3922 2232 4035 tignilpmero,
2262 3921 2491 3971 fluctibus
2521 3922 2586 3971 ad

1469 4004 1485 4035 1
1563 4003 1589 4035 s
1613 4002 1680 4036 nn
1769 4002 1840 4037 sis
1861 4002 1890 4035 e
1999 4002 2101 4036 isis.

1514 4052 1628 4111 263,
1661 4003 1770 4101 2¹34.
1813 4054 2044 4101 For-naeu
2073 4058 2190 4099 sunt
2220 4049 2467 4101 fabrorum
2503 4066 2584 4116 ap.

1447 4126 1632 4182 poetas.
1680 4116 1870 4165 Ternas
1881 4114 2271 4180 comparationes
2285 4130 2350 4163 ex
2363 4114 2586 4164 Homero

1450 4196 1709 4245 expressas
1736 4196 1843 4229 esse
1939 4188 1986 4229 st
2009 4180 2168 4229 Servii
2199 4178 2438 4228 indicium
2461 4179 2586 4229 vidit

1906 4244 2020 4293 liad.
2067 4248 2107 4306 ε,
2151 4244 2425 4293 394—399.
2503 4244 2584 4293 De

1517 4373 1790 4423 267—270.
1815 4376 2095 4431 Admiecm,
2111 4372 2214 4421 scil.
2235 4372 2335 4423 illis
2355 4372 2582 4423 menibus
