3050 4934
1160 219 1497 288 LIBER
1545 222 1681 285 XI.

434 363 671 449 Regna
702 367 1117 452 Neoptolemi
1147 368 1447 445 referam,
1478 392 1833 454 versosque
1870 370 2152 435 Penates

254 462 387 526 265
431 463 806 532 Idomenei?
854 468 1191 552 Libycone
1220 469 1590 535 habitantes
1619 470 1838 535 littore
1870 470 2167 537 Locros?

428 564 582 650 Ipse
614 567 993 652 Mycenaeus
1022 590 1401 653 magnorum
1431 571 1668 635 ductor
1697 570 2022 635 Achivum

426 666 739 753 Conjugis
770 668 1053 735 infandae
1076 672 1290 754 prima
1319 672 1491 735 intra
1518 670 1737 735 limina
1764 672 2002 737 dextra

424 766 763 852 Oppetiit3
811 771 1130 835 devictam
1158 769 1389 835 Asiam
1418 772 1718 836 subsedit
1746 772 2038 837 adulter:

424 866 743 935 Invidisse
774 872 957 949 deos,
988 872 1215 955 patriis
1244 882 1320 935 ut
1350 872 1648 935 redditus
1679 873 1810 936 aris

246 966 379 1030 270
420 968 813 1055 Conjugium
842 982 1137 1057 optatum
1164 982 1232 1036 et
1259 971 1600 1055 pulchram
1629 971 1966 1055 Calydona
1993 973 2318 1037 viderem!

420 1070 619 1135 Nunc
649 1073 843 1136 etiam
872 1072 1165 1136 horribili
1194 1074 1334 1137 visu
1366 1083 1670 1157 portenta
1702 1082 2089 1157 sequuntur,

423 1170 516 1235 Et
546 1174 701 1236 socii
730 1174 948 1237 amissi
978 1174 1308 1257 petieiunt
1336 1174 1586 1238 aethera
1615 1174 1872 1257 penniS,

419 1270 951 1357 Fluminibusque
980 1284 1301 1358 vagantur
1327 1295 1479 1337 aves
1511 1273 1670 1357 (heu
1697 1274 1841 1338 dira
1870 1296 2160 1339 meorum

420 1371 754 1456 Supplicia
772 1374 817 1455 l)
846 1383 912 1436 et
943 1372 1245 1456 scopulos
1273 1373 1630 1438 lacrimosis
1661 1375 1928 1439 vocibus
1959 1374 2250 1459 implent.

245 1472 375 1536 275
420 1473 587 1538 Haec
616 1475 784 1539 adeo
814 1496 899 1539 ex
926 1474 1037 1538 illo
1064 1473 1222 1537 mihi
1242 1476 1377 1558 jam
1410 1476 1734 1558 speranda
1763 1474 2030 1541 fuerunt

419 1574 775 1659 Tempore,
806 1598 1007 1659 quum
1035 1574 1211 1639 ferro
1241 1575 1532 1640 coelestia
1560 1598 1838 1661 corpora
1867 1577 2134 1641 demens

420 1673 715 1759 Appetii,
745 1686 813 1739 et
842 1675 1122 1739 Veneris
1154 1675 1383 1739 violavi
1412 1676 1676 1742 vulnere
1707 1678 2027 1741 dextram.

416 1775 524 1839 Ne
551 1799 727 1853 ver0,
759 1798 841 1841 ne
870 1798 973 1839 me
1002 1777 1088 1840 ad
1118 1775 1281 1841 tales
1312 1777 1620 1861 impellite
1651 1800 1927 1863 pugnas,

413 1876 561 1941 Nec
586 1876 741 1941 mihi
770 1899 917 1965 cum
948 1878 1227 1941 Teucris
1258 1878 1457 1942 ullum
1486 1890 1640 1963 post
1669 1891 1858 1944 eruta
1887 1879 2128 1945 bellum

241 1978 373 2041 280
418 1977 771 2062 Pergama3
820 2000 939 2042 nec
968 1989 1261 2043 veterum
1288 1981 1548 2044 memini
1575 1980 1840 2045 laetorve
1871 1980 2210 2045 malorum.

414 2079 721 2155 Munera,
753 2101 901 2162 quae
930 2080 1157 2162 patriis
1188 2080 1275 2144 ad
1304 2103 1404 2145 me
1436 2083 1714 2165 portatis
1747 2084 1830 2146 ab
1861 2083 2018 2159 oris,

411 2179 667 2244 Vertite
696 2180 781 2244 ad
806 2178 1089 2246 AEnean.
1168 2180 1481 2246 Stetimus
1511 2182 1642 2246 tela
1671 2205 1906 2267 aspera
1936 2195 2186 2260 contra,

413 2280 946 2364 contulimusque
978 2302 1243 2345 manus:
1289 2292 1566 2365 experto
1595 2284 1866 2359 credite,
1899 2294 2184 2366 quantus

413 2381 489 2445 In
518 2381 797 2466 clipeum
824 2392 1149 2465 assurgat,
1182 2404 1313 2465 quo
1342 2382 1602 2447 turbine
1636 2394 1940 2466 torqueat
1965 2384 2242 2447 hastam.

240 2582 485 2631 subtiliter
506 2598 735 2644 quaerere,
760 2584 889 2632 unde
914 2582 1179 2633 Diomedes
1200 2582 1253 2632 in
1279 2582 1359 2633 lit-

242 2658 323 2696 tus
338 2646 573 2695 Calabriae
590 2649 772 2709 eiectus
793 2648 897 2695 haec
914 2647 1077 2695 omnia
1099 2646 1363 2695 resciscere

238 2711 466 2775 potuerit.
526 2712 690 2759 Poetae
711 2710 826 2759 licet
846 2712 949 2759 haec
972 2726 1165 2760 sumere
1186 2726 1241 2759 ac
1272 2728 1358 2775 po-

241 2790 373 2825 nere.
430 2778 635 2831 tiit-ides,
660 2774 944 2830 Menelaus;
980 2776 1042 2822 de
1064 2778 1203 2837 cujus
1225 2790 1358 2824 erro-

238 2836 375 2888 ribus
397 2836 491 2888 vid.
518 2838 691 2902 Odyss.
718 2838 758 2896 ⁸,
785 2840 843 2885 81
873 2854 973 2901 sqq.
1000 2838 1090 2886 351
1124 2854 1179 2901 sq
1212 2874 1225 2887 .
1283 2842 1364 2887 Ad

239 2920 379 2965 usqae
405 2904 559 2951 Protei
581 2906 809 2951 columnas
822 2921 839 2955 .-
873 2902 1072 2951 novavit
1092 2916 1155 2966 pa
1206 2900 1255 2951 lo
1273 2919 1359 2951 au-

241 2967 409 3015 dacius
446 2977 591 3030 poeta
626 2983 717 3031 pro
754 2966 933 3015 finibus
966 2967 1196 3031 AEgyptiz
1248 2983 1363 3016 nam

240 3031 447 3079 Proteus
468 3031 531 3078 ad
552 3032 765 3079 Pharum
796 3031 1006 3081 insulam
1027 3032 1226 3093 agebat:
1258 3032 1359 3091 sed,

239 3104 297 3144 ut
316 3097 499 3157 umore
524 3096 741 3144 animum
768 3096 1105 3159 phantasmate
1132 3106 1357 3159 percute-

238 3169 329 3217 ret,
349 3162 577 3207 column
592 3158 719 3207 dixit
738 3162 907 3216 Protei,
927 3168 983 3208 ut
1000 3168 1243 3207 extremas
1262 3169 1358 3207 ter-

237 3238 306 3272 roe
346 3223 515 3288 plagas
566 3224 889 3287 significarem
956 3222 1359 3285 quemadmodum

236 3290 457 3336 Herculis
489 3290 717 3336 columnas
752 3297 993 3336 extremas
1027 3302 1199 3335 versus
1230 3286 1357 3335 occi-

239 3352 437 3400 dentem
470 3361 625 3401 terras
660 3351 823 3401 dicere
859 3367 965 3400 mos
1000 3360 1087 3399 est.
1146 3354 1359 3409 Exulat,

238 3424 382 3465 errat.

304 3480 413 3527 264.
436 3482 599 3543 Regna
611 3482 907 3541 Neoptolemi.
944 3479 1139 3527 Novum

362 3544 413 3592 1ιὶ
443 3542 496 3592 in
530 3544 711 3607 Epiro:
748 3544 845 3592 vid.
878 3559 985 3607 sup.
1018 3543 1087 3602 iii,
1112 3544 1221 3602 296,
1248 3546 1356 3593 819.

280 3624 405 3657 orsos
433 3611 632 3657 Penates
664 3610 905 3665 Idumaei,
929 3622 1149 3657 eversam
1160 3608 1359 3657 domum

238 3801 503 3849 Memorari
524 3802 616 3849 hoc
638 3800 733 3848 alio
754 3801 861 3849 loeo
884 3816 983 3848 non
1007 3800 1237 3855 memini3
1270 3800 1359 3850 sed

238 3864 381 3913 Maro
408 3866 589 3915 habere
618 3865 709 3913 hoc
740 3865 901 3929 potuit
928 3880 991 3913 ex
1022 3862 1240 3921 Νόστοις,
1271 3880 1359 3913 seu

237 3945 263 3977 e
299 3929 387 3979 icis
408 3928 507 3978 illis
535 3928 832 3977 carminibus
862 3944 971 3992 que
998 3928 1299 3978 Achivorum
1329 3945 1360 3978 a

282 3995 382 4055 roja
404 3993 715 4042 redeuntium
736 4008 877 4042 casus
900 3994 1172 4042 narrabant.

301 4058 571 4106 266—268.
609 4059 687 4106 De
828 4072 1101 4115 memnone,
1124 4056 1208 4119 qui
1239 4058 1353 4133 Cly·

238 4130 529 4170 taemnestrae
578 4132 629 4170 et
679 4122 895 4186 AEgistbi
948 4120 1140 4170 insidiis
1196 4122 1355 4185 periit.

241 4188 403 4235 Pn‘ma
442 4190 572 4235 {ntra
600 4188 762 4235 livam
802 4196 921 4251 puto
956 4185 1141 4234 dictum
1169 4200 1275 4248 pro,
1305 4186 1359 4235 in

238 4250 396 4324 primo
426 4250 591 4299 statim
622 4250 807 4309 limine,
836 4251 885 4300 h.
918 4265 961 4298 e.
991 4248 1151 4313 primo
1180 4250 1359 4297 edium

238 4329 475 4377 ingressu,
496 4330 609 4363 cum
632 4315 715 4362 vix
733 4315 931 4363 domum
953 4313 1195 4361 intrasset.
1244 4313 1359 4363 vic-

244 4390 393 4427 torem
453 4380 613 4441 Trojae
668 4378 857 4427 insidiis
913 4376 1105 4441 excepit
1160 4378 1361 4426 adulter.

1154 3494 1359 3542 regnum

1431 2582 1698 2646 Magnifice
1735 2584 1896 2633 verbis
1928 2587 2182 2633 ornatum!
2218 2587 2462 2633 Sumam
2491 2586 2554 2633 de

1428 2646 1634 2705 insidiis,
1669 2664 1732 2695 ex
1765 2648 1940 2710 quibus
1972 2646 2147 2710 aliquis
2179 2662 2242 2695 ex
2286 2648 2552 2712 improviso

1426 2711 1657 2769 adoritur,
1683 2712 1872 2759 invadit
1891 2720 1944 2760 et
1965 2711 2216 2777 intercipit
2237 2726 2355 2759 rem.

1492 2776 1602 2833 269,
1622 2777 1730 2826 270.
1765 2779 1990 2825 Invidisse
2007 2779 2124 2833 deon,
2145 2792 2210 2824 sc.
2231 2790 2294 2823 an
2313 2776 2548 2825 referam!

1430 2840 1666 2901 Calydona
1687 2842 1896 2888 viderem.
1955 2840 2056 2887 Hic
2078 2840 2154 2887 sui
2177 2856 2276 2889 non
2298 2840 2416 2888 satis
2445 2856 2548 2889 me-

1426 2918 1534 2951 mor
1563 2903 1656 2952 fuit
1689 2905 1844 2953 Maro.
1902 2906 2064 2967 Argos
2089 2903 2254 2952 redire
2284 2903 2550 2953 Diomedes

1427 2967 1610 3025 debuit,
1627 2968 1802 3031 quibus
1819 2970 2064 3031 regnabat,
2085 2978 2136 3017 et
2151 2968 2233 3017 ubi
2255 2983 2383 3016 uxor
2401 2969 2548 3031 dege-

1428 3033 1524 3089 bat,
1551 3032 1680 3081 unde
1701 3032 1866 3097 copias
1898 3032 2144 3089 eduxerat,
2171 3047 2268 3080 non
2299 3032 2549 3090 AEtoliam,

1426 3096 1556 3145 unde
1585 3111 1742 3159 genus
1771 3097 2002 3145 ducebat:
2040 3096 2268 3162 inprimis
2297 3112 2410 3145 eum
2439 3112 2548 3162 sup.

1426 3176 1471 3208 v.
1496 3162 1592 3209 243
1615 3163 1794 3223 Argiva
1815 3169 1970 3209 costra
1991 3170 2320 3211 memorasset.

1490 3224 1762 3275 271—274.
1797 3225 1930 3273 Aves
1954 3225 2250 3282 Diomedeae,
2274 3234 2461 3273 certum
2495 3242 2546 3273 a-

1427 3286 1560 3335 vium
1591 3301 1746 3350 genus
1778 3288 1994 3351 conspici
2033 3288 2230 3337 solitum
2275 3288 2330 3336 in
2375 3288 2550 3337 insulis

1426 3350 1728 3408 Diomedeis,
1772 3366 1880 3413 quae
1921 3351 2074 3401 littori
2128 3350 2337 3415 Apuliae,
2383 3362 2552 3399 contra
2637 3398 2642 3415 ,

1424 3424 1642 3464 montem
1663 3417 1960 3479 Garganum,
1995 3418 2232 3478 objacent.
2289 3416 2424 3464 Aves
2443 3416 2548 3475 has,

1423 3478 1704 3591 inlilinsnlocis
1731 3480 1888 3529 adhuc
1921 3480 2214 3543 frequentes,
2239 3482 2442 3527 Artem
2457 3494 2545 3543 ap-

1458 3558 1487 3591 e
1589 3552 1622 3591 t.

1422 3559 1457 3608 P
1490 3606 1764 3659 275-277.

1424 3670 1546 3727 ties;
1579 3672 1656 3720 vel
1693 3670 1852 3734 simpl.
1876 3670 2169 3733 cogitatione
2205 3670 2547 3735 proecipienda,

1422 3735 1752 3799 expectanda:
1789 3750 1896 3799 sup.
1919 3734 1984 3792 iv,
2009 3736 2121 3793 419,
2144 3738 2263 3783 huno
2287 3751 2370 3799 ego
2398 3739 2442 3783 si
2461 3752 2544 3796 po-

1424 3806 1495 3849 tui
1514 3808 1694 3849 tontum
1714 3816 1900 3861 sperare
1913 3802 2121 3847 dolorem.
2165 3800 2355 3847 Violavi.
2397 3800 2544 3861 Inge-

1424 3864 1562 3913 niose
1581 3865 1684 3912 haec
1701 3863 1899 3929 repetiit
1915 3878 1978 3912 ex
1999 3862 2139 3913 Iliad.
2161 3882 2198 3921 ε,
2219 3865 2314 3911 330
2336 3879 2462 3925 sqq.=
2485 3862 2546 3910 cf.

1422 3930 1760 4041 ωῐᾶὃέ-Ξξὸᾁ
1796 3992 2056 4055 Congressi
2082 3991 2346 4065 Diomedes
2373 3998 2424 4037 et
2455 3990 2543 4037 AE-

1422 4072 1556 4116 neas,
1587 4056 1823 4121 singulari
1853 4056 2152 4112 certamine,
2185 4054 2274 4103 sed
2301 4069 2354 4103 ιιι
2383 4068 2550 4117 pugna

1422 4121 1517 4171 hoc
1547 4121 1726 4185 sepius
1759 4121 1937 4171 tactum
1970 4134 2246 4185 supponere
2279 4128 2330 4167 et
2361 4118 2548 4181 fingere

1422 4184 1540 4233 licet
1569 4196 1740 4249 poete.
1803 4188 2011 4237 Quam
2033 4188 2082 4231 ia
2102 4186 2294 4245 clipeum
2315 4190 2546 4245 assurgat.

1426 4249 1507 4297 De
1528 4264 1588 4297 eo
1641 4249 1692 4296 ui
1725 4248 1888 4311 gladio
1919 4247 2066 4297 infert
2086 4247 2264 4295 vulnus
2293 4246 2413 4295 alias
2442 4246 2546 4295 dic-

1428 4322 1534 4361 ωιιι
1557 4265 1792 4361 vidimus:
1828 4328 2082 4375 assurgere,
2107 4312 2184 4360 vel
2213 4314 2464 4375 insurgere,
2493 4327 2544 4359 e·-

1429 4376 1538 4439 rlgi,
1560 4380 1606 4424 in
1631 4380 1784 4433 ictum,
1803 4380 1851 4423 iu
1875 4380 2066 4433 halam,
2089 4378 2138 4423 in
2159 4392 2304 4425 emen
2325 4394 2340 4429 .·
2375 4387 2426 4425 at
2447 4376 2494 4425 h.
2515 4375 2548 4425 l.

2007 3622 2052 3664 o,
2081 3606 2358 3663 metuenda,
2387 3614 2443 3655 ut
2472 3615 2546 3655 to-
