3050 4934
1138 213 1480 279 LIBER
1528 214 1664 279 XI.

2431 218 2556 281 583

417 353 595 427 Quin
624 379 749 441 ego
780 381 911 423 non
938 360 1065 424 alio
1096 362 1327 445 digner
1357 374 1422 427 te
1457 363 1710 441 funere,
1745 363 1952 442 Palla,

251 452 374 517 170
419 455 635 529 Quam
666 460 813 541 pius
846 460 1115 539 AEneas,
1148 474 1215 527 et
1242 485 1437 545 quam
1462 465 1682 547 magni
1711 464 2034 548 PhrygeS,
2066 477 2136 530 et
2165 489 2359 551 quam

414 554 869 644 Tyrrhenique
900 562 1101 625 duces
1107 609 1124 638 ‚
1157 562 1574 645 Tyrrhenum
1604 566 1930 629 exercitus
1961 568 2188 631 omnis.

412 656 661 742 Magna
690 672 937 745 tropoea
964 660 1204 740 ferunt,
1234 686 1397 747 quos
1431 665 1547 727 dat
1577 674 1690 728 tua
1719 665 1992 731 dextera
2019 666 2221 732 letho.

412 755 521 821 Tu
552 781 809 844 quoque
840 786 1011 827 nunc
1042 774 1249 830 stares
1279 764 1571 827 immanis
1601 775 1868 829 truncus
1898 767 1964 829 in
1993 769 2210 844 armiS,

411 858 615 923 Esset
644 883 763 943 par
794 874 977 939 aetas,
1008 874 1077 927 et
1105 864 1278 927 idem
1310 864 1365 927 si
1394 864 1598 927 robur
1625 865 1711 928 ab
1741 866 1948 942 annis,

248 957 367 1021 175
410 957 659 1025 Turne.
739 962 873 1027 Sed
902 962 1127 1027 infelix
1155 963 1455 1027 Teucros
1482 964 1643 1047 quid
1673 965 1973 1029 demoror
2001 970 2238 1032 armis?

411 1059 676 1138 Vadite,
708 1075 777 1127 et
804 1063 947 1127 haec
976 1086 1291 1153 memores
1320 1065 1459 1147 regi
1487 1065 1792 1128 mandata
1822 1065 2062 1131 referte
2088 1092 2104 1129 :

412 1158 611 1232 Quod
641 1164 834 1227 vitam
861 1152 1077 1228 nioror
1104 1150 1395 1241 inrisam,
1428 1162 1724 1227 Pallante
1755 1177 2071 1248 peremto,

412 1261 709 1327 Dextera
738 1286 935 1329 causa
966 1276 1079 1346 tua
1106 1276 1243 1356 est;
1289 1264 1590 1329 Turnum
1616 1276 1948 1349 gnatoque
1977 1269 2274 1352 patrique
2354 1266 2358 1270 ’

414 1360 629 1434 Quam
657 1364 900 1429 debere
931 1366 1135 1429 vides,
1214 1364 1473 1429 Meritis
1505 1375 1693 1429 vacat
1719 1365 1825 1429 hic
1857 1367 1972 1429 tibi
2005 1367 2181 1432 solus

247 1460 369 1523 180
409 1460 845 1547 Fortunaeque
875 1463 1080 1530 loeus.
1156 1463 1315 1527 Non
1343 1466 1489 1527 vitoe
1517 1465 1760 1547 gaudia
1789 1488 2050 1548 quoer03

410 1562 555 1626 Nec
583 1561 719 1641 fas;
767 1565 885 1629 sed
914 1575 1069 1628 nato
1100 1564 1335 1628 Manes
1368 1564 1663 1647 perferre
1693 1567 1818 1630 sub
1849 1568 2032 1630 imos.

444 1660 449 1667 ’
496 1661 759 1727 Aurora
786 1666 1037 1729 interea
1065 1665 1313 1729 miseris
1346 1664 1724 1728 mortalibus
1755 1664 1984 1730 almam

410 1763 761 1828 Extulerat
786 1764 1019 1842 lucem,
1050 1765 1341 1830 referens
1370 1788 1575 1849 opera
1603 1777 1798 1849 atque
1830 1766 2112 1831 labores.

408 1862 558 1927 Jam
587 1874 773 1948 pater
803 1866 1073 1941 AEneaS,
1096 1867 1234 1949 jam
1264 1887 1464 1929 curvo
1492 1866 1560 1929 in
1588 1865 1806 1930 littore
1837 1866 2104 1931 Tarcho

245 1963 368 2026 185
409 1963 821 2029 Constituere
850 1988 1069 2049 pyras.
1148 1966 1303 2030 Huc
1334 1988 1610 2050 corpora
1638 1968 1916 2051 quisque
1947 1990 2211 2031 suorum

410 2064 603 2129 More
636 2065 843 2130 tulere
874 2076 1168 2149 patrum3
1216 2067 1658 2150 subjectisque
1687 2068 1946 2148 ignibus
1977 2069 2135 2133 atris

409 2165 731 2231 Conditur
760 2168 825 2230 in
854 2168 1158 2236 tenebras
1190 2166 1390 2231 altum
1415 2166 1689 2250 ealigine
1719 2167 1976 2232 coelum.

408 2266 546 2332 Ter
574 2269 815 2333 circum
844 2260 1175 2343 a'ccensos,
1208 2268 1400 2331 cincti
1430 2266 1830 2350 fulgentibus
1860 2270 2076 2345 armiS,

410 2368 781 2433 Decurrere
812 2388 1045 2450 rogos3
1092 2378 1193 2430 ter
1220 2376 1525 2429 moestum
1554 2365 1800 2430 funeris
1831 2369 2044 2450 ignem

236 2562 473 2611 cecidisse
490 2560 584 2611 nisi
607 2562 744 2611 aditu
756 2564 859 2624 jam
873 2563 1077 2612 Teucris
1096 2563 1147 2610 in
1166 2562 1363 2610 Latium

238 2626 1358 2752 ”ieff‘ssfflffwffssffv‘ssffidssffim-

236 2753 319 2801 tia.
379 2753 525 2801 Retio
593 2753 755 2801 uidem
784 2753 1099 2815 grammatica
1132 2753 1202 2801 sic
1232 2752 1357 2800 acci·

272 2832 355 2864 ere
369 2818 536 2878 Jubetz
616 2816 705 2863 ihil
723 2832 775 2863 se
796 2816 969 2864 honori
992 2815 1198 2873 funebri,
1217 2832 1361 2879 quem

236 2832 438 2942 ffrojani
473 2889 589 2929 nato
624 2880 974 2943 persolverant,
1003 2880 1181 2927 addere
1200 2894 1359 2944 posse.

237 2944 403 3007 Spolia
438 2955 489 2993 et
521 2943 723 2992 exuvias
758 2959 925 2992 eorum
958 2959 1078 3006 quos
1102 2943 1261 2991 Pallas
1282 2943 1357 2991 in·

236 3018 509 3065 metuerat,
549 3022 656 3056 esse
699 3023 790 3072 pro
828 3008 1055 3056 maximis
1090 3006 1359 3055 decoribus.

240 3070 335 3127 lui,
374 3071 547 3133 inquit,
592 3086 713 3146 quos
752 3080 837 3119 tua
878 3071 1093 3127 dextera,
1134 3087 1164 3118 o
1209 3071 1359 3129 Pana,

235 3134 369 3182 letho
389 3138 486 3192 dat,
511 3136 659 3189 dedit,
678 3134 845 3196 serunt
864 3152 1032 3198 magna
1061 3143 1232 3195 tropaea
1254 3134 1359 3191 tibi,

237 3196 472 3253 afferunt:
533 3208 717 3273 tropaea
769 3214 945 3261 magna
1006 3198 1249 3246 ducuntur
1308 3198 1360 3245 in

304 3278 417 3326 mpa
438 3261 629 3310 funebri
652 3276 819 3310 eorum
842 3262 925 3324 qui
949 3278 979 3309 a
1000 3260 1101 3309 filio
1120 3275 1228 3308 meo
1248 3260 1359 3309 σαὶ

318 3341 375 3373 re
388 3344 401 3371 z
436 3326 531 3373 vid.
556 3341 663 3390 sup.
683 3328 761 3382 83,
783 3328 861 3373 84.
920 3326 1013 3373 Est
1030 3324 1155 3373 elius
1172 3323 1359 3381 modus,

237 3389 375 3451 isque
398 3390 582 3447 melior,
622 3390 662 3437 si
696 3389 769 3437 ita
788 3391 937 3437 verba
953 3392 1159 3451 jungas:
1194 3404 1363 3451 magm

238 3460 412 3513 tropaea
431 3451 599 3513 serunt
620 3454 710 3515 (sc.
728 3454 891 3527 ‘Troes
922 3464 973 3501 et
995 3450 1251 3515 Tyrrheni,
1277 3466 1359 3525 eo-

236 3516 381 3627 {¹5:22
418 3516 1363 3644 ffifflssmssmss‘fflss

240 3643 371 3691 haud
400 3660 559 3707 posse,
590 3660 733 3706 quam
762 3643 855 3692 hoc
888 3643 1050 3707 ipsum
1073 3659 1104 3706 q
1223 3642 1359 3691 duci-

240 3714 333 3763 tur,
378 3708 550 3771 spoliis
586 3708 802 3756 hostium
854 3722 1088 3755 caesorum
1132 3715 1361 3769 tanquam

304 3786 419 3834 πυρα
438 3771 631 3820 funebri
666 3770 853 3819 ductis:
889 3769 1065 3833 quibus
1097 3784 1365 3819 accessurae

238 3786 445 3883 ffirsent
463 3834 619 3883 Turni
651 3834 855 3892 exuviae,
888 3834 931 3882 si
968 3832 1204 3882 Pallantis
1232 3833 1365 3881 vires

240 3897 457 3946 animum
477 3907 763 3961 aequassent.

308 3962 415 4019 178,
444 3964 549 4013 174.
588 3964 749 4025 Atque
780 3961 927 4010 etiam
954 3971 1009 4010 tu
1032 3976 1163 4011 esse·
1186 3970 1360 4025 tropie-

241 4040 338 4083 um,
362 4042 399 4073 s.
422 4036 623 4075 truncus
644 4026 793 4073 armis
808 4026 1023 4083 indutus,
1038 4025 1232 4073 Turne:
1256 4040 1361 4089 pro,

238 4097 476 4153 tropeum
496 4090 559 4138 de
580 4100 629 4138 te
650 4099 782 4138 esset
805 4089 999 4147 factum,
1018 4089 1061 4137 si
1082 4089 1255 4137 fuisset
1275 4103 1366 4152 par

239 4161 356 4201 {etas
378 4162 429 4201 et
446 4155 597 4202 robur
613 4153 837 4202 Pallanti.
874 4152 1073 4201 Scilicet
1118 4151 1217 4200 uod
1234 4152 1361 4199 Tur-

240 4230 333 4263 nus
372 4232 471 4265 non
500 4217 790 4266 interemtus
818 4216 913 4265 fuit
944 4232 975 4265 a
1007 4216 1049 4264 P
1114 4224 1242 4272 ante,
1266 4230 1366 4262 non

242 4280 449 4337 virtutis,
473 4282 561 4329 sed
583 4281 761 4329 virium
792 4280 845 4328 in
870 4280 1092 4327 Pallante
1126 4294 1189 4327 ex
1210 4278 1367 4327 aetatis

240 4342 571 4394 imbecillitate
594 4344 785 4394 defectu
810 4344 1005 4393 factum.

1497 2560 1603 2612 175.
1652 2561 1785 2617 Quid
1824 2576 1906 2610 vos
1941 2561 2129 2611 retineo
2161 2578 2192 2610 a
2217 2563 2344 2611 bello
2381 2579 2548 2628 prose-

1428 2625 1620 2686 quendo
1635 2626 1656 2672 ἵ

1496 2689 1602 2740 177.
1639 2688 1806 2737 Vitam
1827 2689 1947 2737 mihi
1963 2688 2086 2737 adeo
2105 2688 2313 2737 invisam
2331 2706 2438 2739 esse
2461 2708 2546 2740 ne-

1426 2768 1562 2801 cesse
1586 2762 1674 2809 est,
1693 2762 1749 2800 ut
1770 2768 1876 2800 eam
1891 2768 2080 2815 quocun
2114 2768 2176 2801 ue
2193 2753 2338 2801 modo
2354 2755 2546 2803 abrum-

1424 2830 1554 2879 pam.
1613 2816 1684 2863 Ut
1717 2827 1878 2864 tamen
1915 2832 2023 2864 eam
2058 2824 2108 2863 to
2127 2832 2273 2874 erem,
2294 2832 2440 2867 causa
2475 2828 2553 2867 est

1424 2882 1617 2927 dextera
1661 2888 1742 2928 tm
1755 2898 1774 2934 ,-
1979 2880 2041 2928 de
2088 2880 2264 2929 virtute
2311 2889 2408 2939 tua,
2455 2896 2552 2945 qua

1426 2942 1584 2992 Turni
1607 2944 1738 2991 caede
1763 2944 1802 2991 P
1869 2944 1996 2991 antis
2031 2944 2128 2991 mei
2163 2953 2368 2993 mortem
2399 2961 2453 2994 es
2470 2946 2546 2994 ul-

1426 3016 1579 3055 turus.
1635 3008 1780 3056 Hanc
1802 3008 2038 3067 dextram,
2061 3008 2186 3055 hanc
2209 3008 2442 3057 ultionem
2461 3009 2546 3059 de-

1425 3070 1511 3119 bes
1533 3070 1661 3135 patri
1683 3070 1893 3134 filioque.
2604 3077 2612 3084 '

1494 3134 1762 3183 179—181.
1803 3138 1910 3183 Tibi
1916 3135 2207 3198 fortunaque
2235 3139 2311 3184 hic
2329 3140 2450 3185 eolus
2479 3141 2546 3187 10-

1426 3214 1504 3245 m
1538 3207 1672 3246 vacat
1705 3202 1908 3247 men‘n's:
1941 3199 2004 3247 ad
2039 3199 2280 3257 meritum,
2306 3210 2362 3248 ut
2387 3200 2448 3249 de
2469 3216 2548 3249 me

1425 3260 1724 3309 mereamini.
1778 3262 1902 3309 Haec
1923 3277 2022 3310 una
2041 3262 2168 3310 ratio
2189 3273 2278 3319 est,
2302 3280 2398 3325 qua
2426 3274 2477 3312 et
2495 3274 2550 3313 tu

1426 3323 1603 3371 mereri
1625 3324 1686 3372 de
1708 3340 1802 3382 me,
1827 3334 1877 3372 et
1898 3324 2104 3372 fortunae
2137 3341 2228 3387 ego
2257 3326 2442 3387 aliquid
2461 3328 2545 3376 de-

1425 3388 1542 3435 bere
1561 3386 1758 3451 possim.
1817 3390 1910 3436 Sea
1945 3404 2108 3449 quaero,
2145 3388 2198 3435 in
2223 3390 2352 3436 votis
2375 3391 2546 3447 habeo,

1425 3460 1535 3497 nato
1573 3448 1795 3512 perferre,
1837 3452 2064 3499 nuntiare
2105 3452 2235 3513 (hoc,
2281 3451 2343 3499 de
2379 3453 2550 3501 Turno

1426 3524 1636 3563 sumtum
1677 3530 1782 3563 esse
1817 3514 2053 3578 poennm),
2095 3516 2259 3562 Manes
2291 3518 2376 3563 aab
2405 3519 2516 3563 imos
2531 3536 2548 3563 .-

1428 3576 1660 3625 nimirum
1682 3577 1736 3625 in
1773 3586 1952 3632 morte3
1989 3592 2133 3640 quam
2155 3576 2249 3625 sibi
2287 3579 2424 3626 brevi
2459 3581 2546 3628 ob-

1428 3641 1638 3689 eundam
1661 3656 1766 3689 esse
1789 3651 2066 3703 auguratur.

1496 3706 1603 3752 182.
1641 3707 1842 3762 Miser-ie,
1862 3706 2062 3753 δειλοῖσι
2077 3707 2306 3766 βροτοῖσι,
2323 3705 2445 3755 alias
2462 3723 2550 3771 ge·

1426 3768 1666 3817 neraliore
1701 3768 1932 3833 epitheto,
1969 3783 2096 3816 nunc
2167 3768 2346 3830 roprio,
2373 3784 2550 3819 aerum·

1428 3831 1576 3889 notis,
1601 3848 1666 3881 se.
1690 3842 1892 3897 propter
1924 3833 2014 3880 hoc
2039 3847 2103 3894 qu
2195 3832 2438 3894 sequitur:
2475 3850 2550 3881 re·

1414 3894 1578 3956 serem
1597 3896 1659 3945 iis
1681 3912 1816 3957 opera
1835 3904 1970 3958 atque
1993 3898 2182 3944 labores.

1498 3961 1591 4007 184
1625 3975 1727 4022 sqq.
1777 3960 1924 4008 Ritus
1965 3960 2194 4009 funebres
2237 3958 2330 4006 aevi
2372 3960 2555 4009 heroici

1430 4033 1716 4135 ime.
1739 4026 2314 4151 muntem:
2333 4022 2552 4135 {tw

1424 4154 1580 4213 ginem
1601 4161 1754 4199 vocat.
1811 4152 1878 4198 vi
1894 4149 2106 4214 oppositi
2119 4152 2359 4199 decurrere
2381 4150 2442 4198 ad
2465 4167 2552 4225 pe-

1430 4214 1556 4262 dites
1573 4224 1792 4277 spectare
1805 4215 2012 4263 videtur.
2071 4213 2332 4262 Praeiveret
2344 4214 2554 4278 Virgilio

1432 4278 1724 4340 Apollonius
1747 4278 1778 4335 i,
1809 4280 1947 4335 1059,
1971 4276 2034 4336 iv,
2065 4279 2202 4325 1535.
