3050 4934
442 257 569 319 546

1336 251 1863 315 AENEIDOS

614 404 969 488 Corytique
998 401 1174 465 leves
1206 402 1491 465 humeris
1522 412 1592 463 et
1619 398 1880 463 lethifer
1910 420 2121 462 arcus.

447 508 570 570 170
616 505 764 569 Una
796 514 1019 567 torvus
1050 502 1272 579 Abas;
1320 502 1471 565 huic
1500 511 1709 565 totum
1739 500 2100 584 insignibus
2132 501 2324 564 armis

614 605 895 688 Agmen,
928 614 995 667 et
1024 613 1254 667 aurato
1284 600 1582 685 fulgebat
1611 600 1917 685 Apolline
1949 601 2214 685 puppis.

614 710 973 769 Sexcentos
1006 702 1095 766 illi
1124 703 1400 767 dederat
1432 702 1798 786 Populonia
1825 712 2033 765 mater

614 808 948 890 Expertos
978 804 1131 868 belli
1153 804 1465 887 juvenes:
1515 814 1619 866 ast
1648 802 1784 866 Ilva
1813 812 2140 867 trecentos

614 906 859 983 Insula,
889 905 1296 969 inexhaustis
1328 903 1692 987 Chalybum
1723 926 2044 987 generosa
2071 902 2370 967 metallis.

453 1012 573 1073 175
618 1008 913 1081 TertiuS,
946 1005 1053 1070 ille
1082 1004 1411 1069 hominum
1442 1003 1790 1087 divumque
1819 1004 2140 1087 interpres
2177 1002 2434 1087 Asylas„

616 1110 739 1173 Cui
772 1106 1096 1191 pecudum
1126 1104 1335 1180 fibrae,
1370 1104 1517 1169 coeli
1547 1106 1653 1169 cui
1685 1105 1898 1169 sidera
1928 1116 2184 1188 parent,

618 1211 709 1274 Et
736 1209 975 1291 linguae
1005 1205 1359 1281 volucrum,
1392 1216 1459 1269 et
1490 1206 1772 1289 praesagi
1799 1202 2080 1267 fulminis
2111 1206 2318 1288 igneS,

618 1310 801 1375 Mille
831 1310 1002 1392 rapit
1030 1310 1267 1373 densos
1298 1310 1437 1371 acie
1466 1319 1664 1390 atque
1692 1306 2112 1371 horrentibus
2141 1306 2368 1370 hastis.

616 1412 763 1476 Hos
793 1432 1025 1495 parere
1048 1411 1288 1493 jubent
1316 1407 1596 1493 Alpheae
1626 1410 1711 1472 ab
1741 1409 1988 1499 origine
2018 1408 2228 1485 Pisae3

452 1516 575 1579 180
620 1513 799 1578 Urbs
834 1512 1118 1575 Etrusca
1149 1511 1307 1575 solo.
1384 1510 1696 1594 Sequitur
1725 1508 2198 1593 pulcherrimus
2227 1507 2460 1585 Astur,

620 1614 831 1679 Astur
860 1635 1030 1697 equo
1059 1612 1273 1675 fidens
1304 1622 1371 1675 et
1399 1608 1896 1675 versicoloribus
1925 1611 2138 1673 armis.

618 1715 1019 1779 Tercentum
1046 1714 1381 1797 adjiciunt,
1412 1734 1594 1775 mens
1625 1712 1922 1775 omnibus
1953 1733 2084 1774 una
2113 1710 2450 1793 sequendi,

621 1815 757 1889 Qui
786 1814 1039 1879 Caerete
1070 1814 1287 1891 dom0,
1318 1814 1430 1897 qui
1460 1822 1614 1877 sunt
1643 1810 1954 1877 Minionis
1984 1812 2050 1875 in
2080 1812 2274 1888 arviS,

623 1918 716 1982 Et
749 1916 949 2000 Pyrgi
979 1926 1258 1991 veteres,
1291 1916 1826 1998 intempestaeque
1857 1912 2216 1976 Graviscae.

458 2020 579 2083 185

708 2016 863 2080 Non
894 2038 1019 2099 ego
1049 2026 1139 2091 te,
1174 2016 1490 2099 Ligurum
1518 2016 1754 2079 ductor
1781 2013 2126 2077 fortissime
2153 2013 2350 2091 bello,

624 2118 1049 2195 Transierim,
1081 2119 1323 2202 Cinyra
1351 2130 1419 2182 et
1447 2118 1674 2202 paucis
1701 2116 2000 2181 comitate
2029 2116 2325 2200 Cupavo,

629 2222 835 2303 Cujus
866 2219 1131 2283 olorinae
1162 2229 1439 2303 surgunt
1466 2219 1554 2283 de
1582 2220 1822 2284 vertice
1852 2239 2122 2303 pennae:

628 2322 913 2403 (Crimen
946 2341 1125 2383 amor
1152 2330 1461 2396 vestrum,
1493 2320 1845 2403 formaeque
1873 2321 2126 2403 insigne
2154 2322 2497 2404 paternae.)

526 2494 793 2546 171—174.
820 2496 1000 2541 Aurato
1004 2491 1223 2555 fulgebat
1236 2496 1448 2555 Apolline
1460 2510 1581 2555 pup-

454 2559 777 2622 pie.Ergo'1s
798 2557 950 2605 tutela
969 2556 1107 2606 navis
1124 2566 1241 2606 erat.
1284 2560 1439 2619 Pupp·
1356 2561 1586 2621 ppimpro

459 2624 574 2673 navi
596 2623 796 2672 omnino
816 2621 997 2669 dictam
1014 2621 1189 2669 velim.
1217 2630 1273 2669 ut
1290 2620 1452 2683 paullo
1470 2628 1585 2669 ante

462 2704 607 2737 versu
635 2688 738 2736 156.
796 2684 993 2733 Tribuit
1025 2694 1189 2733 autem
1218 2699 1353 2732 arma
1375 2683 1588 2746 insignia

460 2751 575 2801 huic
616 2760 802 2808 turmae,
847 2758 1079 2813 respectu
1118 2748 1179 2796 ad
1218 2748 1333 2797 serti
1372 2748 1584 2806 metalla,

462 2817 638 2879 quibus
660 2815 777 2863 olim
808 2814 915 2863 Ilva
950 2813 1080 2861 clara
1112 2822 1230 2869 erat,
1254 2813 1435 2861 habito.
1492 2814 1584 2861 Po-

462 2884 649 2942 pulania
672 2887 817 2926 mater
838 2878 885 2926 h.
906 2878 937 2927 1.
960 2877 1130 2942 patria.
1168 2880 1282 2935 Ilva,
1306 2877 1443 2925 Elba.
1494 2880 1584 2925 Ge-

464 2960 623 2992 nerosa
654 2945 851 2989 metallis
876 2958 967 3005 pro
988 2942 1225 2998 foecunda,
1250 2941 1437 3003 adJecta
1456 2941 1585 2989 noti-

466 3022 559 3055 one
578 3005 797 3070 praeclari
821 3006 1123 3053 metallorum
1152 3004 1361 3067 generis,
1386 3021 1591 3068 quorum

468 3086 616 3119 venas
661 3069 977 3117 inexhaustas
1025 3070 1184 3126 habet,
1229 3070 1592 3133 comparatione

467 3134 712 3183 declarata
732 3148 843 3181 eum
867 3132 1137 3195 Chalybum
1156 3132 1345 3183 fodinis.

538 3193 807 3247 175—178.
856 3198 1099 3244 Hominum
1126 3200 1371 3271 divamque
1410 3205 1485 3245 est
1515 3200 1588 3244 in-

468 3272 675 3323 terpres:
710 3260 910 3325 accipio,
942 3269 998 3308 ut
1028 3261 1093 3309 sit
1124 3260 1253 3310 inter
1285 3262 1401 3310 deos
1433 3260 1590 3309 homi-

470 3341 667 3389 necque,
692 3333 921 3387 tanquam
944 3325 1133 3374 medius
1155 3334 1205 3373 et
1236 3325 1430 3375 arbiter.
1495 3328 1592 3373 Po-

468 3400 571 3439 rent
612 3390 659 3437 ei
692 3390 827 3439 fibrae
950 3390 1101 3437 udum
1133 3398 1183 3436 et
1214 3398 1321 3446 cet..
1357 3399 1595 3451 quatenus

470 3470 554 3503 eas
570 3469 661 3530 pro
682 3453 841 3503 lubitu
860 3462 1224 3527 interpretatur,
1244 3453 1295 3500 in
1319 3454 1497 3501 bonam
1516 3453 1594 3503 vel

471 3520 521 3568 in
568 3518 814 3567 sinistram
854 3526 1060 3592 partem:
1137 3516 1217 3565 Sic
1256 3518 1386 3581 apud
1424 3526 1594 3592 poetas

472 3599 629 3645 regere
654 3592 703 3631 et
724 3585 950 3631 moderari
966 3580 1175 3629 dicimur
1198 3596 1255 3629 ea
1270 3596 1475 3644 quorum
1498 3581 1592 3629 sci-

472 3647 657 3695 entiam
683 3647 945 3701 habemus;
982 3656 1037 3693 ut
1066 3645 1254 3695 sidera
1240 3661 1283 3695 is
1313 3646 1395 3708 qui
1428 3659 1595 3693 eorum

474 3710 673 3759 nomina
694 3720 743 3757 et
765 3724 961 3758 cursum
988 3718 1134 3758 tenet.
1192 3712 1351 3771 Rapit,
1376 3726 1465 3773 pro
1488 3709 1593 3757 vul·

472 3774 591 3837 gari,
626 3772 781 3822 ducit:
814 3789 923 3837 sup.
952 3772 1034 3831 vii,
1070 3773 1177 3831 725,
1204 3776 1337 3823 Mille
1358 3778 1485 3835 rapit
1514 3790 1596 3835 po-

546 3902 787 3959 179,180.
828 3904 953 3949 Plus
984 3904 1173 3963 Alplieae
1208 3918 1246 3949 s.
1284 3900 1412 3957 Pisa,
1446 3903 1507 3949 ab
1540 3901 1600 3950 iis

475 3966 671 4017 condita
712 3965 797 4028 qui
838 3965 953 4013 Pisa
994 3965 1152 4013 Elidis
1185 3964 1391 4029 profecti
1432 3974 1598 4022 eraut·

476 4031 606 4079 unde
641 4033 830 4091 Alphea
862 4032 923 4075 ab
954 4034 1143 4093 origine,
1178 4043 1282 4093 pro,
1316 4031 1378 4078 ab
1412 4029 1600 4092 origine

477 4095 541 4143 Al
577 4095 683 4150 hes,
706 4108 795 4143 seu
818 4092 1012 4149 Elissam
1048 4104 1100 4141 at
1120 4096 1224 4149 nolo,
1248 4092 1363 4141 sede
1394 4108 1451 4141 ac
1486 4094 1599 4149 situ,

479 4174 537 4207 ur
618 4154 841 4205 Etrusca.

546 4222 815 4271 181--184-
872 4224 1003 4299 Equo
1040 4223 1207 4283 fidens,
1257 4236 1347 4295 pro
1400 4221 1600 4270 habens.

485 4288 837 4335 Vereicoloflbus
870 4289 1026 4342 armis,
1062 4302 1090 4333 e
1130 4284 1338 4333 diversis
1376 4285 1599 4335 metallis.

480 4352 711 4399 Astur-em
741 4358 1011 4410 sequuntur
1038 4350 1245 4425 trecenti
1276 4365 1339 4398 ex
1368 4352 1521 4406 Caere,
1551 4359 1603 4398 et

478 4428 596 4475 agro
632 4412 693 4459 ad
728 4412 1017 4469 Minionem‚
1194 4428 1220 4460 s
1256 4424 1306 4460 et
1336 4414 1598 4462 Graviscis.

479 4476 577 4523 Sed
600 4489 687 4522 cur
709 4484 807 4521 tam
836 4474 977 4536 pauci
1010 4490 1073 4523 ex
1094 4476 1214 4523 urbe
1241 4486 1339 4524 tam
1370 4478 1602 4539 opulenta

1650 2494 1818 2541 Caere?
1851 2492 1982 2547 Quia
1996 2492 2128 2540 mille
2149 2492 2264 2541 hinc
2285 2494 2554 2543 abduxerat
2571 2496 2771 2545 Mezen-

1651 2556 1762 2615 tius,
1787 2572 1892 2620 sup.
1917 2556 1999 2613 vii,
2024 2558 2135 2615 652,
2159 2556 2268 2604 653.
2311 2557 2558 2621 Adjiciaent
2581 2570 2769 2609 tercen-

1651 2621 2213 2683 tumvirosin'quu‘sunt
2245 2623 2774 2673 denudo-oetan

1650 2686 1734 2749 qui
1769 2684 1915 2733 domo
1948 2693 2065 2733 sunt
2097 2684 2355 2741 Caeretani,
2389 2686 2436 2733 h.
2467 2703 2509 2735 e.
2540 2688 2586 2735 ei
2621 2689 2776 2737 additi

1651 2758 1778 2807 sunt,
1803 2766 1918 2799 eum
1947 2748 2254 2797 comitantur.
2281 2750 2446 2798 Burin.
2469 2752 2670 2815 supplet
2689 2756 2776 2801 od

1638 2816 1818 2878 jiciunt
1849 2830 1910 2862 ne.
1947 2816 2234 2875 Intempesta
2271 2816 2502 2862 Gravitas
2535 2817 2666 2864 acris
2697 2817 2774 2865 in·

1653 2877 1905 2951 temperie,
1929 2892 2040 2925 cum
2069 2877 2122 2925 in
2151 2878 2326 2927 humili
2354 2894 2410 2927 ac
2439 2878 2646 2943 palma-i
2671 2880 2778 2929 loco

1655 2952 1820 2993 essent
1842 2941 1960 2989 sitae.

1725 3008 1816 3055 185
1839 3020 1939 3069 sqq.
1969 3005 2234 3055 Obscurior
2254 3007 2404 3065 locus,
2427 3022 2516 3056 seu
2539 3022 2604 3055 ex
2624 3008 2776 3058 inter-

1655 3070 1915 3137 polatione,
1962 3070 2090 3132 quod
2137 3070 2364 3132 equidem
2411 3072 2648 3136 suspicor,
2693 3089 2780 3121 seu

1655 3144 1856 3200 propter
1868 3134 2196 3184 obscuriorem
2210 3135 2420 3184 fabulam
2435 3152 2464 3183 a
2571 3144 2624 3185 ta
2639 3137 2780 3185 aliter

1657 3214 1802 3263 quam
1835 3200 1896 3248 ab
1927 3198 2036 3247 aliis
2067 3208 2332 3248 tractatam.
2393 3200 2621 3249 Utocus
2501 3216 2781 3250 ocmnunc

1658 3280 1711 3313 se
1732 3264 1894 3321 habet,
1917 3272 1974 3311 ut
1993 3262 2169 3330 aliquo
2183 3264 2356 3312 saltem
2381 3264 2526 3312 modo
2547 3266 2778 3329 expedis-

1659 3337 1739 3377 tur
1769 3327 1904 3385 illud,
1943 3330 2124 3375 Crimen
2155 3344 2281 3376 amor
2311 3336 2538 3383 neamus
2569 3338 2783 3379 statuere

1659 3407 1860 3441 necesse
1881 3398 1970 3447 est,
1988 3390 2220 3454 Cinyram
2241 3400 2292 3440 et
2311 3393 2630 3456 Cupavonem
2653 3394 2782 3469 turpi

1659 3472 1712 3505 se
1735 3470 1899 3504 more
1921 3466 2202 3519 prosecutos
2225 3470 2357 3511 esse·
2393 3471 2490 3519 quo
2512 3456 2694 3506 ducere
2710 3473 2780 3505 n-

1658 3520 1802 3569 detur
1823 3534 1925 3567 voc.
1949 3528 2159 3567 venerum.
2217 3520 2342 3567 Mox
2371 3528 2536 3568 tamen
2567 3536 2668 3569 non
2696 3521 2780 3579 illi.

1660 3583 1746 3633 sed
1789 3583 2042 3632 Phaethon
2084 3593 2273 3633 amanis
2315 3584 2472 3633 fertur
2514 3600 2546 3633 a
2589 3586 2780 3649 Cycno·

1660 3648 1825 3709 imque
1865 3662 2152 3710 quocunque
2197 3657 2245 3695 te
2289 3656 2464 3705 vertas,
2510 3664 2661 3698 versu
2701 3649 2783 3697 illo

1663 3720 1868 3768 servato,
1893 3726 1972 3759 res
1997 3728 2096 3759 non
2123 3710 2355 3776 procedit.
2415 3716 2600 3774 Cupauo
2629 3724 2682 3761 et
2703 3716 2780 3762 on·-

1663 3792 1806 3839 nyma
1841 3775 1927 3823 vix
1961 3775 2188 3825 videntur
2221 3792 2365 3839 posse
2397 3777 2646 3840 conjungi,
2677 3786 2781 3825 tun·

1664 3855 1808 3904 quam
1841 3839 1996 3913 Cycni
2027 3839 2143 3888 filii:
2191 3840 2356 3903 itaque
2387 3851 2472 3889 aut
2503 3841 2786 3889 sustinenda

1663 3914 1741 3953 est
1759 3903 2092 3968 pronuntiatio
2117 3914 2231 3967 post
2255 3906 2462 3967 cinyra.-
2495 3906 2604 3953 Non
2633 3922 2716 3969 ego
2743 3914 2786 3953 ee

1669 3970 1952 4017 Transfer-im
1976 3971 2183 4031 cinyrm
2215 3976 2264 4016 et
2285 3969 2400 4033 (pro
2428 3985 2510 4017 nec
2539 3968 2608 4029 te)
2627 3973 2790 4031 pand:

1665 4036 1874 4081 comitate
1921 4034 2114 4094 Cupauo,
2157 4034 2332 4095 Cujus.-
2382 4042 2468 4082 aut
2507 4033 2788 4097 accipienda

1667 4106 1718 4144 et
1749 4096 2005 4144 scribenda
2036 4107 2176 4145 sunt:
2229 4100 2405 4160 Cinyra
2442 4106 2490 4146 et
2517 4102 2682 4159 poncia
2713 4114 2786 4145 ω-

1667 4164 1828 4208 mitate
1873 4164 2069 4221 Cupauo,
2115 4170 2172 4208 ut
2213 4162 2415 4225 Cupavo
2463 4162 2696 4225 Cinyram
2739 4171 2790 4209 et

1669 4240 1849 4289 paucos
1870 4223 2072 4273 comites
2092 4225 2330 4273 habuerit.
2389 4226 2606 4275 Exn-uso
2629 4240 2785 4283 vem.

1671 4291 1852 4339 Crimen
1902 4305 2028 4337 amor
2069 4296 2280 4348 vestrum,
2325 4289 2512 4351 reliqua
2559 4290 2792 4354 expedita

1667 4362 1794 4403 sunt.
1883 4354 2066 4413 Capeno
2103 4352 2300 4401 cristam
2339 4353 2484 4402 habet
2515 4370 2580 4402 ex
2611 4355 2790 4429 pennis

1666 4416 1868 4465 olorinis
1886 4432 1930 4465 v.
1957 4416 2063 4475 187,
2081 4416 2135 4464 in
2157 4416 2440 4465 memoriam
2461 4418 2616 4481 putris
2637 4416 2788 4481 Cycni

1665 4480 1718 4528 in
1741 4480 1924 4529 olorem
1945 4481 2120 4529 mutati
2139 4496 2204 4529 ex
2223 4481 2378 4531 nimio
2399 4481 2534 4531 luctu
2549 4482 2612 4530 de
2633 4482 2788 4531 Phae-
