3050 4934
1190 271 1536 344 LIBER.
1581 279 1712 346 VI.

2485 285 2616 350 415

470 424 655 490 Nulli
684 425 786 490 fas.
816 437 999 490 casto
1030 426 1417 492 sceleratum
1446 430 1747 494 insistere
1769 429 1998 507 limem

468 527 603 592 Sed
636 550 737 592 me
769 549 971 611 quum
999 527 1159 593 lucis
1192 528 1447 594 Hecate
1478 529 1774 615 praefecit
1803 529 2108 609 AverniS,

292 627 423 692 565
465 627 623 712 Ipsa
652 627 847 694 defini
876 651 1108 713 poenas
1140 630 1385 708 docuit,
1416 654 1666 716 perque
1697 634 1910 697 omnia
1939 634 2153 697 duxit.

470 729 761 794 Gnosius
793 729 937 794 haee
967 729 1514 796 Rhadamanthus
1545 733 1746 797 habet
1778 735 2122 798 durissima
2151 757 2376 819 regna,

468 831 895 915 Castigatque
925 833 1237 917 auditque
1266 832 1490 910 dolos;
1539 835 1912 919 subigitque
1942 835 2156 913 fateri,

470 933 641 1005 Quae
666 934 811 1017 quis
843 934 1021 1018 apud
1052 956 1349 1018 superoS,
1378 933 1555 998 furto
1583 933 1843 1000 laetatus
1873 937 2071 1013 inani,

470 1033 745 1098 Distulit
770 1036 839 1098 in
870 1057 1081 1099 seram
1111 1036 1451 1099 commissa
1480 1035 1738 1120 piacula
1765 1047 2058 1102 mortem.

294 1136 425 1200 570
469 1135 795 1200 Continuo
823 1148 1043 1202 sontes
1075 1136 1273 1201 ultrix
1304 1139 1594 1202 accincta
1622 1136 1884 1222 flagello

468 1237 835 1321 Tisiphone
860 1239 1075 1321 quatit
1103 1237 1444 1315 insultam,
1476 1249 1830 1323 torvosque
1860 1241 2120 1304 sinistra

467 1339 807 1404 Intentans
836 1361 1108 1423 angues,
1140 1349 1330 1404 vocat
1358 1341 1616 1424 agmina
1645 1363 1818 1404 saeva
1845 1362 2160 1406 sororum.

470 1439 648 1504 Tum
678 1440 938 1504 demum
967 1439 1313 1504 horrisono
1344 1440 1696 1505 stridentes
1727 1443 1992 1506 cardine
2022 1465 2224 1508 sacrae

468 1539 861 1604 Panduntur
887 1551 1119 1624 portae.
1197 1541 1452 1618 Geraia,
1484 1543 1784 1607 custodia
1813 1543 2020 1626 qualis

294 1643 423 1706 575
467 1640 813 1706 vestibulo
844 1642 1114 1706 sedeat?
1160 1641 1358 1706 facies
1386 1664 1537 1726 quoe
1566 1642 1780 1708 limina
1811 1649 2070 1710 servet?

465 1743 957 1828 Quinquaginta
986 1744 1143 1808 atris
1174 1745 1463 1808 immanis
1494 1744 1782 1808 hiatibus
1812 1745 2052 1829 Hydra

464 1845 713 1910 Saevior
738 1847 913 1910 intus
942 1845 1145 1910 habet
1174 1845 1417 1910 sedem.

1490 1845 1667 1910 Tum
1697 1845 2020 1910 Tartarus
2051 1849 2192 1932 ipse

468 1945 585 2011 Bis
614 1957 798 2031 patet
826 1949 895 2011 in
924 1969 1221 2033 praeceps
1252 1959 1526 2024 tantum,
1559 1948 1898 2032 tenditque
1931 1950 2054 2014 sub
2085 1952 2371 2030 umbras,

466 2049 774 2123 Quantus
804 2049 890 2114 ad
918 2049 1259 2114 aetherium
1286 2049 1433 2114 coeli
1466 2061 1812 2134 suspectus
1841 2050 2214 2136 Olympum.

293 2151 425 2216 580
466 2151 599 2216 Hic
628 2172 835 2234 genus
864 2152 1199 2235 antiquum
1230 2150 1484 2227 Terrae,
1516 2150 1782 2215 Titania
1809 2153 2046 2235 pubes,

463 2251 757 2317 Fulmine
788 2252 1050 2337 dejecti,
1082 2251 1289 2317 fundo
1316 2251 1662 2316 volvuntur
1689 2254 1756 2316 in
1785 2253 1934 2317 imo.

358 2539 469 2586 563.
504 2541 739 2594 Iubam,
750 2537 965 2600 ingredi3
982 2541 1117 2585 limen
1134 2553 1225 2602 pro
1240 2536 1413 2593 limini.

292 2601 371 2650 vel
402 2602 457 2650 in
489 2602 672 2651 limine.
730 2605 1011 2650 Sceleratum
1043 2612 1118 2650 est
1152 2601 1417 2650 sceleribus

290 2666 689 2722 contaminatum,
716 2665 933 2727 adeoque
962 2665 1226 2728 impurum,
1254 2665 1413 2712 inces-

292 2740 426 2841 ἷιιιιις
462 2729 627 2791 itaque
670 2730 757 2794 pii,
791 2733 925 2786 casti,
958 2739 1187 2777 arcentur
1218 2729 1281 2777 ab
1325 2729 1417 2776 hoe

310 2809 412 2842 ooo.

356 2859 468 2916 564,
494 2858 603 2904 565.
640 2857 825 2905 Praeest
848 2856 934 2904 Sib
966 2857 1031 2904 lla
1060 2855 1171 2904 luco
1201 2857 1417 2912 Averno,

294 2931 350 2970 ut
368 2921 619 2976 sacerdon
656 2937 767 2969 nam
791 2873 1069 2968 sacerdotes
1080 2923 1268 2981 praefici,
1290 2935 1412 2980 ρω-

288 3003 398 3044 esee,
420 2994 479 3034 ut
498 2989 659 3043 sacris,
682 2985 752 3033 ita
775 2987 939 3046 templo
969 2984 1211 3032 dicuntur.
1266 2985 1417 3030 Deam

286 3067 461 3113 ρωποι,
508 3065 627 3112 quas
671 3049 741 3097 dii
788 3049 1075 3097 nocentibus
1120 3057 1409 3096 stamen-unt.

288 3118 371 3164 He
386 3131 475 3176 per
494 3117 643 3162 mio
662 3117 811 3170 darie,
836 3129 925 3162 seu
948 3113 1189 3161 narrando
1218 3123 1269 3160 et
1298 3127 1409 3175 per·-

288 3179 537 3228 eensendo
547 3177 741 3242 singula
754 3197 768 3232 ς
786 3187 841 3227 ut
854 3177 949 3242 ipsi
965 3181 1288 3238 percurrimus,
1298 3193 1409 3238 per-

290 3247 550 3302 lustramus,
574 3241 781 3306 singula,
804 3242 873 3290 ita
895 3241 977 3290 alii
1002 3257 1091 3290 nos
1109 3241 1294 3289 ducunt
1322 3256 1413 3304 per

400 3323 479 3362 εις
514 3323 605 3356 seu
626 3317 683 3355 ut
704 3307 893 3354 Hecate
926 3305 1159 3370 Sibyllam
1182 3320 1297 3354 vere
1326 3320 1417 3368 per

334 3371 485 3422 artari
506 3387 727 3420 recessus
748 3370 956 3419 duxerit.

355 3437 629 3488 sev—569.
649 3439 801 3492 Dolus,
816 3435 1003 3484 scelera
1013 3434 1127 3482 dolo
1144 3433 1273 3482 malo
1280 3448 1413 3482 com-

286 3501 453 3550 missa.
508 3501 661 3549 Porro
674 3498 818 3548 fateri
834 3500 965 3562 cogit
976 3502 1179 3562 piaculo,
1194 3497 1415 3556 crimina,

288 3569 523 3615 mama
556 3567 683 3627 apud
716 3581 915 3626 superos,
948 3564 1001 3612 in
1035 3563 1149 3620 vita,
1186 3579 1287 3626 quae
1314 3567 1418 3624 quis

284 3633 487 3686 distulit,
508 3645 573 3678 sc.
586 3627 753 3692 fateri,
774 3629 837 3678 ad
928 3643 991 3676 ue
1014 3627 1287 3684 occultavit,
1306 3627 1353 3674 h.
1372 3642 1415 3676 e.

286 3694 451 3743 effecit
465 3709 529 3744 ne
546 3695 599 3742 in
609 3693 849 3756 iudicium
958 3701 1185 3741 ueeretur
1202 3703 1253 3740 et
1268 3691 1415 3756 puni-

286 3768 451 3814 retur3
476 3757 530 3806 in
547 3775 695 3806 enam
716 3765 917 3816 nmen,
933 3758 981 3804 h.
1002 3772 1045 3804 e.
1064 3771 1165 3804 non
1180 3771 1294 3804 reus
1316 3756 1415 3804 fac-

286 3822 847 3936 :3323‘52225‘12220223
874 3835 1413 3948 ffizffiffffi

286 3951 419 4015 quod
438 3951 591 4001 latere
612 3951 731 4000 deos
752 3960 803 3999 et
824 3951 1027 4016 impune
1048 3949 1141 3998 sibi
1164 3949 1299 3998 abire
1320 3963 1413 4012 pu-

287 4017 425 4065 tabat
460 4015 745 4072 commissu
796 4015 887 4065 sed
923 4025 1121 4064 temere.
1176 4015 1257 4062 Ita
1292 4023 1415 4078 puto

286 4081 393 4129 hac
576 4079 722 4129 'enda
743 4095 865 4128 esse.

274 4138 279 4142 ’
356 4145 645 4196 570-572.
702 4143 987 4209 Tisiphone,
1028 4143 1273 4192 carnifici·
1326 4157 1417 4192 seu

286 4209 419 4258 servi
442 4209 624 4273 publici
646 4210 769 4268 loeo,
792 4223 904 4258 reos
938 4207 1195 4256 dannatus
1228 4207 1291 4256 ad
1304 4223 1411 4256 car-

285 4287 451 4322 eerem
467 4281 643 4338 raptat.
698 4277 863 4327 Quam
874 4281 1025 4322 mes
1035 4275 1237 4335 flagello,
1256 4271 1413 4320 docte.

288 4337 495 4402 Proprie
510 4342 723 4400 quatitur
733 4340 985 4401 meu-u,
1004 4351 1103 4400 quo
1118 4345 1287 4386 sontes
1299 4351 1415 4402 per-

286 4402 555 4454 cutiuntur.
612 4402 885 4467 Tisiphone
928 4402 1083 4451 altera
1128 4415 1275 4450 manu
1324 4401 1413 4463 hy-

1481 2536 1634 2595 dram,
1661 2537 1810 2586 altera
1837 2537 2056 2585 titionem
2086 2538 2254 2601 quatit.
2311 2543 2512 2604 Agmina
2533 2561 2605 2592 so-

1481 2617 1635 2648 rorum
1656 2601 1718 2649 de
1743 2601 1919 2650 Furiis.

1548 2665 1819 2716 573-577-
1873 2665 2142 2730 Tisiphone
2183 2676 2346 2716 servat
2389 2669 2604 2719 vestibu-

1480 2728 1600 2786 lum,
1619 2729 1806 2778 aditum
1826 2731 2020 2778 Tartari
2041 2746 2086 2777 v.
2113 2733 2224 2779 555.
2272 2732 2348 2780 Ea
2367 2733 2609 2784 damnatis

1484 2807 1513 2840 a
1528 2793 1904 2842 Rhadamantho
1927 2793 2093 2841 statim
2109 2810 2282 2844 manus
2301 2796 2472 2858 injicit,
2485 2810 2535 2846 et
2547 2799 2610 2848 ad

1482 2855 1676 2904 Tartari
1698 2866 1906 2920 portam,
1959 2871 2037 2904 uoe
2054 2873 2248 2921 semper
2276 2860 2440 2910 clausa
2457 2861 2608 2912 habe-

1484 2930 1578 2977 tur,
1603 2935 1686 2969 eos
1716 2921 1831 2983 agit,
1857 2921 1938 2969 ine
1957 2933 2182 2984 amatque
2217 2938 2422 2972 sorores.
2480 2925 2609 2976 Tum

1480 2983 1678 3032 demum
1714 2987 1783 3046 (v.
1811 2985 1932 3046 573)
1963 2986 2182 3049 aperitur
2211 2996 2366 3050 porta.
2426 2989 2606 3039 Videa-

1478 3065 1588 3096 mus
1611 3065 1740 3098 nunc
1763 3049 1968 3113 singula.
2025 3053 2201 3108 Cernis,
2223 3051 2387 3114 pergit
2409 3052 2496 3102 Sib
2527 3055 2607 3115 lla,

1477 3115 1686 3161 custodia
1728 3118 1892 3176 qualis,
1950 3130 2060 3176 qum²
2101 3123 2279 3173 custos,
2321 3116 2425 3164 scil.
2519 3119 2603 3168 isi-

1479 3177 1657 3241 phone‚
1683 3181 1918 3236 vestibulo,
1942 3179 2006 3227 ad
2039 3179 2240 3238 aditum,
2264 3181 2610 3244 eedeatssacieae

1476 3257 1578 3303 qaae
1599 3246 1758 3290 limina
1789 3252 1967 3298 serven·
2001 3259 2114 3292 nam
2149 3249 2289 3300 intus,
2325 3245 2454 3294 intra
2489 3263 2604 3312 por-

1482 3315 1597 3364 tam,
1633 3311 1793 3354 sevior
1827 3307 1989 3362 facies,
2029 3307 2080 3356 H
2115 3308 2216 3366 dra,
2245 3310 2412 3358 sedem
2445 3312 2606 3360 habet.

1484 3372 1704 3418 Custodia
1726 3381 1803 3420 est
1832 3371 1941 3435 ipsa
1971 3371 2054 3420 illa
2133 3372 2373 3437 isiphone.
2435 3375 2612 3438 Hydra

1480 3433 1572 3482 sim
1609 3435 1768 3483 liciter
1788 3450 1877 3499 pro
1899 3445 2128 3500 serpente
2149 3446 2436 3485 monstroso.

1547 3501 1576 3546 5
1611 3501 1656 3546 9.
1696 3503 1813 3548 Οωὶἱ
1827 3508 2076 3562 suspectus,
2095 3502 2142 3546 h.
2159 3517 2200 3547 e.
2217 3511 2506 3563 prospectus
2503 3518 2612 3566 ρει·

1481 3577 1644 3611 aerem
1683 3579 1712 3612 a
1746 3572 1876 3611 terra
1913 3567 1978 3611 ad
2019 3567 2271 3624 Olympum,
2311 3567 2377 3610 ad
2413 3569 2610 3621 caelum,-

1482 3643 1596 3675 nam
1618 3643 1682 3675 ex
1697 3627 1904 3675 Tartaro
1919 3636 2208 3690 prospectus
2223 3626 2286 3674 ad
2308 3627 2486 3676 coelum
2503 3645 2610 3679 esse

1482 3691 1678 3754 nequit3
1715 3691 1898 3756 quippe
1929 3705 2042 3752 cum
2075 3690 2230 3739 infera
2259 3690 2370 3738 loca
2397 3692 2498 3740 sint
2517 3695 2610 3742 sub

1483 3766 1628 3813 terra,
1648 3765 1704 3804 et
1728 3757 1896 3804 subter
1927 3754 1990 3803 iis
2021 3755 2218 3804 demum
2251 3755 2488 3804 Tartarus
2521 3757 2608 3806 de·

1514 3835 1679 3868 tessus
1715 3823 1890 3882 jaceat.
1957 3819 2151 3868 Tartari
2191 3819 2356 3882 igitur,
2399 3821 2484 3883 qui
2519 3823 2609 3870 sub

1480 3837 1644 3943 glande,
1669 3885 1808 3948 isque
1829 3886 1920 3933 sub
1944 3894 2072 3933 terra
2103 3893 2192 3942 est,
2217 3884 2260 3932 si
2281 3899 2394 3932 eum
2416 3885 2606 3948 ingres-

1480 3965 1565 3998 sus
1577 3949 1744 4009 fueris,
1765 3958 1898 3997 tanta
1915 3949 1969 3997 in
1985 3949 2280 4014 profundum
2295 3958 2370 3997 est
2385 3949 2610 4009 altitudo,

1478 4023 1537 4063 ut
1557 4015 1770 4079 spatium
1806 4016 1911 4076 ejus
1943 4012 2008 4062 sit
2039 4015 2116 4062 bis
2144 4022 2347 4071 tannim,
2373 4025 2610 4076 quantum

1480 4079 1610 4128 inter
1655 4089 1834 4128 terram
1874 4088 1926 4127 et
1959 4077 2240 4142 Olympum,
2278 4089 2542 4150 prospectu
2582 4093 2612 4129 e

1545 4209 1656 4265 58⁰,
1677 4209 1787 4256 581.
1825 4206 2030 4255 Hesiod.
2047 4206 2232 4270 sseog.
2255 4206 2346 4253 129
2363 4221 2434 4269 sq.
2469 4207 2608 4257 Tita-

1479 4287 1570 4320 nas
1613 4272 1840 4332 γηγενεῖς
1877 4269 2116 4334 designat.
2171 4271 2336 4318 buado
2372 4274 2612 4322 vomatur

1482 4339 1534 4384 in
1567 4339 1668 4392 ino,
1693 4334 1940 4400 preclare,
1975 4343 2033 4384 ut
2065 4333 2128 4382 ad
2162 4334 2316 4384 imum
2349 4335 2608 4386 Tartarum

1482 4400 1706 4449 detrusos
1729 4399 1998 4448 exhiberet.

1629 4159 1719 4208 per
1737 4157 1900 4191 aerem
1919 4142 2064 4190 facto.
