3050 4934
471 262 602 325 330
1377 262 1905 328 AENEIDOS

646 411 950 476 Demissa
978 435 1062 476 ex
1091 412 1412 489 humeris;
1459 414 1640 477 dives
1666 434 1815 497 quae
1843 432 2111 477 munera
2144 410 2325 475 Dido

645 512 939 590 Fecerat,
969 526 1038 578 et
1067 514 1248 579 tenui
1277 514 1438 578 telas
1469 515 1867 577 discreverat
1893 532 2075 577 auro.

475 613 606 676 265
653 613 978 679 Continuo
1003 615 1284 678 invadit:
1329 612 1440 677 Tu
1465 634 1641 677 nunc
1672 612 2089 696 Carthaginis
2118 610 2269 675 altae

641 713 1092 779 Fundamenta
1119 714 1318 791 locaS,
1350 713 1823 798 pulchramque
1854 714 2125 777 uxorius
2156 712 2389 775 urbem

643 814 999 879 Exstruis?
1043 814 1176 879 heu
1206 816 1392 897 regni
1419 834 1769 896 rerumque
1800 812 2001 877 oblite
2032 815 2325 876 tuarum!

641 914 794 999 Ipse
826 914 1020 980 deum
1051 916 1169 981 tibi
1198 936 1299 978 me
1331 913 1506 978 claro
1536 914 1817 979 demittit
1849 913 2137 996 Olympo

643 1015 1008 1100 Regnator,
1037 1015 1274 1081 coelum
1297 1024 1365 1079 et
1395 1024 1605 1080 terras
1636 1016 1748 1098 qui
1778 1015 2037 1079 numine
2068 1023 2363 1098 torquet3

471 1115 600 1179 270
643 1116 796 1201 Ipse
826 1118 968 1181 haec
997 1118 1168 1182 ferre
1189 1117 1383 1201 jubet
1403 1115 1651 1181 celeres
1680 1116 1989 1179 mandata
2014 1136 2137 1199 per
2164 1136 2392 1179 auras:

645 1217 825 1290 Quid
857 1219 1100 1282 struis?
1144 1204 1259 1283 aut
1286 1240 1416 1301 qua
1441 1238 1561 1301 spe
1591 1216 1859 1300 Libycis
1888 1217 2047 1280 teris
2078 1216 2207 1279 otia
2236 1215 2474 1279 terris?

644 1318 714 1381 Si
747 1329 812 1383 te
841 1318 1018 1383 nulla
1045 1329 1259 1383 movet
1289 1328 1614 1382 tantarum
1639 1316 1847 1402 gloria
1874 1338 2116 1393 rerum,

643 1418 790 1483 Nec
824 1440 1022 1503 super
1049 1419 1192 1503 ipse
1222 1427 1335 1483 tua
1361 1416 1605 1481 moliris
1633 1417 1828 1483 laude
1857 1418 2185 1495 laborem;

647 1518 1004 1584 Ascanium
1036 1531 1433 1604 surgentem,
1463 1530 1533 1584 et
1564 1540 1715 1604 spes
1744 1519 2009 1584 heredis
2038 1518 2165 1583 Iuli

471 1619 555 1681 27
558 1620 599 1681 5
643 1619 955 1705 Respice,
987 1623 1090 1685 cui
1119 1644 1392 1705 regnum
1419 1620 1625 1685 Italiae
1654 1620 2083 1705 Romanaque
2112 1619 2305 1685 tellus

647 1720 1018 1786 Debentur.
1096 1721 1249 1786 Tali
1277 1720 1609 1818 Cyllenius
1643 1742 1756 1784 ore
1783 1720 2041 1785 locutus

642 1822 960 1887 Mortales
993 1825 1167 1888 visus
1198 1823 1412 1887 medio
1445 1843 1741 1887 sermone
1771 1821 2053 1905 reliquit,

643 1922 735 1987 Et
765 1923 994 2007 procul
1022 1925 1090 1988 in
1120 1934 1382 1988 tenuem
1409 1946 1494 1987 ex
1524 1922 1727 1988 oculis
1758 1923 2021 1987 evanuit
2050 1944 2293 1986 auram.

726 2012 822 2088 At
851 2046 1004 2089 vero
1035 2024 1286 2088 AEneas
1317 2024 1637 2108 adspectu
1666 2024 1991 2088 obmutuit
2019 2045 2239 2087 amens
2246 2069 2265 2099 ‚

467 2124 598 2185 280
643 2122 1069 2208 Arrectaeque
1099 2124 1370 2188 horrore
1401 2146 1625 2201 comae,
1656 2134 1724 2188 et
1752 2146 1881 2189 vox
1910 2124 2207 2189 faucibus
2236 2122 2447 2187 haesit.

641 2222 858 2289 Ardet
881 2225 1060 2289 abire
1091 2224 1270 2309 fuga,
1302 2224 1658 2309 dulcesque
1690 2224 2054 2309 relinquere
2086 2235 2322 2301 terras,

641 2322 982 2390 Attonitus
1007 2336 1186 2390 tanto
1215 2326 1462 2395 monitu
1491 2326 1893 2411 imperioque
1926 2326 2219 2390 deorum.

643 2426 798 2490 Heu
828 2427 987 2511 quid
1018 2431 1214 2511 agat?
1260 2450 1392 2512 quo
1419 2449 1591 2492 nunc
1621 2428 1911 2511 reginam
1938 2427 2183 2491 ambire
2214 2426 2536 2491 furentem

637 2526 906 2592 Audeat
936 2526 1184 2593 affatu?
1229 2550 1378 2613 quae
1405 2530 1614 2612 prima
1644 2527 1917 2592 exordia
1962 2528 2216 2592 sumat?

467 2630 596 2693 285
657 2627 936 2713 *Atque
968 2632 1247 2693 animum
1276 2651 1448 2693 nunc
1477 2630 1610 2692 huc
1640 2627 1939 2705 celerem,
1972 2650 2145 2693 nunc
2174 2627 2404 2692 dividit
2433 2626 2611 2707 illuc,

649 2732 686 2771 ³⁸*
703 2729 781 2793 In
812 2741 1164 2814 partesque
1196 2730 1367 2813 rapit
1397 2729 1632 2805 variae,
1663 2750 1913 2814 perque
1944 2730 2157 2793 omnia
2186 2738 2427 2805 versat,
2442 2731 2481 2769 ⁴⁸*

641 2830 808 2896 Haec
838 2831 1182 2896 alternanti
1211 2833 1427 2914 potior
1457 2832 1777 2894 sententia
1807 2831 1945 2893 visa
1974 2839 2076 2894 est
2097 2832 2141 2893 ε’

639 2933 994 2999 Mnesthea
1025 2932 1534 3015 Sergestumque
1564 2941 1776 3008 vocat,
1808 2930 2170 3015 fortemque
2201 2930 2619 3009 Cloanthum,

638 3034 932 3097 Classem
961 3042 1190 3115 aptent
1219 3032 1418 3109 taciti,
1451 3032 1661 3095 socios
1694 3031 1779 3095 ad
1807 3030 2027 3095 littora
2054 3042 2323 3115 cogant;

465 3136 594 3199 290
639 3132 843 3198 Arma
868 3143 1124 3217 parent,
1157 3142 1246 3210 et,
1275 3155 1423 3223 quae
1455 3134 1539 3196 sit
1567 3132 1766 3197 rebus
1798 3155 1996 3199 causa
2021 3134 2361 3210 novandiS,

467 3338 582 3386 Non
607 3336 739 3385 enim
761 3336 892 3385 inter
910 3337 1274 3401 praestantiores
1293 3337 1367 3386 sui
1395 3336 1593 3400 generis
1656 3352 1780 3385 novae
1828 3340 2125 3399 Carthaginis
2166 3339 2359 3390 urbem,-
2406 3344 2459 3383 et
2500 3336 2685 3385 iterum
2726 3338 2793 3396 vi,

467 3401 613 3450 fulvoe
642 3409 994 3449 numerantur:
1031 3400 1127 3449 nisi
1139 3400 1278 3463 fidva
1346 3417 1402 3449 ro
1423 3401 1588 3449 subvi·
1660 3402 1767 3457 364,
1789 3417 1875 3462 per
1895 3418 2019 3463 spem
2038 3405 2269 3463 surgentis
2291 3402 2401 3448 Iuli.

465 3466 562 3514 ridi
584 3465 880 3530 accipienda,
905 3474 962 3514 ut
983 3465 1067 3514 inf.
1092 3482 1137 3524 v,
1164 3468 1274 3521 309,
1350 3468 1424 3513 lua
1457 3468 1590 3514 oliva.
1724 3464 1834 3523 279,
1856 3467 1965 3513 280.
2016 3465 2312 3513 Homerica:
2360 3464 2479 3522 ’Στῆ
2514 3462 2567 3513 δὲ
2602 3465 2791 3528 voecht.

465 3532 676 3579 Ardebat
709 3540 878 3579 ornate
909 3546 1000 3596 pro
1033 3538 1151 3579 erat.
1211 3532 1346 3579 Telas
1377 3530 1466 3577 int.
1491 3538 1590 3578 sta-
1657 3529 1818 3592 ’epod
1832 3527 2065 3592 δὲτρίχες
2080 3528 2469 3590 &mar—Ouum*
2483 3526 2597 3577 ⁸503
2606 3528 2795 3593 ἔσχετο

462 3592 609 3643 mina.
637 3594 760 3646 Erat
775 3594 1384 3659 igimrvestishaeccrassa,
1395 3596 1591 3657 χλαῒνα,
1658 3591 1817 3656 pavit:
1852 3593 1912 3641 cf.
1940 3592 2081 3642 Iliad.
2105 3612 2155 3652 ω,
2180 3596 2276 3641 358
2298 3608 2369 3655 sq.

464 3658 621 3722 ipsius
647 3657 856 3708 Didonis
877 3660 1103 3709 manibus
1125 3668 1272 3707 texta.
1723 3660 1995 3705 281—283.
2032 3657 2233 3721 Egregii
2248 3672 2418 3705 versus
2431 3671 2597 3707 rerum
2624 3658 2789 3707 varie—

529 3724 641 3781 265,
688 3724 797 3772 266.
850 3726 1050 3773 Invadit.
1126 3723 1366 3772 Habitum
1409 3722 1591 3771 futurae
1656 3730 1757 3770 tate
1779 3731 1830 3770 et
1851 3723 2109 3771 verborum
2128 3722 2323 3770 dilectu.
2376 3724 2484 3769 Heu
2506 3725 2621 3783 quid
2637 3728 2795 3785 agat?

464 3786 699 3836 orationis
737 3787 966 3835 ostendit.
1024 3790 1148 3836 Serv.
1202 3786 1378 3836 Malim
1425 3796 1588 3835 tamen
1654 3795 1712 3834 ut
1732 3786 1799 3845 ix,
1826 3788 1935 3844 399,
1961 3795 2012 3834 et
2032 3786 2092 3834 al.
2130 3789 2319 3834 Ambit-e
2348 3800 2463 3833 cum
2485 3784 2671 3835 dilectu
2699 3802 2795 3851 pro

461 3851 739 3965 lajempliiptro
756 3854 1029 3963 αςςνῦἀίειξν
1045 3854 1489 3962 du:tn,dlallloqutzn13:23t
1499 3852 1587 3899 ha·
1656 3848 1804 3899 adire.
1864 3852 1990 3898 Hor.
2014 3849 2033 3897 i
2056 3850 2150 3899 Od.
2188 3852 2266 3909 35,
2292 3850 2338 3907 6,
2366 3850 2432 3898 Te
2446 3866 2627 3913 pauper
2642 3855 2793 3899 mabit

524 3931 578 3964 re
643 3932 670 3963 c
693 3930 790 3965 um.
894 3932 1050 3963 ror-ms
1062 3930 1174 3963 cum
1261 3930 1315 3963 ec
1440 3932 1466 3962 c
1491 3930 1589 3973 um,
1648 3931 1800 3976 prece.

464 3980 524 4028 ad
547 3979 758 4029 Didonis
781 3978 1048 4028 arbitrium.
1723 3980 1833 4037 285,
1864 3978 1975 4025 286.
2010 3980 2196 4027 Dividit
2226 3978 2469 4027 efficacius
2498 3994 2649 4042 quam
2674 3994 2787 4028 ver-

529 4046 638 4094 269.
688 4046 887 4106 Torquet
913 4042 1202 4106 exquisitius
1235 4058 1378 4105 quam
1409 4051 1589 4100 movet,
1656 4042 1730 4102 tit,
1743 4042 2095 4101 versagvolvit,
2107 4043 2459 4100 utv,701,702.
2487 4043 2789 4092 Duohiver-

463 4108 756 4157 moderatur.
819 4108 900 4156 sic
937 4108 1022 4164 xii,
1052 4109 1158 4164 180,
1189 4110 1365 4155 Cuncta
1401 4114 1478 4155 tuo
1511 4111 1593 4169 qui
1657 4122 1741 4155 sus
1754 4107 1878 4155 forte
1898 4122 1963 4156 ex
1980 4106 2064 4154 lib.
2082 4107 2183 4165 viii,
2205 4108 2283 4165 20,
2299 4108 2358 4155 21
2381 4106 2520 4165 illati,
2534 4107 2621 4156 ubi
2642 4123 2791 4172 repe-

466 4174 583 4219 bella
593 4180 730 4233 pater
737 4176 821 4220 rub
834 4176 1014 4221 nuntiae
1025 4180 1216 4234 torques,
1227 4170 1371 4246 regis.
1391 4174 1593 4219 Numine
1658 4180 1842 4220 tuntur.
1874 4174 2131 4234 conjectat
2146 4170 2387 4220 Heinsius
2406 4174 2553 4235 thue
2565 4172 2789 4221 Brunck.

463 4236 510 4283 h.
535 4236 567 4283 1.
593 4236 642 4283 vi
664 4251 765 4284 sua.
819 4238 950 4285 Ter-is
969 4240 1079 4294 otia,
1111 4236 1353 4299 exquisite
1383 4242 1440 4282 ut
1467 4250 1585 4283 con·
1654 4245 1915 4299 utrumque
1936 4251 2132 4285 versum
2155 4235 2333 4293 omisit,
2358 4252 2447 4285 suo
2464 4236 2701 4300 periculo.

461 4300 670 4347 sumitur
692 4299 866 4347 teritur
886 4310 1093 4364 tempus.
1719 4300 1992 4351 287—291.
2030 4301 2207 4349 Forma
2222 4300 2457 4349 orationis
2474 4310 2671 4364 poetam
2696 4302 2785 4349 de-

467 4380 472 4385 ·
525 4363 634 4414 274.
685 4364 954 4425 Surgentem
999 4364 1184 4413 mavult
1223 4364 1386 4413 dicere
1425 4372 1586 4428 poeta,
1653 4373 1745 4422 cet,
1764 4381 1869 4429 pro,
1888 4366 1981 4413 hoe
1998 4365 2237 4429 optimum
2255 4364 2386 4413 factu
2406 4364 2566 4414 visum
2585 4374 2676 4423 est,
2694 4382 2785 4413 vo-

457 4442 601 4491 quam
635 4434 950 4484 crescentem,
975 4428 1081 4485 uti,
1112 4429 1221 4485 366,
1245 4436 1588 4491 surgentemque
1653 4444 1765 4478 care
1810 4430 2373 4492 Mnestheum—eosque
2410 4431 2587 4491 jubere
2633 4444 2788 4479 naves
