3050 4934
1198 263 1540 328 LIBER
1591 266 1676 328 X.

450 410 659 482 Quod·
683 411 847 473 votis
882 400 1183 494 optastis,
1214 412 1425 489 adest,
1457 412 1862 497 perfringere
1891 415 2148 477 dextra.

274 507 409 571 280
452 510 529 573 In
560 498 854 607 manibus
886 505 1500 596 lvlars'i'pse,'vii·s.“
1518 513 1718 602 Nunc
1749 515 2046 597 conjugis
2075 524 2220 577 esto

450 598 754 696 Quisque*
760 603 920 676 'stili
931 603 1229 697 'tectique
1239 602 1558 691 ‘meni-513?
1571 607 1753 677 'nunc
1781 635 2014 697 magna
2046 613 2288 677 referto

450 710 653 775 Facta
679 722 960 796 patrum,
992 712 1243 777 laudes·
1322 713 1517 778 Ultro
1548 736 1961 779 occurramus
1991 715 2078 778 ad
2106 714 2370 789 undam,

452 812 633 875 Dum
660 814 899 896 trepidi
928 816 1307 898 egressique
1335 814 1560 877 labant
1590 815 1862 897 vestigia
1890 816 2117 897 prima.

251 934 325 977 s.-
453 911 799 1009 Audentes
830 913 1123 1010 Fortuna
1143 916 1352 997 juvat.

897 996 926 1003 ⁸—
965 996 1072 1012 *X
1113 1003 1181 1013 ---·

1272 981 1408 993 ...n-...-
1427 980 1448 987 .-

282 1012 411 1077 285
455 1013 622 1078 Haec
653 1011 777 1091 ait,
795 1008 868 1078 'et
897 1036 1118 1079 secum
1149 1024 1388 1091 versat,
1420 1036 1586 1097 quos
1619 1015 1861 1080 ducere
1893 1026 2142 1093 contra,

457 1114 586 1179 Vel
616 1117 853 1200 quibus
884 1117 1191 1179 obsessos
1221 1115 1429 1198 possit
1459 1117 1854 1179 concredere
1883 1139 2125 1180 muros.

541 1216 804 1281 Interea
826 1217 1074 1281 AEneas
1104 1218 1315 1281 socios
1345 1216 1429 1279 de
1460 1218 1794 1301 puppibus
1825 1217 1972 1281 altis

456 1317 775 1382 Pontibus
804 1318 1096 1401 exponit.
1173 1315 1373 1380 Multi
1404 1338 1666 1381 servare
1696 1338 2002 1382 recursus

458 1417 863 1501 Languentis
892 1416 1131 1501 pelagi,
1164 1428 1231 1481 et
1256 1418 1564 1481 brevibus
1597 1440 1666 1481 se
1697 1419 1967 1483 credere
1999 1418 2200 1495 saltu;

284 1518 415 1581 290
460 1519 589 1583 Per
618 1539 831 1583 remos
861 1517 987 1581 alii.
1066 1517 1456 1601 Speculatus
1487 1518 1706 1583 littora
1734 1518 2024 1596 Tarch0,

454 1620 608 1692 Qua
637 1620 803 1683 vada
833 1641 964 1683 non
996 1620 1266 1703 spirant,
1296 1640 1415 1684 nec
1444 1618 1653 1683 fracta
1679 1632 2111 1685 remurmurat
2139 1622 2338 1697 unda,

455 1720 587 1784 Sed
618 1741 795 1784 mare
822 1718 1213 1783 inoffensum
1240 1721 1558 1784 crescenti
1587 1718 1890 1784 allabitur
1921 1732 2120 1799 aestu3

462 1818 768 1886 Advertit
797 1821 1015 1884 subito
1040 1842 1295 1904 prorae,
1328 1822 1668 1905 sociosque
1701 1832 2036 1905 precatur:

458 1920 677 1998 Nunc,
705 1943 745 1984 o
772 1919 941 1985 lecta
968 1943 1219 1997 manus,
1252 1920 1481 1986 validis
1510 1923 1862 1987 incumbite
1893 1924 2117 2000 remis;

282 2022 416 2085 295
459 2020 725 2097 Tollite,
756 2020 923 2084 ferte
952 2032 1161 2099 rates;
1207 2022 1525 2087 inimicam
1552 2024 1782 2087 findite
1812 2025 2041 2089 rostris

457 2123 651 2186 Hanc
679 2131 943 2198 terram,
978 2121 1353 2207 sulcumque
1386 2125 1509 2188 sibi
1537 2136 1792 2208 premat
1819 2126 1964 2210 ipsa
1991 2111 2228 2189 carina.

457 2224 790 2308 Frangere
820 2246 941 2288 nec
971 2224 1082 2288 tali
1110 2227 1381 2309 puppim
1412 2228 1690 2291 statione
1719 2248 1984 2304 recuso;

456 2324 745 2409 Arrepta
775 2324 1003 2390 tellure
1037 2325 1255 2389 semel.
1334 2328 1507 2400 Quae
1535 2327 1688 2391 talia
1715 2339 2063 2413 postquam

455 2424 718 2490 Effatus
748 2424 1047 2503 Tarch03
1100 2428 1257 2491 socii
1286 2448 1681 2511 consurgere
1713 2430 1941 2504 tonsis,
2113 2444 2120 2449 ·

284 2528 415 2591 300
460 2527 983 2611 Spumantesque
1014 2536 1189 2589 rates
1220 2528 1389 2591 arvis
1420 2528 1662 2593 inferre
1694 2528 1977 2609 Latinis;

461 2628 695 2691 Donec
728 2638 941 2690 rostra
968 2636 1193 2689 tenent
1224 2628 1484 2704 siccum,
1518 2638 1586 2691 et
1617 2629 1846 2692 sedere
1877 2630 2112 2692 carinae

418 2748 425 2761 ·
458 2728 707 2793 Omnes
738 2731 1054 2792 innocuae.
1133 2728 1269 2791 Sed
1297 2751 1427 2792 non
1456 2730 1700 2812 puppis
1731 2740 1866 2805 tua,
1899 2729 2188 2794 Tarcho.

456 2829 787 2914 Namque,
820 2827 1063 2892 inflicta
1093 2829 1299 2905 vadiS,
1330 2828 1529 2893 dorso
1561 2830 1716 2893 dum
1746 2831 1992 2914 pendet
2019 2832 2263 2913 iniqu0,

352 3003 462 3055 279.
508 3002 817 3065 Persi-ingere,
851 3016 999 3065 grave
1035 3003 1252 3060 verbum,
1287 3018 1412 3066 pug-

290 3084 408 3117 nare
435 3068 669 3125 cominus,
704 3082 817 3115 cum
850 3066 1007 3114 adhuc
1036 3075 1195 3115 castra
1225 3082 1412 3131 oppug-

1481 3006 1591 3051 221.
1636 3004 1683 3051 N
1687 3020 1750 3052 on
1773 3012 1936 3052 autem
1959 3004 2122 3052 animo
2139 3002 2496 3063 dimittendum,
2520 3006 2600 3071 agi

1479 3069 1584 3116 haec
1616 3068 1669 3116 in
1701 3068 1841 3117 ostiis
1869 3068 2075 3126 Tiberis,
2109 3068 2192 3117 ubi
2225 3082 2358 3117 mare
2379 3084 2488 3119 neae
2518 3070 2596 3119 in·-

296 3140 522 3181 nassent:
558 3130 756 3179 ductum
780 3132 843 3179 ab
874 3146 946 3188 eo,
971 3130 1099 3192 quod
1126 3128 1415 3192 pedi-ingere
1480 3132 1576 3180 fert
1607 3132 1904 3194 aliquantum
1933 3131 2137 3191 flumini,
2171 3135 2527 3196 tiit-batumque,
2550 3144 2601 3183 et

293 3201 453 3253 actem,
478 3210 807 3259 perrumpere,
830 3202 1105 3257 pugnantes
1126 3193 1369 3242 dicuntur.

352 3260 627 3308 280-282,
660 3262 717 3306 In
736 3263 943 3306 mnibus
960 3261 1091 3305 Mars
1109 3262 1219 3319 ipse.
1265 3258 1312 3305 N
1316 3272 1411 3305 unc

288 3340 368 3373 res
386 3324 447 3373 ad
466 3323 729 3372 discrimen
748 3322 966 3371 adducta.
1004 3321 1259 3384 Pugnandi
1285 3331 1407 3369 tem·

288 3404 396 3453 pus,
420 3388 550 3450 quod
571 3387 788 3451 optastis,
812 3387 977 3442 adest3
1012 3390 1061 3434 ἐπ
1083 3402 1219 3433 manu

290 3451 540 3517 pugnandi
574 3450 911 3515 opportunitas
935 3460 1022 3499 est.
1070 3450 1256 3511 ‚Adhuc
1280 3449 1412 3497 enim

285 3515 586 3581 oppugnatio
606 3524 875 3563 castrorum
895 3514 1021 3563 facta
1044 3523 1161 3572 erat,
1185 3530 1285 3561 non
1307 3514 1409 3561 acie

288 3589 573 3646 pugnatum.
634 3576 822 3641 Referte
856 3578 1033 3636 animo,
1068 3593 1255 3626 memor
1290 3587 1408 3635 esto,

286 3645 419 3707 quod
452 3644 595 3692 modo
628 3642 890 3708 precessit.
947 3646 1145 3701 Laudes,
1181 3644 1411 3706 praeclara

288 3710 429 3757 facta.

354 3772 642 3821 288—290.
695 3774 892 3819 Ponaees:
942 3770 1029 3819 τὰς
1068 3768 1321 3833 ἐπιβάθρας
1360 3780 1413 3817 et

288 3834 560 3899 ἀποβάθρας
581 3836 779 3884 navium
802 3834 941 3883 dixit.
987 3838 1177 3883 Servare
1200 3851 1410 3883 recursus

292 3903 575 3964 Languentis
602 3904 775 3975 pelagi.
848 3900 925 3947 De
962 3898 1155 3947 refluxu
1191 3899 1405 3962 recipro-

286 3964 443 4014 cantis
460 3964 607 4013 maris
630 3964 783 4027 accipi
808 3963 998 4026 nequit3
1024 3978 1138 4011 nam
1157 3979 1269 4011 eum
1292 3978 1405 4027 pro-

288 4028 416 4077 fecto
452 4044 583 4076 nunc
628 4044 727 4077 non
763 4037 1109 4092 expectarunt:
1162 4027 1251 4075 sed
1294 4037 1410 4075 sunt

290 4096 387 4141 loca
418 4096 587 4142 vadosa
616 4092 811 4149 littoris,
836 4106 935 4153 non
959 4093 1176 4155 abrupta,
1201 4092 1288 4139 sed
1320 4090 1405 4140 de-

286 4156 446 4214 clivia,
466 4157 518 4205 in
540 4158 717 4219 quibus
738 4156 973 4205 deliciunt
994 4155 1197 4203 extremi
1216 4155 1405 4203 fluctus.

290 4224 521 4279 accurrit,
559 4222 725 4279 currit,
774 4220 1027 4284 procurrit,
1075 4220 1197 4267 adeo
1236 4220 1410 4268 fluctus

286 4300 377 4350 per
416 4300 647 4349 magnum
688 4300 849 4333 arenoe
892 4283 1131 4348 spatiumz
1174 4283 1217 4332 is
1257 4283 1407 4341 locus,

289 4350 371 4412 qui
406 4349 511 4397 fere
544 4350 594 4397 in
628 4349 839 4398 sinuosis
872 4349 1091 4396 littorum
1125 4347 1281 4411 plagis
1304 4362 1411 4395 esse

1478 3206 1628 3243 vento
1649 3196 1854 3245 adverso
1875 3197 2092 3261 spirante
2113 3196 2352 3254 adactum,
2383 3200 2603 3248 retundit

1476 3260 1658 3308 flumen
1684 3260 1899 3319 veniens,
1925 3271 1976 3309 et
1993 3262 2124 3309 intra
2145 3262 2270 3309 ostia
2290 3261 2388 3315 late
2409 3263 2592 3311 immit-

1478 3324 1611 3371 titur.
1657 3326 1752 3371 Per
1773 3340 1915 3371 remos
1935 3328 2047 3372 alii:
2071 3325 2429 3383 assumendum,
2454 3338 2598 3375 terre

1476 3402 1529 3435 se
1561 3387 1760 3436 credere
1792 3388 1932 3445 saltu,
1958 3388 2104 3436 remis
2125 3404 2216 3451 pro
2242 3389 2400 3437 contis
2432 3389 2596 3439 littore

1476 3451 1657 3509 infixis,
1682 3452 1857 3513 quibus
1879 3452 1984 3500 nixi
2006 3454 2058 3500 in
2080 3452 2218 3500 littus
2239 3452 2512 3517 prosiliunt.

1541 3517 1650 3572 291,
1684 3516 1792 3563 292.
1833 3520 1936 3568 Qua
1970 3519 2089 3564 vada
2123 3532 2208 3563 nou
2243 3520 2438 3577 spiram,
2472 3532 2596 3579 aqua

1475 3595 1575 3628 non
1597 3588 1783 3637 metuat,
1805 3579 1964 3628 nullos
1985 3579 2160 3627 fluctus
2182 3589 2359 3637 movet,
2381 3580 2596 3644 adeoque

1475 3644 1688 3707 scopulis
1712 3658 1810 3691 non
1836 3644 2052 3692 alliditur
2075 3654 2159 3691 aut
2190 3643 2398 3691 latentes
2419 3660 2594 3709 scopu-

1472 3708 1546 3756 los
1569 3708 1741 3771 arguit.
1803 3710 2034 3755 crescenti
2056 3716 2184 3763 ωιτη,
2209 3708 2376 3771 accipe
2397 3709 2458 3755 de
2479 3724 2593 3773 pro·

1473 3772 1652 3821 volutis
1673 3772 1818 3820 latius
1839 3772 1988 3819 maris
2005 3770 2244 3827 fluctibus,
2265 3772 2348 3833 qui
2371 3772 2414 3819 si
2436 3772 2596 3821 locum

1472 3836 1650 3885 littoris
1683 3836 1816 3884 molli
1853 3836 1980 3885 clivo
2019 3845 2355 3898 assurgentem
2393 3850 2594 3900 accepe-

1472 3900 1587 3958 rint,
1627 3916 1688 3948 eo
1727 3900 1976 3965 explicant
2015 3915 2070 3947 se
2103 3910 2156 3947 et
2192 3899 2290 3947 late
2331 3900 2594 3957 exundant,

1474 3965 1690 4027 adeoque
1725 3981 1924 4012 crescere
1959 3962 2114 4011 videri
2157 3970 2388 4027 possunt:
2437 3972 2598 4011 atam

1474 4039 1636 4077 autem
1658 4044 1748 4091 pro
1767 4027 1930 4085 fluctu,
1955 4037 2012 4076 ut
2029 4036 2190 4103 poeta,
2215 4027 2353 4075 dixit.

1541 4094 1648 4142 295.
1690 4096 1868 4151 Tollite,
1889 4091 2096 4140 attollite
2115 4106 2278 4139 remos
2295 4099 2438 4154 putaz
2450 4088 2595 4151 ferte,

1474 4157 1725 4221 impellite,
1759 4158 1890 4220 agite
1923 4170 2126 4210 navem3
2161 4169 2278 4202 mox
2304 4170 2347 4201 v.
2375 4156 2484 4213 300,
2519 4160 2594 4203 in-

1462 4220 1596 4283 ferre
1619 4221 1786 4269 littori.

1542 4287 1811 4332 301—303.
1848 4288 2025 4331 Siccam
2046 4282 2109 4329 de
2138 4280 2315 4338 littore,
2341 4290 2396 4329 ut
2417 4283 2537 4331 Geo.
2561 4284 2598 4343 i,

1478 4350 1587 4405 368,
1613 4350 1670 4396 In
1692 4352 1810 4396 sicco
1835 4350 2002 4395 ludunt
2022 4346 2187 4409 sulieae
2203 4364 2220 4399 ,-
2255 4354 2308 4393 et
2329 4346 2592 4407 Homerus,

289 4414 429 4471 solet,
474 4423 550 4463 est
582 4430 793 4462 recursus
826 4416 984 4476 pelagi
1025 4415 1285 4476 languentis
1300 4430 1315 4459 .-
1364 4420 1416 4459 et
1478 4415 1629 4475 ξηρὸν,
1663 4428 1754 4477 pro
1789 4410 1980 4475 χέρσον,
2019 4411 2193 4475 Odyss-
2227 4428 2265 4469 ε,
2287 4412 2399 4459 402.
2456 4413 2596 4460 Inno-

293 4478 465 4525 eadem
500 4488 616 4527 nunt
652 4481 837 4527 ὑηνία.-
882 4478 941 4525 cf.
979 4492 1086 4540 sup.
1127 4476 1160 4533 i,
1204 4477 1319 4531 1113
1368 4492 1411 4531 v,

1478 4494 1589 4536 σιω,
1615 4476 1803 4534 illaesae3
1839 4477 2044 4541 passive.
2103 4478 2250 4525 Dono
2271 4479 2426 4537 iniquo
2439 4493 2456 4523 .-
2487 4476 2598 4523 dor-
