3050 4934
492 237 622 301 488

1408 235 1942 302 AENEIDOS

668 388 889 452 Sensit
919 386 1069 451 laeta
1097 385 1263 450 dolis
1292 398 1362 451 et
1390 387 1614 451 formae
1644 387 1906 452 conscia
1935 385 2200 470 conjux.

667 489 844 553 Tum
872 499 1063 572 pater
1090 499 1339 553 aeterno
1366 489 1544 552 fatur
1572 489 1912 552 devinctus
1943 507 2198 550 amore:

492 594 625 658 395
671 593 855 666 Quid
884 615 1117 658 causas
1147 593 1318 676 petis
1348 615 1435 656 ex
1462 591 1639 656 alto?
1685 590 1930 654 fiducia
1957 591 2156 654 cessit

668 694 824 767 Quo
852 695 994 771 tibi,
1026 694 1198 770 diva,
1230 694 1400 757 mei?
1446 692 1684 756 Similis
1710 693 1764 756 si
1793 713 1952 756 cura
1981 689 2237 765 fuisset,

664 796 841 860 Tum
869 817 1131 879 quoque
1162 795 1263 858 fas
1292 795 1481 858 nobis
1512 794 1812 858 Teucros
1843 813 2095 856 armare
2127 791 2394 867 fuisset3

666 896 814 961 Nec
844 907 1035 981 pater
1065 898 1473 980 omnipotens
1503 895 1800 980 Trojam,
1831 915 1952 958 nec
1981 893 2118 957 fata
2145 893 2455 957 vetabant

666 998 881 1074 Stare,
912 999 1271 1081 decemque
1302 996 1461 1061 alios
1494 996 1826 1060 Priamum
1855 1016 2204 1079 superesse
2235 1015 2358 1078 per
2385 1015 2617 1058 annos.

490 1100 621 1164 400
666 1099 761 1163 Et
790 1121 984 1176 nunc,
1020 1101 1075 1162 si
1104 1098 1347 1164 bellare
1376 1120 1596 1182 patae,
1629 1109 1826 1181 atque
1853 1095 2000 1160 haec
2027 1097 2148 1160 tibi
2175 1117 2359 1179 mens
2387 1106 2530 1172 est;

665 1201 1012 1285 Quidquid
1034 1201 1101 1264 in
1130 1211 1271 1264 arte
1300 1221 1447 1263 mea
1472 1221 1744 1283 possum
1773 1196 2155 1282 promittere
2185 1218 2386 1272 curae,

666 1302 870 1375 Quod
898 1301 1043 1366 fieri
1072 1301 1249 1366 ferro
1276 1300 1606 1385 liquidove
1635 1309 1857 1383 potest
1885 1297 2152 1374 electro,

665 1402 1003 1475 Quantum
1032 1403 1217 1486 ignes
1246 1403 1607 1485 animaeque
1638 1398 1854 1464 valent
1867 1405 1894 1478 ';
1939 1399 2186 1463 absiste
2215 1400 2548 1483 precando

666 1502 939 1567 Viribus
967 1503 1337 1567 indubitare
1370 1503 1523 1566 tuis.

1603 1501 1708 1565 Ea
1733 1502 1934 1564 verba
1959 1498 2222 1565 locutus

491 1605 622 1668 405
668 1605 957 1688 Optatos
988 1605 1173 1668 dedit
1202 1602 1565 1687 amplexus,
1579 1601 2052 1686 placidumque
2079 1601 2311 1686 petivit

663 1704 979 1788 Conjugis
1002 1703 1257 1768 infusus
1286 1704 1534 1788 gremio
1562 1725 1684 1787 per
1713 1703 2004 1767 membra
2035 1723 2360 1786 soporem.

750 1806 937 1883 Inde,
969 1806 1083 1871 ubi
1112 1806 1323 1889 prima
1352 1805 1538 1889 quies
1567 1805 1786 1869 medio
1805 1805 1944 1888 jam
1971 1804 2180 1868 noctis
2196 1799 2462 1868 aBactae

664 1906 1005 1973 Curriculo
1034 1906 1381 1992 expulerat
1411 1928 1708 1971 somnum
1731 1931 1748 1984 ;
1793 1929 1994 1990 quum
2023 1905 2260 1969 femina
2284 1907 2582 1990 primum,

664 2010 787 2074 Cui
818 2008 1099 2074 tolerare
1129 2008 1273 2073 colo
1302 2009 1498 2072 vitam
1526 2009 1837 2091 tenuique
1868 2006 2169 2070 Minerva

486 2110 621 2173 410
665 2110 1069 2193 Impositum,
1099 2111 1381 2173 cinerem
1410 2119 1479 2174 et
1506 2110 1758 2192 sopitos
1789 2108 2060 2172 suscitat
2089 2109 2299 2192 ignes,

660 2211 947 2275 Noctem
974 2201 1225 2275 addens
1254 2211 1477 2295 operi3
1522 2209 1928 2294 famulasque
1957 2211 2044 2274 ad
2074 2209 2314 2274 lumina
2342 2206 2541 2293 longo

664 2313 955 2377 Exercet
985 2334 1231 2396 penso:
1276 2321 1529 2376 castum
1559 2321 1634 2375 ut
1665 2331 1926 2376 servare
1953 2309 2168 2375 cubile

663 2414 1007 2498 Conjugis,
1038 2424 1107 2477 et
1134 2413 1345 2498 possit
1371 2435 1610 2496 parvos
1641 2412 1924 2476 educere
1951 2421 2178 2476 natos:

668 2515 873 2580 Haud
906 2537 1097 2580 secus
1128 2516 1501 2599 ignipotens
1531 2535 1652 2578 nec
1681 2522 1978 2596 tempore
2011 2513 2272 2597 segnior
2299 2511 2409 2577 illo

482 2618 615 2681 415
660 2615 975 2681 Mollibus
1006 2639 1045 2680 e
1076 2617 1297 2681 stratis
1329 2638 1532 2701 opera
1561 2615 1649 2680 ad
1677 2614 1934 2679 fabrilia
1965 2615 2194 2698 surgit.

480 2862 575 2912 sed
610 2861 679 2911 sic
716 2877 847 2926 soepe
884 2859 1068 2972 goetae)
1104 2859 1256 2907 dixit:
1294 2875 1353 2907 ea
1378 2857 1615 2920 percurrit

482 2931 673 2984 nimbos,
699 2928 854 2974 nubes
920 2940 1064 2973 enses
1097 2933 1149 2971 et
1180 2933 1323 2981 atras,
1351 2926 1517 2972 lumine
1537 2941 1610 2972 co-

392 3009 407 3022 ·
482 3007 633 3039 0*ch-

554 3051 827 3102 393—397.
862 3054 998 3100 Laeta
1033 3053 1164 3109 dolis,
1200 3061 1277 3099 est
1312 3065 1430 3098 sane
1470 3053 1611 3100 δολο-

1681 2859 1814 2908 tione
1851 2859 2042 2934 argenti
2083 2875 2203 2908 auro
2241 2858 2473 2920 admixta,
2494 2861 2624 2925 quod
2659 2863 2802 2912 etiam

1679 2933 1785 2972 arte
1820 2923 1938 2987 fingi
1961 2933 2152 2988 potest:
2189 2924 2286 2972 vid.
2330 2925 2455 2974 Plin.
2497 2927 2670 2986 111111111,
2693 2931 2739 2985 4,
2761 2944 2799 2976 s.

1682 2989 1758 3036 23.
1825 2990 1964 3050 Ignes
2013 2992 2266 3050 animaeque
2280 3007 2297 3036 .-
2340 2999 2517 3040 ventus
2555 2989 2673 3040 flatu
2715 3008 2802 3042 suo

1681 3051 1926 3100 flammam
1949 3051 2086 3100 alens
2115 3067 2423 3116 augensque:
2459 3059 2639 3114 mima,
2661 3060 2799 3119 epira·-

480 3115 765 3180 φρονέουσα,
793 3115 932 3164 Iliad.
956 3119 995 3176 ξ,
1022 3115 1131 3172 829,
1167 3115 1253 3162 sed
1288 3124 1472 3173 ornate,
1505 3115 1619 3164 laeta
1683 3123 1758 3164 ιω
1780 3115 2076 3178 quosabriles
2095 3115 2404 3180 inflarifosses
2423 3121 2582 3168 solent.
2635 3121 2772 3170 Serv.

482 3195 719 3230 successu
740 3179 843 3228 doli
864 3188 915 3227 et
938 3177 1122 3227 fraudis
1144 3195 1258 3228 suae.
1318 3182 1491 3227 Forma
1508 3197 1614 3227 eon·-

482 3249 599 3303 cct‘a,
621 3244 841 3293 sentiens
862 3259 1008 3306 quam
1031 3243 1131 3292 vim
1169 3243 1326 3292 forma
1356 3243 1420 3292 ad
1452 3243 1618 3292 mariti

480 3309 706 3358 animum
750 3323 881 3356 nunc
923 3309 1113 3357 habeat.
1192 3311 1386 3356 AEterno
1429 3325 1608 3363 amore,-

482 3373 736 3438 potentius
750 3374 953 3422 verbum
966 3388 1125 3434 quam,
1152 3373 1364 3435 antiquo,
1382 3371 1607 3436 pristino.

486 3441 618 3491 Quid
638 3454 802 3486 causae
817 3433 839 3485 .·‘
867 3436 987 3498 quid
1022 3444 1119 3484 nm
1153 3436 1297 3499 longe
1320 3436 1503 3501 repetis
1526 3451 1606 3485 ar-

480 3511 731 3566 gumenta,
754 3501 931 3564 quibus
966 3516 1045 3550 me
1080 3503 1309 3551 moveas?
1369 3504 1548 3550 Similis
1567 3505 1610 3549 εἰ

480 3565 807 3628 cun-afuisset.-
840 3565 883 3614 si
900 3565 995 3614 tale
1008 3564 1125 3628 quid
1146 3565 1233 3615 tibi
1252 3565 1386 3614 cordi
1408 3565 1606 3622 suisset:

481 3631 523 3680 si
548 3631 813 3680 voluisses:
850 3630 999 3678 etiam
1019 3639 1124 3678 tum
1146 3630 1253 3678 fieri
1276 3630 1529 3694 potuisset,
1555 3638 1612 3678 ut

479 3695 701 3754 Teucris,
720 3696 769 3744 11.
794 3694 969 3743 AEneae
993 3695 1069 3742 vel
1104 3694 1285 3752 Paridi,
1309 3710 1446 3743 arma
1465 3710 1607 3759 para-

482 3775 604 3809 rem.

546 3825 657 3882 398,
693 3824 803 3872 399.
840 3822 1040 3870 Scilicet
1076 3823 1175 3870 fata
1214 3822 1463 3872 immutari
1507 3839 1610 3872 11011

478 3897 699 3952 possunt,
737 3885 921 3935 differri
963 3895 1195 3950 possunt:
1242 3885 1340 3936 vid.
1374 3903 1481 3951 sup.
1524 3887 1608 3947 vii,

542 4016 818 4066 401—-404,
858 4017 1096 4076 Quidquid
1126 4031 1264 4072 σανα,
1299 4031 1475 4078 opere,
1492 4033 1602 4078 pos-

474 4098 578 4130 m
628 4083 1209 4142 promittere—mamque
1263 4083 1442 4128 vukrut.-
1498 4081 1601 4129 scil.

478 4145 727 4210 promitto.
802 4145 947 4193 Latet
986 4144 1079 4193 hoc
1119 4143 1283 4207 ipsum
1327 4143 1381 4191 iu
1429 4143 1602 4203 verbis,

472 4213 649 4258 absiste
666 4212 897 4271 precando
922 4209 1109 4258 Viribus
1131 4211 1397 4256 indubitare
1418 4212 1525 4266 tuis,
1551 4217 1608 4256 ut

479 4274 572 4322 hoc
606 4289 697 4337 pro
728 4273 929 4336 epodosi
964 4273 1044 4322 sit.
1102 4273 1357 4322 Electrum
1393 4273 1603 4322 Homeri

476 4336 706 4400 exemplo
738 4336 914 4410 Odyss.
940 4339 982 4396 δ,
1008 4337 1071 4387 72
1092 4338 1235 4386 docte
1263 4337 1453 4402 posuit:
1491 4351 1598 4386 tan-

478 4416 624 4464 quam
642 4399 932 4463 exquisitius
949 4402 1133 4450 metalli
1146 4417 1319 4464 genua,
1334 4413 1469 4452 certa
1483 4418 1597 4466 por-

1746 3181 1859 3238 405,
1905 3181 2016 3228 406.
2067 3183 2238 3240 Fundi,
2283 3179 2532 3244 κεχύσθαι,
2577 3185 2804 3234 dicuntur

1661 3245 1769 3371 ,ΣΞ
1801 3245 2121 3309 procubuere,
2156 3247 2338 3307 jacent,
2378 3249 2642 3298 recubant:
2679 3265 2724 3298 v.
2759 3266 2800 3298 c.

1757 3312 1768 3324 ’
1807 3326 1894 3371 per
1933 3313 2133 3358 herbam
2212 3310 2374 3374 Igitur
2415 3311 2597 3374 ndum
2629 3318 2804 3377 granio

1673 3374 1882 3437 conjugis
1917 3374 2170 3424 Vulcanus
2201 3378 2372 3436 petivit
2405 3393 2622 3438 soporen-
2676 3379 2804 3427 Tum

1669 3441 2370 3550 ffiggffietggporemm
2382 3445 2598 3500 mm,
2611 3441 2699 3504 ‘¹¹²³
2713 3457 2803 3507 μ’

1739 3565 2015 3616 407—414.
2051 3565 2290 3616 Praeclare
2313 3576 2486 3618 oruata
2507 3579 2558 3618 et
2573 3569 2636 3618 ad
2653 3569 2802 3620 mise-

1675 3629 1918 3678 rationem
1937 3631 2208 3694 eomposita
2227 3633 2540 3696 comparatio.
2591 3637 2686 3682 Ubi
2695 3639 2802 3697 pri—

1675 3711 1750 3743 ma
1768 3698 2202 3757 quien—expulerat
2217 3713 2443 3744 mnam.-
2479 3701 2510 3724 ‘⁴
2527 3697 2630 3756 ubi,
2646 3714 2677 3747 a
2695 3699 2802 3763 pri-

1673 3775 1756 3808 ma
1775 3759 1940 3822 quiete
1957 3759 2196 3823 evigilans
2213 3761 2344 3810 circa
2359 3760 2572 3811 mediam
2591 3773 2802 3821 noctem,

1672 3823 1831 3873 sensit
1851 3839 2046 3873 omnem
2081 3823 2262 3874 iterum
2297 3825 2689 3876 obdormiscendi
2709 3844 2799 3876 cu·

1673 3888 1932 3952 piditatem
1949 3889 2231 3953 expulsam:
2264 3889 2492 3940 alacriter
2506 3907 2535 3940 e
2554 3893 2720 3941 stratis
2735 3891 2800 3942 ad

1673 3969 1798 4016 opus
1819 3952 2024 4016 surgit.”
2054 3955 2216 4002 Bam.
2273 3953 2444 4018 Surgit
2465 3955 2716 4006 Vulcanus
2737 3971 2802 4006 eo

1671 4029 1904 4080 tempore,
1923 4033 2020 4080 quo
2033 4017 2230 4066 lanifica
2245 4033 2435 4082 pauper
2450 4019 2513 4068 ad
2533 4019 2796 4070 lucubran-

1669 4081 1787 4130 dum
1803 4081 1973 4144 surgit.
2019 4085 2250 4144 Team'qne
2267 4085 2497 4140 Minerva,
2515 4083 2566 4133 h.
2585 4085 2800 4134 lanificio

1670 4145 1876 4196 tenuem
1907 4146 2088 4194 victum
2129 4148 2392 4220 praebente.
2459 4151 2526 4196 Ut
2555 4154 2716 4211 possit,
2743 4151 2795 4198 11.

1671 4219 1727 4258 111
1741 4211 1919 4260 habeat
1947 4211 2078 4259 unde
2101 4220 2237 4260 vivat
2255 4211 2462 4260 honeste
2479 4212 2590 4276 ipsa
2605 4224 2658 4262 et
2677 4214 2798 4271 nuti,

1667 4285 1858 4322 servata
1903 4275 2142 4324 maritalis
2188 4275 2283 4324 tori
2363 4276 2582 4326 udicitia.
2649 4281 2801 4327 Hand

1665 4355 1794 4387 secus
1811 4358 1827 4386 .-
1860 4339 1947 4388 illo
1969 4349 2070 4389 tem
2135 4356 2204 4398 re,
2227 4339 2328 4390 hau
2387 4357 2530 4391 secus
2561 4357 2652 4392 nec
2681 4358 2794 4406 seg·

1667 4403 1790 4461 nior,
1813 4404 1972 4467 surgit
1993 4406 2039 4456 V
2093 4419 2260 4454 canus.
