3050 4934
496 272 636 337 614-

1387 220 1913 335 AENEmos

667 422 754 486 Se
788 423 1029 506 signari
1060 419 1296 499 oculis3
1344 420 1516 486 ultro
1544 419 1964 506 implacabilis
1992 420 2203 497 ardet,

666 520 1056 607 Attollitque
1086 524 1353 587 animos.
1431 521 1792 586 Poenorum
1821 520 2029 605 qualis
2061 521 2127 584 in
2155 522 2350 598 arvis,

582 624 623 685 5
668 622 941 688 Saucius
970 623 1075 689 ille
1106 626 1288 708 gravi
1319 634 1666 688 venantum
1695 622 1960 688 vulnere
1989 634 2244 707 pectus,

664 722 840 788 Tum
871 725 1131 789 demum
1158 735 1373 790 movet
1400 747 1579 789 arma
1605 724 1733 802 le0,
1762 724 2139 808 gaudetque
2170 735 2500 789 comantes

666 825 1028 890 Excutiens
1060 827 1308 891 cervice
1334 836 1544 909 torOS,
1575 825 1908 909 fixumque
1938 824 2206 889 latronis

665 926 1040 1011 Impavidus
1072 927 1313 1011 frangit
1344 926 1565 1003 telum,
1598 938 1666 991 et
1696 926 1912 991 fremit
1941 949 2054 990 ore
2085 936 2394 990 cruento:
2457 928 2465 938 “

665 1029 873 1094 Haud
904 1051 1092 1093 secus
1124 1049 1399 1093 accenso
1428 1027 1643 1113 gliscit
1672 1026 1974 1093 violentia
2000 1027 2250 1092 Turno·

544 1132 623 1194 10
666 1120 841 1195 Tum
872 1130 963 1194 sic
992 1128 1231 1194 affatur
1258 1152 1500 1213 regem,
1533 1140 1729 1213 atque
1759 1130 1849 1193 ita
1881 1130 2182 1193 turbidus
2212 1127 2389 1193 infit:

664 1230 871 1296 Nulla
898 1253 1078 1295 mora
1106 1233 1173 1295 in
1204 1230 1471 1308 Turn03
1519 1230 1679 1294 nihil
1708 1241 1811 1294 est
1839 1230 2016 1314 quod
2049 1230 2226 1295 dicta
2254 1239 2612 1295 retractent

668 1334 894 1417 Ignavi
930 1332 1280 1409 AEneadae;
1326 1354 1471 1409 nec,
1502 1354 1651 1416 quae
1679 1333 2015 1416 pepigere,
2047 1343 2370 1396 recusent.

668 1434 1095 1519 Congredior.
1173 1431 1304 1498 Fer
1336 1456 1544 1510 sacra,
1575 1443 1785 1517 pater,
1817 1444 1886 1497 et
1913 1434 2184 1517 concipe
2217 1432 2459 1497 foedus.

667 1533 809 1599 Aut
838 1534 961 1599 hac
986 1535 1397 1599 Dardanium
1423 1536 1659 1599 dextra
1687 1535 1810 1599 sub
1841 1534 2125 1598 Tartara
2151 1535 2419 1610 mittam,

545 1638 623 1701 15
667 1635 1095 1701 Desertorem
1124 1634 1307 1700 Asiae
1338 1636 1637 1719 (sedeant
1668 1646 2094 1721 spectentque
2130 1636 2394 1717 Latini),

667 1738 761 1804 Et
793 1737 968 1803 solus
998 1738 1173 1803 ferro
1202 1737 1441 1802 crimen
1474 1760 1808 1803 commune
1842 1737 2166 1816 refellam3

665 1838 808 1905 Aut
835 1840 1077 1904 habeat
1105 1840 1333 1915 victos„
1367 1840 1562 1904 cedat
1591 1838 1863 1903 Lavinia
1894 1840 2153 1923 conjux.

753 1940 887 2006 Olli
919 1942 1148 2007 sedato
1178 1941 1520 2027 respondit
1548 1942 1745 2005 corde
1781 1939 2092 2003 Latinus:

669 2044 734 2108 Ο
764 2054 1085 2127 praestans
1118 2044 1311 2107 animi
1330 2042 1614 2127 juveniS,
1647 2052 1958 2126 quantum
1989 2041 2130 2125 ipse
2163 2040 2364 2105 feroci

536 2146 623 2209 20
668 2144 932 2209 Virtute
963 2166 1345 2227 exsuperaS,
1378 2153 1561 2207 tanto
1589 2165 1690 2207 me
1719 2142 2071 2227 impensius
2104 2165 2359 2227 aequum
2389 2154 2490 2207 est

493 2327 676 2391 gulare.
755 2323 975 2373 Foederis
1024 2323 1331 2373 conditiones
1384 2334 1524 2373 erant
1569 2334 1626 2374 ut

495 2390 696 2454 Trojani
728 2390 781 2438 in
816 2388 960 2437 Latio
1001 2389 1142 2437 sedes
1174 2398 1333 2438 certas
1365 2389 1621 2454 accipiant.

496 2456 603 2505 Nec
628 2464 793 2504 tamen
814 2454 906 2502 hoc
930 2452 1116 2502 exitum
1134 2454 1295 2513 habet,
1318 2455 1510 2503 turbato
1534 2454 1620 2503 fce—

494 2520 625 2569 dere.
695 2518 776 2567 Ita
809 2534 935 2567 nova
966 2534 1131 2567 rerum
1166 2518 1421 2567 conversio
1460 2518 1620 2567 exori-

495 2594 590 2634 tur.
673 2583 913 2633 Increscit
954 2592 1122 2631 nostra
1176 2582 1465 2639 sollicitudo,
1510 2598 1623 2631 cum

496 2650 708 2699 AEneam
767 2648 1087 2705 vulneratum,
1144 2662 1297 2709 eoque
1350 2662 1412 2694 ex
1458 2662 1624 2710 pugna

494 2714 733 2762 subducto
770 2713 995 2761 Turnum
1029 2711 1271 2769 audacter,
1312 2710 1355 2759 si
1392 2726 1622 2773 unquam,

495 2792 550 2827 se
576 2780 843 2840 ,iactantem
866 2776 1100 2824 videmus.
1160 2776 1345 2823 Praeter
1366 2792 1391 2824 s
1427 2791 1507 2823 em
1531 2776 1620 2822 AE-

495 2856 615 2891 neas
647 2851 846 2891 sanatus
878 2839 932 2888 in
964 2855 1179 2903 pugnam
1211 2840 1370 2888 redux
1504 2855 1622 2887 num

496 2906 558 2953 ad
596 2921 811 2969 pugnam
842 2903 1077 2979 deposcit.
1136 2904 1235 2951 Sed
1267 2912 1317 2951 et
1348 2904 1473 2951 hanc
1506 2919 1620 2952 nos-

496 2977 623 3017 tram
668 2976 1057 3032 expectationem
1105 2967 1354 3031 intercipit
1398 2968 1429 3015 J
1432 2977 1624 3016 uturnae

494 3032 641 3081 stans.
700 3033 781 3081 Ad
819 3031 993 3080 ultima
1028 3040 1333 3095 perventum,
1379 3046 1491 3080 cum
1528 3032 1620 3079 ΛΕ-

495 3111 613 3144 neas
658 3095 722 3144 ad
762 3098 935 3144 urbem
980 3095 1251 3145 exercitum
1292 3095 1441 3155 ducit,
1486 3112 1618 3145 eam-

495 3175 589 3223 que
612 3175 894 3224 oppugnare
916 3158 1182 3208 constituit.
1242 3160 1471 3209 Procedit
1491 3176 1622 3209 nunc

494 3224 695 3273 Turnus
717 3224 769 3273 in
791 3241 825 3289 p
928 3238 1021 3283 am,
1046 3233 1097 3273 et
1127 3224 1286 3273 victus
1307 3224 1620 3273 interimitur.

498 3288 561 3337 In
582 3288 661 3337 his
684 3289 837 3338 multa
892 3304 1059 3338 eorum
1080 3288 1361 3338 interventu
1382 3289 1621 3349 incidunt,

494 3354 671 3416 quibus
692 3353 898 3419 erigitur
922 3353 1115 3403 animus
1138 3370 1193 3403 ac
1220 3354 1436 3403 novitate
1458 3354 1618 3403 delec-

498 3427 643 3468 tatur.

568 3484 609 3530 1.
662 3480 905 3544 lusi-actos.
981 3483 1285 3531 Monuerunt
1328 3498 1457 3531 nunc
1502 3483 1622 3531 satis

497 3546 639 3596 multi
662 3546 907 3610 imi-actum
932 3562 1038 3596 esse
1060 3547 1200 3596 valde
1222 3546 1456 3595 fractum:
1494 3551 1544 3595 in
1569 3546 1620 3595 in

496 3612 573 3661 his
608 3612 755 3661 habet
775 3612 876 3660 vim
900 3614 1183 3661 Graecorum
1220 3630 1253 3660 α
1278 3611 1538 3668 intensivi;
1577 3612 1620 3661 si

494 3676 640 3725 modo
672 3686 933 3739 utrumque
964 3676 1191 3735 intendit,
1229 3692 1319 3725 nec
1352 3676 1531 3740 potius,
1565 3686 1622 3725 ut

495 3755 625 3803 saepe
650 3740 719 3798 flt,
744 3741 954 3790 otiosum
976 3750 1115 3790 vacat
1138 3751 1188 3790 et
1208 3759 1239 3790 a
1262 3751 1312 3789 et
1333 3746 1397 3789 in.

562 3806 606 3863 2,
643 3806 687 3851 3.
736 3808 833 3853 Sua
868 3823 987 3853 nunc
1020 3809 1246 3867 promissa
1258 3824 1277 3859 ,-
1326 3805 1387 3853 de
1420 3804 1622 3853 meliore

494 3884 741 3918 armorum
763 3884 1004 3929 successu,
1030 3880 1081 3918 et
1101 3870 1163 3918 de
1184 3884 1349 3935 pugna
1370 3885 1484 3918 cum
1512 3868 1623 3934 ipso

496 3933 659 3983 .AEnea
692 3931 921 3993 ineunda,
956 3933 1052 3981 vid.
1097 3934 1163 3991 xi,
1196 3935 1291 3981 436
1328 3950 1429 3997 sqq.
1468 3933 1619 3997 posci,

494 4013 557 4045 ex
652 3996 757 4056 tari,
782 4007 839 4046 ut
858 3998 921 4047 iis
942 3997 1220 4047 satisfaciat.
1280 3996 1446 4053 'Uitr-0,-
1474 3996 1623 4046 nullis

492 4061 555 4110 ad
590 4078 651 4111 uc
664 4062 856 4127 probris
872 4071 923 4111 et
934 4062 1169 4112 conviciis
1180 4078 1211 4111 a
1222 4078 1319 4125 quo
1354 4062 1450 4111 iam
1464 4061 1618 4111 factis.

562 4129 596 4174 4
618 4142 719 4191 sqq.
756 4126 929 4176 Sumta
960 4126 1258 4192 comparatio
1288 4142 1317 4174 a
1381 4126 1618 4185 Homero,

500 4190 639 4239 Iliad.
679 4210 716 4251 ε,
761 4193 851 4239 136
880 4208 988 4255 sqq.
1015 4211 1055 4251 υ,
1085 4193 1178 4239 164
1210 4206 1314 4254 sqq.
1350 4206 1457 4253 quae
1492 4189 1622 4239 inter

494 4254 891 4317 splendidissima
913 4256 1120 4305 Homeri
1142 4256 1250 4305 loca
1270 4266 1397 4305 sunt.
1452 4255 1521 4303 Ut
1541 4255 1622 4304 leo

494 4317 697 4367 vulnere
742 4330 941 4384 accepto
984 4320 1137 4369 multo
1177 4320 1332 4384 magis
1375 4319 1507 4379 furit,
1550 4319 1620 4369 sic

495 4382 694 4430 Turnus
738 4382 941 4433 adverso
986 4400 1149 4433 rerum
1193 4402 1421 4435 successu
1466 4384 1621 4447 magis

494 4445 643 4493 etiam
666 4460 811 4507 quam
834 4456 944 4495 ante
978 4448 1228 4497 irascitur:
1266 4451 1355 4497 hoc
1380 4450 1509 4497 enim
1547 4460 1621 4497 cst

1689 2328 1864 2374 attollit
1897 2329 2084 2385 animos,
2125 2336 2170 2374 et
2206 2328 2366 2390 gliscit
2401 2328 2620 2375 violentia
2665 2330 2823 2375 Turno

1689 2407 1886 2440 accenso.

1755 2456 1799 2511 6,
1843 2454 1886 2505 7.
1940 2458 2095 2504 Movet
2134 2473 2278 2513 arma,
2321 2472 2349 2504 a
2393 2456 2609 2503 virorum
2651 2472 2820 2521 pugna

1689 2518 1924 2583 petitum3
1967 2519 2089 2567 nihil
2130 2520 2366 2583 amplius;
2410 2518 2473 2568 ati
2510 2534 2732 2584 pugnam
2766 2537 2820 2568 se

1688 2592 1854 2646 parat:
1891 2583 1949 2632 cf.
1975 2584 2095 2631 Geo.
2121 2584 2190 2641 iii,
2217 2586 2326 2631 236.
2387 2586 2583 2641 Gaudet,
2615 2584 2821 2647 gravius

1689 2662 1846 2710 quam,
1871 2648 2021 2695 solet:
2057 2646 2212 2695 voluit
2243 2651 2466 2706 exultare,
2491 2650 2706 2711 γαυριᾷν,
2729 2664 2816 2696 ex·-

1687 2712 1914 2776 primere,
1935 2712 2064 2774 quod
2083 2711 2163 2761 hie
2185 2711 2486 2762 alacritatem
2508 2711 2662 2760 animi
2685 2713 2816 2761 indi-

1688 2788 1768 2825 cat
1789 2786 1839 2824 et
1860 2776 2102 2825 ferociam.
2153 2779 2406 2839 Rerumque
2429 2794 2494 2825 sc.
2519 2776 2571 2824 in
2597 2776 2817 2833 munere,

1687 2850 1938 2905 receptum
1971 2857 2187 2917 corpore.
2257 2843 2476 2889 Latronis
2507 2842 2555 2888 h.
2591 2840 2622 2887 l.
2663 2857 2815 2889 vem-

1688 2904 1822 2961 toris,
1847 2905 1930 2967 qui
1965 2922 2026 2954 ex
2059 2906 2251 2955 insidiis
2274 2922 2386 2954 eum
2613 2920 2676 2954 us
2709 2916 2788 2953 est
2801 2925 2814 2952 τ

1689 2968 1934 3027 translate,
1973 2972 2034 3018 ab
2069 2970 2132 3019 iis
2170 2971 2253 3033 qui
2287 2970 2392 3019 vias
2423 2968 2652 3019 obsident
2685 2986 2812 3033 pre-

1687 3032 1837 3080 dandi
1859 3048 2019 3082 causa.

1756 3098 1959 3146 11-13,
1997 3098 2200 3162 Repetit
2221 3100 2418 3147 Turnus
2439 3114 2548 3161 quae
2573 3099 2680 3160 jam
2707 3114 2816 3162 sup.

1685 3159 1754 3219 xi,
1779 3162 1876 3209 434
1898 3178 1966 3225 sq.
1996 3162 2140 3221 dicta,
2164 3163 2281 3211 dum
2303 3178 2356 3211 se
2378 3178 2556 3227 pugnae
2577 3162 2818 3225 singulari

1687 3241 1799 3274 cum
1834 3226 1992 3275 AEnea
2025 3228 2280 3276 obtulerat.
2343 3226 2569 3289 Respicit
2600 3242 2711 3290 sup.
2747 3226 2818 3285 xi,

1692 3292 1784 3338 115
1817 3305 1886 3354 sq.
1913 3292 2087 3340 AEneae
2119 3293 2267 3340 verba
2295 3290 2356 3339 ad
2388 3291 2574 3353 legatos
2607 3290 2814 3339 Latino-

1687 3370 1812 3413 rum,
1855 3355 1942 3403 sed
1977 3354 2030 3415 in
2069 3354 2304 3405 invidiam
2343 3355 2518 3403 AEneae
2563 3354 2815 3403 translata.

1687 3421 1974 3477 Retractent,
1998 3428 2240 3477 revocent,
2265 3428 2519 3469 recantent
2538 3419 2820 3467 recedendo

1687 3485 1748 3531 ab
1788 3484 1850 3532 iis
1891 3484 1952 3531 de
1992 3484 2167 3546 quibus
2199 3486 2302 3546 ,iam
2342 3492 2636 3532 conventum
2683 3494 2816 3539 erat3

1687 3562 1800 3595 nam
1843 3547 2065 3609 sequitur
2106 3556 2328 3597 recusent.
2411 3550 2605 3609 Concipe
2635 3547 2817 3609 soedus,

1687 3611 1850 3661 verbis
1871 3611 2134 3675 conceptis.

1755 3676 1974 3727 15—17.
2033 3678 2322 3725 Desertorem
2363 3680 2508 3734 Ασίαν,
2552 3675 2815 3733 invidiose,

1687 3740 1823 3804 quasi
1847 3740 2173 3803 transfugamz
2209 3757 2358 3805 supra
2387 3740 2471 3798 vii,
2503 3743 2614 3799 359,
2637 3744 2820 3789 exsules

1692 3808 1886 3854 Teucros
1907 3804 2097 3854 dixerat
2119 3807 2311 3854 Amata.
2366 3807 2565 3853 Sedeant
2585 3814 2818 3867 spectent-

1686 3887 1771 3932 que
1810 3872 1988 3927 Latini,
2029 3870 2091 3917 ad
2135 3869 2380 3932 ignaviam
2424 3870 2820 3933 exprobrandam

1686 3934 2113 3982 accommodatum.
2171 3937 2354 3983 Crimen
2380 3950 2622 3991 commune,
2645 3934 2816 3983 crimi-

1687 3998 1934 4046 nationem
1969 3997 2127 4047 Turni
2159 4000 2220 4047 ab
2253 3998 2479 4046 omnibus
2511 3996 2690 4045 factam
2730 3998 2818 4060 (cf.

1686 4078 1791 4125 sup.
1817 4062 1885 4120 xi,
1910 4064 2004 4110 215
2027 4062 2158 4125 sqq.)
2191 4062 2383 4111 abolere
2415 4062 2536 4111 vult.
2593 4063 2700 4110 Aut
2733 4062 2820 4110 ille

1685 4126 1852 4175 vincat
1871 4142 1977 4175 me:
2013 4130 2167 4186 victos,
2192 4126 2375 4175 victum
2399 4142 2492 4175 me.

1755 4192 1814 4239 18
1851 4207 1953 4255 sqq.
2007 4192 2254 4241 Decorum
2288 4190 2461 4248 aetatis,
2497 4190 2557 4238 τὸ
2593 4188 2725 4247 ἦθος,
2765 4190 2820 4239 in

1687 4254 1854 4304 Latini
1885 4272 2123 4315 sermone,
2157 4257 2250 4305 hoc
2283 4264 2370 4314 est,
2405 4253 2682 4319 prudentia,
2709 4270 2818 4303 mo-

1688 4319 1888 4379 deratio,
1913 4330 1965 4369 et
1985 4321 2173 4379 lenitas,
2197 4321 2250 4369 in
2273 4320 2440 4369 oculos
2461 4320 2739 4368 incurrunt.

1757 4387 1830 4434 19.
1872 4389 2103 4437 Quantum
2123 4389 2234 4447 ipse,
2263 4394 2458 4434 ornate:
2486 4400 2581 4447 quo
2603 4382 2821 4433 ferocior

1687 4460 1740 4498 tu
1765 4467 1831 4507 es,
1858 4466 1917 4498 co
1938 4450 2092 4514 magis
2113 4458 2496 4499 consentaneum
2519 4458 2596 4497 est
2618 4456 2712 4496 etc.
