3050 4934
461 240 590 302 232

1351 234 1879 300 AENEIDOS

634 388 950 451 Maxuma
979 398 1276 452 natarum
1305 384 1568 462 Priami,
1602 385 1897 468 colloque
1926 384 2159 448 monile

459 492 588 555 655
632 491 1010 567 Baccatum,
1041 502 1109 555 et
1137 487 1462 573 duplicem
1490 490 1757 572 gemmis
1788 510 2077 571 auroque
2108 508 2433 551 coronam.

633 593 800 658 Haec
831 592 1145 668 celeranS,
1177 593 1302 655 iter
1332 591 1417 654 ad
1446 598 1645 652 naves
1676 590 1991 653 tendebat
2020 585 2335 652 Achates.

718 692 814 757 At
844 692 1172 776 Cytherea
1200 714 1400 755 novas
1431 701 1632 766 arte8‚
1665 711 1832 753 nova
1860 700 2127 773 pectore
2154 698 2371 753 versat

633 794 952 859 Consilia:
1001 805 1075 857 ut
1103 793 1332 857 faciem
1361 801 1647 855 mutatus
1678 802 1746 854 et
1774 812 1891 853 ora
1920 790 2181 874 Cupido

633 896 767 960 Pro
798 895 972 959 dulci
999 893 1286 958 Ascanio
1313 893 1553 968 veniat,
1587 892 1905 974 donisque
1934 890 2257 954 furentem

461 998 592 1062 660
633 997 953 1061 Incendat
981 997 1292 1079 reginam,
1323 1006 1518 1078 atque
1551 993 1809 1056 ossibus
1840 991 2123 1078 implicet
2149 992 2385 1075 ignem.

635 1100 902 1182 Quippe
934 1098 1194 1162 domum
1223 1098 1403 1160 timet
1432 1095 1800 1177 ambiguam
1828 1092 2198 1177 Tyriosque
2228 1091 2585 1175 bilingues:

638 1200 791 1264 Urit
819 1210 1011 1263 atrox
1040 1198 1240 1275 Jun0‚
1271 1208 1340 1261 et
1371 1197 1494 1259 sub
1524 1205 1780 1258 noctem
1808 1215 1965 1257 cura
1994 1204 2308 1256 recursat.

637 1302 821 1385 Ergo
849 1301 953 1363 his
985 1300 1297 1383 aligerum
1329 1299 1518 1361 dictis
1550 1296 1789 1359 affatur
1819 1292 2164 1359 Amorem:

633 1402 836 1479 Nate,
869 1424 1030 1466 meae
1061 1403 1253 1477 vireS,
1283 1421 1427 1462 mea
1456 1419 1690 1481 magna
1720 1398 2035 1479 potentia,
2068 1394 2270 1471 solus,

462 1505 591 1569 665
635 1504 833 1577 Nate,
867 1504 1070 1588 patris
1103 1502 1330 1566 summi
1359 1501 1472 1583 qui
1500 1498 1629 1562 tela
1662 1497 1969 1581 Typhoia
1999 1499 2264 1573 temnis3

636 1603 750 1669 Ad
781 1616 846 1668 te
877 1600 1204 1686 confugiO,
1235 1612 1302 1665 et
1333 1598 1613 1685 supplex
1645 1610 1759 1662 tua
1788 1598 2049 1660 numina
2074 1618 2297 1681 posco.

634 1705 867 1770 Frater
894 1716 967 1768 ut
997 1704 1250 1768 AEneas
1281 1702 1515 1787 pelago
1548 1711 1700 1764 tuus
1731 1700 1941 1763 omnia
1972 1698 2215 1761 circum
2254 1732 2261 1741 ·

637 1806 895 1872 Littora
915 1806 1224 1891 jactetur,
1257 1804 1422 1867 odiis
1453 1801 1733 1865 «Iunonis
1764 1800 2025 1883 iniquae,

635 1907 818 1971 Nota
847 1908 999 1983 tibi;
1045 1918 1112 1970 et
1141 1916 1366 1970 nostro
1396 1901 1661 1967 doluisti
1694 1922 1869 1985 saepe
1900 1899 2147 1963 dolore.

461 2008 592 2072 670
636 2008 835 2073 Hunc
867 2006 1215 2073 Phoenissa
1244 2014 1423 2069 tenet
1455 2003 1660 2078 Dido,
1693 2002 2078 2084 blandisque
2108 2010 2399 2065 moratur

636 2108 966 2185 Vocibus3
1014 2119 1081 2172 et
1109 2128 1360 2183 vereor,
1393 2127 1524 2190 quo
1558 2126 1628 2167 se
1659 2103 1945 2166 «Iunonia
1974 2112 2231 2165 vertant

637 2208 981 2293 Hospitia:
1028 2207 1205 2271 haud
1238 2218 1420 2271 tanto
1449 2205 1734 2269 cessabit
1764 2203 2027 2267 cardine
2058 2224 2295 2267 rerum.

637 2310 965 2382 Quocirca
994 2328 1230 2392 capere
1261 2318 1412 2371 ante
1441 2305 1608 2370 dolis
1640 2316 1707 2369 et
1737 2305 1997 2389 cingere
2026 2303 2284 2367 flamma

528 2478 637 2525 655.
667 2476 908 2525 Coronam
929 2473 1150 2536 intelligo
1165 2471 1346 2546 duplici
1366 2470 1585 2529 materia,

462 2542 510 2591 h.
535 2557 578 2589 e.
603 2539 840 2597 diadema,
865 2554 978 2587 nam
999 2537 1062 2585 de
1083 2552 1142 2584 eo
1170 2546 1344 2599 agitur,
1367 2549 1585 2593 aureum,

523 2606 666 2652 mmis
700 2603 997 2660 distinctum,
1031 2617 1126 2664 quo
1157 2600 1210 2648 in
1242 2599 1585 2657 monumentis,

461 2668 687 2732 inprimis
717 2668 966 2723 Italorum,
990 2680 1119 2729 saepe
1150 2665 1268 2713 deas
1293 2672 1488 2711 ornatas
1511 2663 1584 2709 vi-

461 2734 591 2781 deas.
643 2730 784 2781 ovid.
813 2732 934 2778 Met.
959 2728 1063 2787 xiii,
1084 2729 1192 2786 704,
1213 2732 1344 2776 Dant
1359 2736 1585 2789 pateram,

461 2800 633 2844 claram
667 2812 720 2843 ue
738 2812 850 2843 aare
862 2797 1135 2857 gemmisque
1151 2809 1368 2840 coronam.
1411 2792 1586 2853 Neque

463 2860 604 2907 aliter
663 2859 827 2915 ictum,
858 2874 1004 2921 quam
1037 2857 1098 2905 ad
1127 2856 1323 2919 Virgilii
1351 2855 1583 2903 imitatio·

464 2940 574 2972 nem
618 2923 885 2986 (sententia
925 2932 1086 2970 tamen
1129 2934 1191 2967 ex
1234 2921 1453 2967 Homero
1497 2934 1583 2967 ex-

461 3004 629 3051 pressa
653 2987 790 3035 Iliad.
817 3004 868 3047 χ.
894 2985 1004 3041 470,
1029 2983 1150 3043 471)
1175 2983 1305 3047 apud
1325 2984 1486 3031 Valet.
1511 2984 1584 3030 Fl.

461 3052 562 3109 viii,
589 3054 698 3108 285,
723 3050 806 3098 ubi
829 3050 1000 3097 Venus
1023 3048 1253 3095 Medeam
1276 3057 1429 3095 ornat.

525 3115 620 3165 657
635 3130 735 3177 sqq.
763 3113 960 3161 Scilicet
982 3113 1167 3166 Venus,
1187 3111 1287 3158 filio
1307 3126 1396 3159 suo
1415 3110 1589 3158 AEneae

460 3178 652 3235 timens,
673 3193 736 3225 ne
751 3176 962 3225 «lunonis
983 3175 1151 3223 fraude
1171 3174 1379 3223 Didonis
1400 3190 1456 3223 ac
1475 3176 1585 3223 Poe-

459 3256 633 3290 norum
659 3241 880 3289 voluntas
901 3248 1130 3297 mutetur,
1158 3238 1402 3287 Didonem
1425 3254 1589 3297 amore

461 3308 566 3367 ejus
587 3300 895 3379 ‚inflammati
923 3304 1096 3378 eodem
1129 3312 1261 3351 metu
1293 3303 1504 3367 impulsa
1536 3302 1588 3350 in

461 3377 952 3489 ῃυέἑῗῗέἕᾶιῗοῗῖε
960 3366 1438 3493 Ἑξεῗῖεέιιοζίῗιςᾚίεἰ
1466 3430 1589 3478 dure

459 3498 718 3547 admodum
738 3496 884 3545 dicas.
938 3494 1121 3544 Melius
1148 3504 1204 3544 ut
1223 3498 1352 3543 donis
1373 3498 1587 3543 incendat

460 3565 664 3625 reginam
672 3560 920 3623 sur-entem,
945 3570 1002 3609 ut
1021 3575 1184 3608 amore
1207 3559 1348 3607 furat.
1399 3562 1588 3607 ossibus

459 3630 662 3687 implicet
693 3630 856 3688 ignem,
892 3624 1207 3687 exquisitiore
1239 3624 1408 3681 forma,
1441 3638 1587 3685 quam

460 3708 560 3739 oua
603 3693 802 3751 implicet
835 3693 949 3752 igni,
985 3689 1031 3736 h.
1067 3705 1108 3735 e.
1145 3688 1266 3751 ipsis
1303 3687 1494 3735 ossibus
1532 3704 1587 3735 ac

460 3754 700 3811 medullis,
721 3763 778 3802 ut
793 3754 853 3801 de
877 3768 1040 3801 amore
1063 3752 1193 3814 loqui
1212 3767 1317 3799 mos
1339 3762 1428 3809 est,
1447 3750 1584 3798 flam-

460 3832 565 3867 mas
587 3818 784 3875 inserat,
809 3816 1054 3873 immittat,
1077 3816 1306 3863 insinuet.

525 3883 636 3939 661,
654 3882 762 3929 662.
788 3882 980 3928 Domum
996 3883 1256 3942 ambiguam
1269 3898 1286 3926 .·
1310 3882 1484 3927 domm
1496 3893 1587 3942 pro

459 3946 626 4011 stirpe,
651 3954 796 4009 gente
821 3943 1030 3992 Didonis
1059 3943 1258 3999 dictum,
1284 3952 1334 3991 et
1364 3942 1424 3991 ad
1453 3943 1585 3991 frau-

460 4010 714 4059 dulentum
736 4006 1066 4073 Pygmalionis
1093 4006 1346 4071 ingenium
1369 4006 1586 4083 respicit.

461 4075 616 4123 Recte
643 4074 868 4136 ‚iungitur
899 4072 1054 4137 ipsius
1087 4072 1209 4119 adeo
1245 4071 1412 4135 populi
1447 4086 1585 4133 mge-

459 4137 610 4194 nium,
635 4140 882 4199 Tyriosque
906 4140 1131 4199 bilingues
1154 4135 1323 4183 eodem
1347 4148 1508 4193 sensu,
1534 4136 1581 4183 h.

459 4216 502 4247 e.
527 4201 736 4248 fallaces.
795 4204 901 4249 Urit
923 4200 1100 4249 infesta
1120 4202 1254 4257 Iuno,
1273 4198 1504 4262 cogitatio
1523 4198 1585 4246 de

459 4264 671 4313 «lunonis
691 4264 744 4312 in
769 4264 978 4313 AEneam
1005 4263 1129 4312 odiis
1161 4277 1211 4311 et
1231 4263 1446 4312 consiliis
1478 4278 1585 4311 eam

458 4327 654 4375 cruciat.
726 4331 819 4375 Sub
855 4337 1024 4377 noctem
1041 4348 1056 4375 :
1103 4338 1351 4376 narratum
1393 4326 1454 4376 de
1495 4326 1587 4375 dea

459 4390 724 4439 secundum
763 4392 1028 4440 humanum
1067 4408 1267 4451 morem,
1309 4408 1405 4453 quo
1445 4400 1587 4440 nocte

1652 2470 1911 2533 ingruente
1954 2485 2085 2518 curae
2128 2470 2487 2520 recrudescunt.
2570 2472 2781 2538 Vesperi

1652 2534 1755 2582 haec
1776 2544 2039 2597 geruntur:
2078 2534 2172 2583 vid.
2197 2535 2283 2583 ins.
2310 2536 2419 2586 726.

1717 2598 1988 2646 664-666,
2022 2602 2141 2646 Meae
2163 2603 2296 2657 vires,
2316 2616 2414 2647 mea
2434 2616 2600 2663 magna
2678 2608 2777 2649 ten-

1654 2666 1735 2718 tia,
1759 2662 2012 2727 splendide
2072 2678 2140 2721 ro,
2164 2678 2254 2727 per
2280 2679 2422 2725 quem
2453 2680 2544 2727 ego
2645 2680 2703 2712 eo
2730 2674 2782 2713 et

1650 2736 1827 2838 poggsss
1849 2680 2224 2841 sumiwgettiere
2248 2726 2363 2776 hinc
2393 2727 2491 2787 alii,
2516 2736 2573 2777 ut
2594 2729 2779 2841 {22:¹⁸

1814 2826 1825 2837 .
1860 2806 1910 2847 n,
2044 2826 2055 2847 ,
2114 2808 2159 2848 a,
2198 2808 2297 2839 mea
2334 2808 2507 2839 summ
2760 2812 2779 2848 ‚-

1650 2854 1775 2903 adde
1799 2855 1940 2904 ovid.
1958 2872 1990 2902 v
2014 2856 2135 2903 Met.
2162 2856 2270 2915 3365,
2290 2856 2419 2917 quod
2440 2873 2471 2904 a
2541 2810 2636 2905 'Za
2654 2857 2780 2905 forte

1652 2920 1823 2967 Graeco
1869 2918 2107 2981 Virgilius
2157 2928 2411 2967 sumserat.
2532 2930 2779 2969 ontemtus

1652 2998 1748 3045 quo
1784 2984 1938 3030 Amor
1972 2983 2111 3031 Jovis
2144 2976 2347 3031 fulmina
2384 2984 2544 3039 habet,
2582 2985 2781 3049 elegans

1652 3056 1905 3110 poetarum
1924 3056 1973 3094 et
1986 3046 2227 3095 artificum
2240 3058 2459 3096 veterum
2474 3048 2624 3107 lusus,
2640 3049 2779 3097 suavi

1654 3126 1764 3159 cum
1792 3110 2023 3158 varietate
2058 3126 2316 3175 expressus
2342 3112 2523 3175 passim
2552 3113 2776 3171 occurrit,

1656 3174 1803 3221 etiam
1834 3174 1887 3222 in
1920 3175 2139 3237 gemmis.
2210 3176 2323 3224 Tela
2354 3178 2575 3239 Typhoia,
2602 3178 2779 3240 quibus

1654 3238 1851 3301 Jupiter
1872 3254 1989 3286 usus
2008 3239 2152 3288 estin
2168 3239 2455 3303 Typboeum‚
2482 3240 2549 3291 εἰς
2564 3240 2776 3303 Τυφωέα.

1659 3304 1759 3349 Tua
1798 3306 1985 3350 numina
2015 3320 2162 3364 poteo,
2196 3313 2327 3351 tuam
2371 3319 2517 3368 opem
2548 3314 2601 3353 et
2636 3306 2776 3354 auxi-

1654 3366 1773 3477 lilum
1814 3366 1945 3428 quod
1985 3382 2075 3430 per
2108 3372 2357 3428 potentiam
2400 3378 2451 3416 et
2489 3386 2651 3418 numen
2690 3371 2777 3419 de-

1654 3446 1681 3477 c
1700 3438 1819 3477 arat.

1718 3494 1990 3545 667—670.
2020 3496 2146 3543 Nota
2164 3500 2253 3544 tibi·
2268 3505 2385 3545 sunt
2401 3498 2479 3559 (ut
2492 3498 2654 3547 Graeci
2671 3514 2777 3563 pro,

1652 3568 1822 3606 notum
1864 3558 1951 3606 tibi
1990 3558 2104 3619 est‚)
2149 3560 2553 3621 quemadmodum
2594 3563 2779 3611 AEneas

1652 3623 1813 3671 frater.
1863 3623 2047 3686 Magna
2065 3632 2231 3673 autem
2246 3641 2357 3674 cum
2376 3636 2479 3673 arte
2502 3634 2551 3673 et
2568 3640 2681 3675 cum
2700 3626 2775 3674 di—

1654 3687 1781 3735 lectu
1802 3686 1994 3749 singula
2018 3688 2251 3737 orationis
2274 3691 2489 3738 membra
2510 3700 2627 3739 sunt
2644 3690 2777 3739 effic-

1655 3760 1729 3807 ta;
1766 3760 1821 3798 ut
1844 3752 1977 3810 illud,
1988 3750 2151 3813 frater
2173 3761 2291 3801 taus.

1718 3815 1827 3871 671,
1854 3816 1913 3866 67
1919 3818 1962 3862 2.
1993 3816 2211 3865 Sollicita
2232 3826 2307 3865 est
2325 3818 2494 3867 Venus
2516 3826 2567 3865 et
2586 3817 2777 3875 metuit,

1653 3894 1717 3927 ne
1738 3879 2003 3943 hospitium
2031 3881 2121 3928 hoc
2144 3880 2319 3929 AEneae
2339 3882 2393 3930 in
2414 3882 2631 3931 sunonis
2655 3883 2779 3931 urbe

1652 3942 1714 3991 ad
1736 3947 1840 4005 ejus
1862 3944 2067 3991 exitium
2086 3955 2243 3993 vertat
2261 3944 2344 4009 (cf.
2366 3946 2429 4005 iv,
2450 3948 2513 3994 96
2532 3945 2667 4006 etc),
2682 3947 2713 3995 J
2718 3962 2776 3994 u-

1652 4008 1795 4055 nonis
1817 4007 1868 4056 in
1894 4008 2101 4057 AEneam
2126 4010 2264 4058 odiis.
2326 4013 2473 4059 Tanto
2494 4013 2681 4058 cardine
2698 4028 2774 4058 re-

1652 4088 1767 4129 rum,
1792 4072 1845 4119 in
1866 4072 2083 4131 articulo,
2102 4072 2244 4137 ἀκμῇ,
2258 4073 2310 4122 in
2330 4084 2465 4123 tanto
2485 4090 2647 4123 rerum
2670 4090 2775 4123 mo·

1649 4146 1827 4193 mento,
1849 4136 1967 4185 dum
1986 4152 2067 4185 res
2088 4152 2278 4185 summa
2300 4138 2475 4202 agitur,
2494 4154 2557 4187 an
2576 4138 2778 4201 Trojani

1650 4201 1711 4248 ab
1750 4200 1889 4248 Italia
1924 4201 2151 4265 fatalique
2192 4216 2345 4266 regno
2383 4202 2536 4251 averti
2573 4203 2776 4267 possint,

1651 4264 1747 4323 ina,
1768 4280 1834 4313 sc.
1850 4266 1880 4313 J
1884 4280 1997 4324 uno,
2013 4284 2099 4314 non
2113 4270 2321 4325 cessabit,
2332 4268 2421 4315 sed
2435 4282 2586 4315 novas
2603 4266 2775 4316 adver·

1650 4329 1960 4440 susdAEneam
1980 4330 2228 4379 machinas
2244 4332 2448 4395 parabit,
2469 4330 2645 4393 quibus
2664 4346 2777 4380 eum

1650 4408 1713 4456 pe
1771 4403 1833 4441 at.
