3050 4934
483 237 593 302 46

1325 229 1975 297 BUCOLICON

675 383 898 468 Incipe
930 380 1274 448 Maenslios
1303 401 1579 458 mecum,
1610 402 1755 444 mea
1782 380 1965 458 tibia,
1996 401 2249 445 versus.

673 485 873 550 Nunc
903 495 971 549 et
998 505 1152 548 oves
1182 482 1356 548 ultro
1385 481 1599 566 fugiat
1624 481 1857 567 lupus3
1902 503 2103 546 aurea
2132 482 2321 546 duroe

674 586 858 652 Mala
885 585 1098 650 ferant
1126 607 1446 670 quercus3
1489 585 1783 649 narcisso
1810 583 2041 649 floreat
2070 582 2295 660 alnus3

667 688 947 772 Pinguia
975 687 1324 752 corticibus
1355 686 1595 752 sudent
1624 685 1867 751 electra
1894 686 2193 770 myricam

543 793 629 854 55
673 789 947 854 Certent
975 799 1042 854 et
1071 790 1288 874 cycnis
1315 786 1549 865 ululae;
1598 788 1682 851 sit
1709 787 1983 871 Tityrus
2014 783 2371 869 Orpheus;

677 890 990 975 Orpheus
1021 891 1090 954 in
1118 889 1317 966 silvis,
1349 890 1520 953 inter
1552 887 1895 972 delphinas
1924 885 2157 951 Arion.

677 993 902 1077 Incipe
934 990 1280 1056 Maenalios
1303 1012 1581 1066 mecum,
1609 1012 1755 1054 mea
1782 990 1963 1067 tibia,
1994 1009 2244 1052 versus.

677 1093 918 1158 Omnia
945 1093 1048 1156 vel
1073 1093 1358 1157 medium
1385 1092 1551 1155 fiant
1578 1113 1777 1155 mare.
1854 1089 2097 1166 vivite,
2130 1088 2341 1152 silvae:

677 1195 986 1279 Praeceps
1017 1194 1176 1257 aerii
1205 1191 1474 1283 specula
1503 1192 1587 1254 de
1618 1191 1853 1254 montis
1882 1192 1950 1252 in
1980 1189 2193 1252 undas

545 1297 632 1361 60
677 1294 998 1373 Deferar3
1045 1305 1408 1358 extremum
1437 1292 1565 1355 hoc
1592 1312 1829 1355 munus
1858 1290 2189 1354 morientis
2222 1289 2485 1356 habeto.

671 1397 944 1474 Desine,
977 1390 1322 1458 Moenalios
1343 1393 1484 1477 jam
1511 1392 1762 1469 desine,
1794 1391 1974 1467 tibia,
2006 1413 2258 1456 versus.

761 1497 930 1562 Haec
961 1496 1257 1561 Damon:
1304 1515 1445 1572 vos,
1469 1515 1621 1578 quae
1646 1493 2063 1577 responderit
2092 1491 2591 1576 Alphesiboeus,

671 1599 914 1675 Dicite,
949 1597 1284 1673 Pierides;
1329 1617 1462 1658 non
1492 1595 1705 1659 omnia
1732 1617 2082 1679 possumus
2113 1615 2361 1658 omnes.

565 1743 582 1754 -
674 1698 898 1763 ALPH.
947 1698 1136 1763 Effer
1165 1719 1423 1782 aquam,
1455 1707 1523 1761 et
1550 1695 1725 1760 molli
1754 1697 1941 1782 cinge
1964 1696 2109 1760 haec
2138 1695 2367 1760 altaria
2394 1696 2595 1774 vitta3

539 1803 626 1866 65
672 1799 1146 1883 Verbenasque
1177 1797 1366 1863 adole
1398 1799 1675 1882 pingues
1702 1807 1771 1861 et
1798 1796 2087 1862 mascula
2117 1796 2349 1875 thura3

649 1887 988 1986 'Conjugis
1021 1913 1097 1964 ut
1125 1901 1392 1984 magicis
1421 1921 1619 1962 sanos
1648 1909 1944 1963 avertere
1970 1901 2171 1964 sacris

678 2003 1010 2088 Experiar
1039 2023 1308 2066 sensus:
1353 1999 1516 2063 nihil
1542 1999 1649 2064 hic
1678 2001 1803 2065 nisi
1832 2002 2117 2065 carmina
2144 2001 2405 2065 desunt.

679 2104 924 2168 Ducite
955 2105 1040 2168 ab
1069 2105 1234 2167 urbe
1264 2103 1553 2178 domum,
1582 2124 1727 2166 mea
1756 2103 2061 2180 carmina,
2094 2103 2313 2167 ducite
2344 2102 2682 2186 Daphnin.

677 2205 980 2269 Carmina
1009 2204 1112 2269 vel
1141 2204 1307 2269 coelo
1335 2213 1617 2287 possunt
1640 2204 1972 2268 deducere
2006 2203 2297 2282 Lunam3

504 2420 651 2466 terea,
689 2410 750 2457 ab
786 2425 846 2458 eo
877 2411 1070 2484 culpam
1103 2408 1343 2458 removeri
1372 2408 1537 2468 vellet,
1573 2407 1627 2456 in
1642 2457 1653 2466 ,

500 2474 856 2523 dubitationem
883 2474 1070 2533 incidit,
1107 2474 1178 2524 ita
1209 2483 1388 2532 tamen,
1427 2482 1484 2521 ut
1517 2482 1625 2521 tan-

501 2539 614 2586 dem
636 2539 832 2604 culpam
851 2538 1048 2602 utrique
1069 2553 1380 2587 communem
1408 2553 1514 2586 esse
1540 2537 1626 2586 de-

503 2614 686 2652 cernat.
755 2604 879 2651 Haec
922 2613 1070 2661 recte,
1115 2612 1173 2651 ut
1213 2602 1320 2660 feci,
1367 2601 1629 2650 defendere

1691 2408 1832 2458 siboei
1840 2424 2051 2464 carmen.
2064 2417 2290 2472 tanquam
2300 2408 2505 2468 doctius,
2516 2409 2835 2460 recitandum

1692 2473 1754 2521 ad
1779 2473 1951 2522 Musas
1968 2473 2133 2522 refert.
2179 2474 2391 2522 Causam
2406 2489 2497 2538 per
2508 2475 2839 2537 proverbium

1692 2537 1880 2587 reddit:
1916 2553 1969 2586 se
1988 2538 2037 2586 ei
2052 2537 2305 2586 recitando
2322 2553 2422 2587 non
2438 2553 2577 2600 aeque
2594 2555 2649 2586 ac
2668 2555 2831 2604 supe-

1692 2601 1811 2650 riori
1832 2601 2037 2650 carmini
2058 2617 2227 2666 parem
2250 2617 2384 2658 esse3
2418 2603 2535 2664 quia
2552 2620 2641 2652 non
2668 2608 2839 2654 omia

502 2683 584 2716 me
623 2683 768 2732 posse
811 2667 1046 2724 arbitron
1095 2677 1258 2716 tamen
1303 2675 1360 2714 ut
1382 2666 1628 2741 'praeclare
1686 2683 1923 2729 possumus
1944 2683 2105 2716 omes.

502 2732 634 2780 dicta
656 2731 890 2780 extollere
915 2731 1082 2780 nolim.
1154 2732 1292 2780 Inest
1317 2746 1448 2779 emm
1469 2729 1631 2792 jeJuni

504 2804 556 2843 et
587 2795 744 2859 inepti
775 2795 914 2845 lusus
941 2796 1108 2845 nescio
1134 2794 1276 2858 quid;
1317 2811 1410 2843 nec
1443 2795 1631 2844 tollitur

501 2859 639 2917 illud,
664 2859 704 2908 si
729 2869 886 2908 mater
906 2861 1077 2909 Venus
1103 2860 1180 2908 sit.
1248 2861 1486 2922 Improba:
1510 2875 1628 2908 vero

501 2923 575 2972 nil
610 2924 757 2982 aliud,
793 2940 938 2987 quam
971 2927 1182 2982 crudelis,
1221 2941 1380 2982 sam,
1421 2925 1537 2972 AEn.
1574 2924 1627 2982 ii,

505 2991 595 3044 803
631 3005 680 3047 κ,
713 2988 806 3040 727
827 3008 839 3044 3
883 2989 1013 3038 unde
1045 2989 1148 3038 fere
1177 2997 1484 3064 permutatur
1515 3004 1627 3037 cum

503 3057 688 3114 impius.
745 3053 856 3101 Etsi
889 3053 1120 3102 audacter
1149 3053 1335 3101 dictum
1366 3053 1629 3110 videbitur,

503 3117 742 3182 suspicari
773 3117 890 3166 licet
919 3119 1010 3166 hos
1041 3118 1140 3166 duo
1161 3133 1332 3166 versus
1360 3118 1438 3174 49,
1463 3119 1543 3176 50,
1566 3119 1627 3167 ab

503 3180 976 3294 “ifflssffisseffi
997 3181 1599 3294 ωψῖἓὲῗ-ἱοῗεῗὼῧ·

763 3279 776 3292 .
971 3261 1098 3294 eocr.
1132 3263 1149 3294 1
1459 3281 1472 3293 .
1586 3261 1627 3294 1·-

503 3308 574 3356 hil
595 3319 674 3357 est
693 3321 872 3373 praeter
891 3321 1116 3358 naturam
1143 3281 1326 3359 iactum
1347 3311 1476 3373 quod
1497 3327 1631 3359 nunc

501 3389 602 3422 non
625 3383 868 3438 expectes.
909 3377 1108 3437 Myr-ica
1122 3395 1140 3423 .·
1162 3375 1258 3424 vid.
1277 3375 1339 3422 ad
1359 3375 1464 3424 Ecl.
1489 3375 1555 3434 iv,
1581 3377 1623 3422 2.

501 3441 664 3486 Ama
695 3441 848 3486 mala.-
881 3439 978 3487 vid.
1003 3439 1066 3488 ad
1093 3439 1164 3497 iii,
1189 3439 1268 3490 ¹71.
1341 3443 1547 3502 Orpheus
1578 3444 1629 3487 in

501 3506 632 3551 silvis
645 3521 662 3550 .·
691 3503 740 3550 h.
767 3503 982 3567 Tityrus,
1005 3503 1142 3552 rudis
1163 3513 1324 3562 cantu,
1348 3519 1480 3552 nunc
1497 3504 1631 3552 inter

500 3567 690 3631 reliqua
719 3583 828 3631 quae
855 3577 1026 3617 contra
1057 3583 1221 3618 rerum
1241 3578 1466 3617 naturam
1487 3569 1629 3626 fient,

501 3631 598 3681 erit
618 3631 742 3682 alter
760 3633 991 3697 Orpheus
1011 3643 1062 3682 et
1083 3635 1255 3684 Arion.

565 3699 774 3746 58—60.
817 3700 1024 3746 Medium
1045 3715 1184 3748 more.
1241 3702 1448 3748 Medium
1470 3699 1624 3747 inter-

499 3761 618 3810 dum
639 3777 738 3810 non
761 3761 832 3810 int
852 3762 1053 3810 definite
1083 3764 1172 3811 sed
1200 3764 1365 3828 paullo
1394 3763 1629 3828 pinguius

499 3825 614 3883 dici,
645 3826 831 3874 dudum
865 3826 1078 3875 docuere
1109 3827 1204 3875 viri
1239 3825 1384 3875 docti.
1554 3831 1564 3840 '
1612 3861 1625 3883 ,

499 3891 658 3938 valete
681 3899 772 3939 etc.
833 3890 996 3939 Ducta
1026 3891 1130 3937 haec
1162 3906 1191 3938 e
1221 3891 1428 3940 Theocr-
1461 3889 1492 3948 i,
1534 3891 1627 3938 116

497 3956 674 4002 *lla
724 3959 952 4017 Praeoepe.
991 3953 1154 4003 Nimis
1183 3955 1362 4003 subtile
1389 3963 1478 4014 est,
1497 3954 1629 4018 quod

497 4017 744 4081 respicere
787 4020 958 4069 volunt
1001 4029 1245 4083 pastorem
1289 4019 1351 4067 ad
1402 4019 1629 4084 scopulos

500 4081 742 4141 Leucatae,
751 4083 1088 4147 promontorii,
1099 4084 1330 4160 Sapphus
1335 4086 1471 4146 jactu
1485 4082 1625 4133 nobi-

498 4145 586 4194 les.
662 4149 857 4208 Spectata
895 4165 988 4212 pro
1025 4163 1292 4206 cacumme,
1330 4163 1394 4196 ex
1437 4147 1627 4197 σκοτία.

501 4210 764 4274 Expressit
775 4221 940 4260 sutem
954 4213 1158 4263 Theocr.
1179 4213 1321 4288 ldyll.
1337 4213 1408 4272 iii,
1425 4215 1502 4260 25.
1527 4215 1631 4262 Hoc

497 4291 674 4332 manas,
689 4274 776 4322 int.
792 4291 1007 4352 carmen,
1013 4278 1142 4340 quod
1153 4278 1354 4335 cecmit3
1377 4293 1478 4326 non
1493 4293 1622 4327 mor-

499 4349 1052 4466 ωῗῗῗηωῧῗῗρὶ
1049 4352 1623 4472 23:33502531‘122

1776 2732 1855 2778 64.
1914 2731 2041 2790 Hoc,
2093 2731 2221 2794 quod
2266 2730 2499 2794 sequitur,
2546 2747 2741 2781 carmen
2800 2751 2838 2784 e

1694 2795 1899 2844 Theocr.
1925 2795 2323 2844 Pharmaceutria
2342 2796 2483 2860 Idyll.
2507 2796 2545 2844 ii
2560 2797 2831 2848 adumbra-

1694 2869 1812 2908 tum.
1882 2860 2067 2909 Mulier
2105 2860 2269 2923 eliqua
2309 2861 2529 2910 venefica
2568 2860 2839 2911 inducitur

1694 2935 1959 2974 amatorem
1980 2941 2139 2984 suum,
2164 2941 2195 2972 a
2222 2939 2275 2972 se
2306 2924 2649 2984 abalienatum,
2672 2935 2723 2974 et
2754 2943 2831 2976 ex

1692 3005 1813 3102 31¹0
1841 2989 1895 3038 in
1925 2991 2099 3038 urbem
2119 2989 2407 3054 profectum,
2435 2989 2638 3054 nug-icis
2664 2991 2827 3041 sacris

1810 3069 1865 3102 se
1918 3069 2167 3103 revocans.
2242 3053 2484 3116 Loquitur
2533 3071 2651 3104 vero
2704 3071 2827 3104 cum

1692 3118 2010 3182 Amaryllide,
2032 3133 2283 3167 sacrorum
2311 3119 2487 3167 horum
2518 3119 2827 3170 adnisum

1692 3185 1999 3248 Apparatum
2012 3183 2135 3232 sacri
2151 3183 2327 3246 magici
2339 3199 2513 3232 curare
2518 3185 2658 3246 jubet
2665 3201 2825 3234 vene-

1694 3248 1812 3296 fica:
1848 3257 2055 3305 statera,
2071 3247 2271 3298 affertur
2282 3263 2411 3310 aqua
2424 3247 2653 3307 lusu-ulis,
2674 3265 2823 3298 coro-

1696 3321 1841 3360 natur
1858 3327 1955 3371 aru,
1974 3314 2187 3361 verbena
2208 3312 2261 3360 in
2282 3327 2369 3360 ara
2386 3313 2681 3371 accenditur,
2704 3329 2829 3364 cun

1694 3377 1849 3424 thure.
1926 3380 2055 3426 Vitta
2091 3380 2226 3435 molli,
2251 3376 2367 3439 quia
2400 3377 2573 3426 lanea:
2608 3379 2825 3428 Theocr.

1696 3441 1838 3504 Idyn.
1862 3441 1914 3498 ii,
1940 3444 1985 3498 2,
2010 3441 2107 3492 οἰὸς
2128 3441 2275 3502 &bro-

1758 3505 1965 3556 65—-67,
2004 3509 2209 3554 Ver-beno
2226 3505 2373 3554 modo
2388 3504 2450 3553 de
2466 3506 2602 3554 omni
2622 3507 2779 3556 haba
2794 3523 2825 3556 e

1693 3585 1831 3618 sacro
1844 3569 1951 3618 loco
1958 3570 2127 3634 petita,
2137 3570 2281 3618 modo
2288 3570 2350 3618 de
2358 3585 2539 3633 genere
2547 3570 2713 3634 aliquo
2720 3571 2829 3621 dici

1691 3635 1899 3683 videtur.
1956 3637 2215 3684 Most-ulum
2240 3637 2346 3683 thas
2368 3637 2607 3684 vocabant
2626 3645 2830 3686 vetum

1690 3699 1930 3764 optimum
1948 3715 2005 3747 ac
2022 3699 2491 3763 praesmntissimum.
2528 3703 2822 3748 Suosoeer-

1692 3773 2021 3813 tm—senm.
2087 3765 2241 3813 Recte
2266 3764 2401 3814 Serv.
2427 3780 2458 3812 a
2475 3763 2685 3813 unitate
2706 3781 2821 3814 mu-

1691 3837 1808 3886 tare,
1841 3837 2150 3892 pervertere3
2204 3827 2531 3892 παρατρέπειν.
2600 3829 2695 3880 Est
2726 3845 2827 3894 pro

1692 3892 1896 3955 vulg-ari,
1916 3892 1969 3939 in
1992 3892 2171 3940 amoris
2194 3892 2434 3942 insaniam
2458 3903 2661 3952 vertere,
2684 3894 2822 3944 insa-

1693 3971 1811 4004 num
1828 3971 1993 4004 amore
2010 3955 2229 4005 reddere.
2287 3958 2471 4006 Puelloe
2487 3958 2673 4007 mentio
2684 3959 2827 4008 nulla

1692 4021 1764 4078 fit,
1784 4036 1815 4069 a
1831 4023 1970 4083 cujus
1988 4035 2151 4069 amore
2174 4035 2287 4069 eum
2308 4033 2529 4072 avertere
2548 4031 2601 4071 et
2614 4039 2827 4074 avocere

1691 4085 1861 4150 possit.
1912 4087 2027 4134 Sani
2038 4101 2157 4134 vero
2168 4087 2375 4135 ornandi
2388 4103 2535 4136 causa
2544 4087 2823 4150 adjectmm

1694 4149 1809 4214 quia
1850 4150 1912 4198 ad
1950 4149 2191 4200 insaniam
2236 4160 2287 4199 et
2326 4167 2541 4200 amorem
2582 4155 2825 4204 vertebat.

1698 4215 1875 4278 θοήν
1904 4215 2065 4280 simpl.
2098 4224 2297 4274 amator,
2326 4225 2383 4264 ut
2406 4231 2515 4281 sup.
2559 4219 2633 4276 18,
2669 4227 2729 4267 et
2750 4217 2827 4268 sic

1690 4281 1776 4328 Gr.
1802 4279 1932 4343 ἀνὴρ,
1957 4290 2013 4328 ut
2034 4281 2240 4330 Theocr.
2299 4284 2519 4329 Gemina
2538 4282 2601 4330 de
2628 4283 2825 4346 magica

1688 4345 1899 4394 formula
1918 4346 2097 4410 accipe.

1756 4411 1820 4458 69
1852 4425 1953 4472 sqq.
1982 4409 2059 4457 De
2090 4409 2168 4459 his
2190 4409 2491 4473 teratologiis
2516 4410 2823 4474 mugientum
