3050 4934
519 251 644 314 538

1403 249 1931 318 AENEIDOS

693 401 1028 466 Sideream
1057 403 1120 466 in
1151 405 1406 479 sedem3
1453 414 1661 466 terras
1692 401 1867 465 unde
1897 398 2143 462 arduus
2173 417 2447 472 omnes,·

689 500 1054 587 Castraque
1086 501 1543 578 Dardanidum
1574 502 1937 588 adspectat,
1966 497 2377 582 populosque
2408 495 2707 560 Latinos.

603 603 645 664 5
690 601 1057 667 Considunt
1087 605 1276 668 tectis
1303 603 1771 688 bipatentibus.
1850 599 2087 684 Incipit
2110 600 2290 683 ipse:

691 702 1017 768 Coelicolae
1045 707 1283 789 magni,
1315 705 1468 788 quia
1495 725 1647 766 nam
1678 701 1997 766 sententia
2026 700 2211 764 vobis

689 803 904 868 Versa
934 817 1131 883 retr0,
1164 816 1543 888 tantumque
1574 804 1798 868 animis
1830 801 2092 866 certatis
2124 800 2403 884 iniquis?

685 903 1066 970 Abnueram
1093 905 1266 970 bello
1298 905 1549 970 Italiam
1580 924 1965 969 concurrere
1996 901 2296 966 Teucris.

690 1006 861 1078 Quae
889 1018 1115 1070 contra
1143 1007 1412 1071 vetitum
1441 1005 1811 1070 discordia?
1857 1004 2003 1087 quis
2031 1013 2240 1067 metus
2272 1013 2386 1066 aut
2413 1001 2535 1065 hos

565 1107 644 1170 10
689 1105 829 1170 Aut
856 1106 978 1171 hos
1011 1129 1188 1171 arma
1217 1108 1423 1190 sequi,
1455 1105 1827 1190 ferrumque
1859 1104 2179 1169 lacessere
2212 1104 2457 1167 suasit?

688 1207 1013 1272 Adveniet
1031 1209 1284 1291 justum
1314 1229 1577 1292 pugnae,
1607 1228 1689 1270 ne
1721 1205 2055 1282 arcessite,
2086 1216 2365 1289 tempus,

688 1308 911 1380 Quum
939 1307 1079 1373 fera
1109 1307 1443 1393 Carthago
1474 1306 1787 1371 Romanis
1816 1307 2076 1370 arcibus
2108 1305 2255 1370 olim

688 1407 980 1472 Exitium
1008 1430 1309 1492 magnum
1339 1418 1535 1493 atque
1566 1405 1776 1491 Alpes
1808 1407 2104 1471 immittet
2131 1415 2419 1491 apertas:

684 1507 858 1572 Tum
889 1519 1140 1573 certare
1170 1510 1358 1585 odiis,
1393 1519 1531 1572 tum
1562 1529 1667 1572 res
1700 1508 1997 1591 rapuisse
2026 1505 2266 1572 licebit.

561 1610 638 1673 15
681 1609 880 1674 Nunc
912 1611 1130 1687 sinite3
1177 1620 1244 1674 et
1273 1608 1581 1694 placitum
1608 1608 1740 1672 laeti
1770 1610 2137 1692 componite
2168 1609 2407 1673 foedus.

767 1710 1032 1795 Jupiter
1059 1709 1199 1774 haec
1229 1711 1484 1794 paucis3
1532 1720 1599 1774 at
1630 1731 1759 1772 non
1793 1708 2021 1774 Venus
2052 1731 2249 1774 aurea
2278 1720 2504 1774 contra

507 1926 616 1972 tur;
642 1919 702 1964 ab
725 1927 927 1980 utraque
949 1927 1086 1982 parte
1112 1917 1310 1966 thalami
1332 1933 1420 1966 seu
1443 1917 1633 1966 minora

505 1980 730 2029 cubicula
750 1981 969 2044 singulis,
993 1981 1076 2044 qui
1109 1981 1305 2030 domum
1337 1981 1628 2039 inhabitant,

506 2053 676 2107 parata
697 2053 824 2093 sunt.
884 2046 1070 2093 Eodem
1093 2046 1238 2094 modo
1261 2045 1312 2092 in
1335 2045 1547 2110 ‚Olympo
1570 2046 1630 2094 ab

505 2108 998 2220 ffss‘t'ffiaezz‘ssat?
996 2110 1118 2227 ³⁰3¹?
1105 2124 1466 2221 ,ζ”ἐᾱῑῖἓῗέηῗ
1454 2109 1627 2221 ‹102¹ssssss

539 2244 644 2282 arte
709 2250 822 2282 uam
851 2231 1080 2302 μέγαρον),
1107 2237 1249 2294 δῶμα,
1275 2234 1431 2296 δόμον,
1457 2237 1623 2301 appel-

523 2312 607 2346 are
629 2313 684 2346 so
703 2306 753 2345 et
777 2298 1039 2356 Homerus,
1063 2309 1331 2348 conventus
1349 2316 1405 2348 ac
1428 2316 1623 2348 conses-

504 2376 588 2410 sus
643 2361 846 2410 deorum
891 2363 961 2419 fit,
1012 2364 1114 2412 sive
1159 2363 1222 2411 ad
1261 2363 1628 2413 deliberandum

503 2425 607 2474 sive
630 2427 692 2475 ad
714 2426 1024 2490 epulandum.
1081 2427 1304 2476 Eandem
1336 2428 1438 2476 fere
1463 2443 1627 2476 rerum

503 2491 716 2554 speciem
765 2491 1001 2556 Virgilius
1043 2492 1220 2540 animis
1274 2491 1484 2550 exhibet,
1532 2492 1627 2540 nisi

503 2555 631 2618 quod
653 2553 714 2603 de
737 2555 972 2604 cubiculis
993 2555 1116 2604 silet.
1167 2555 1332 2604 Potuit
1350 2565 1512 2604 autem
1536 2557 1626 2604 hoc

503 2627 640 2667 tanto
659 2619 812 2682 magis
833 2621 984 2683 sequi,
1010 2620 1201 2682 quando
1227 2621 1474 2668 Homerus
1499 2621 1623 2667 mul-

503 2682 566 2730 tis
597 2683 652 2732 in
683 2683 803 2732 locis
837 2685 1011 2732 faciem
1045 2693 1094 2732 et
1127 2685 1274 2732 situm
1309 2684 1504 2748 Olympi
1542 2699 1623 2732 va-

502 2747 659 2796 riavit.
727 2749 854 2797 Cum
891 2748 954 2796 ad
995 2757 1290 2797 conventum
1335 2748 1623 2796 admittendi

501 2820 618 2860 sunt
660 2811 744 2871 dii,
787 2815 1011 2875 panditur
1049 2815 1218 2870 domus,
1251 2812 1444 2870 atrium,
1480 2814 1621 2872 δῶμα.

500 2875 721 2924 Concilia
752 2876 953 2925 deorum
986 2876 1165 2926 similia
1196 2877 1326 2940 apud
1351 2877 1625 2925 Homerum

500 2947 762 2987 occurrunt
792 2941 946 3003 plura,
971 2956 1078 3003 quae
1101 2951 1213 2989 ante
1239 2940 1404 2988 oculos
1429 2941 1623 2990 Maroni

501 3001 650 3050 fuisse
671 3003 919 3066 probabile
944 3005 1024 3058 fitz
1060 3005 1146 3052 sed
1169 3005 1236 3053 ibi
1263 3005 1392 3052 inter
1413 3005 1622 3054 deliber-

499 3065 681 3114 andum
733 3076 870 3114 otant
889 3067 974 3124 dii,
995 3083 1058 3116 ex
1079 3069 1350 3132 priscorum
1369 3069 1623 3118 hominum

500 3144 650 3188 more,
716 3129 828 3178 liad.
855 3135 896 3188 θ,
922 3133 966 3188 2,
993 3134 1050 3178 51
1070 3151 1081 3186 ;
1120 3152 1158 3190 υ,
1184 3137 1216 3180 4
1243 3148 1345 3196 sqq.
1407 3137 1619 3195 Omnipo-

499 3197 639 3240 tentis
665 3196 847 3255 Olympi
861 3214 878 3241 .·
910 3195 1199 3244 insolentior
1217 3197 1380 3260 paullo
1414 3198 1618 3246 transla-

501 3257 570 3304 tio
591 3257 795 3320 epitheti
817 3273 847 3306 a
868 3257 963 3308 diis
980 3259 1042 3307 ad
1061 3259 1222 3324 ipsum
1242 3260 1519 3325 Olympum.

565 3323 608 3370 5.
649 3324 802 3371 Tectis
833 3327 1151 3386 bipatentibus.
1210 3325 1263 3372 Si
1297 3333 1462 3372 tectum
1487 3327 1618 3388 bipa-

497 3395 596 3434 tem
630 3386 813 3445 audias,
837 3403 926 3436 seu
951 3388 1150 3437 domum
1184 3388 1496 3452 bipatentem,
1521 3404 1620 3437 non

495 3450 638 3500 aliter
669 3451 880 3515 accipies
907 3467 1054 3516 quam
1084 3462 1141 3500 ut
1171 3452 1250 3510 sit,
1273 3453 1401 3514 quod
1433 3455 1494 3502 ab
1527 3469 1615 3502 an-

493 3515 590 3564 tica
612 3525 663 3564 et
683 3531 714 3564 a
732 3515 920 3580 postica
939 3525 1079 3581 parte
1101 3516 1286 3566 aditum
1308 3518 1468 3574 habet,
1492 3527 1615 3566 tem-

527 3579 686 3628 lorum
730 3595 880 3638 more,
931 3597 1039 3644 quae
1083 3580 1184 3629 mol
1236 3579 1619 3644 ἂμφιπρόστυλοι

491 3595 732 3693 dicuntur.
802 3644 906 3693 Alii
949 3645 1175 3708 bipatens
1216 3661 1323 3694 esse
1367 3654 1615 3708 putarunt,

492 3708 622 3770 quod
641 3709 788 3757 habet
809 3708 938 3758 fores
956 3709 1088 3759 binis
1108 3709 1264 3759 valvis
1283 3719 1491 3774 apertas.

559 3773 588 3820 6
621 3787 722 3835 sqq.
770 3772 968 3836 Jupiter
1001 3774 1222 3822 hortatur
1255 3774 1372 3821 deos
1403 3783 1460 3822 ut
1497 3790 1614 3822 con-

493 3837 736 3885 tentiones
767 3836 898 3884 inter
919 3852 972 3885 se
993 3852 1084 3902 pro
1107 3837 1331 3900 Trojanis
1354 3849 1405 3885 et
1428 3838 1618 3886 Latinis

491 3899 752 3965 deponant.
822 3900 993 3949 Oratio
1021 3901 1288 3962 majestatis
1319 3901 1478 3964 plena,
1512 3902 1619 3966 ipsa

491 3965 730 4014 brevitate
753 3973 803 4012 et
833 3964 1046 4028 antiquae
1067 3965 1300 4014 orationis
1321 3965 1509 4014 studio:
1547 3965 1617 4014 sie

488 4045 619 4077 versa
635 4037 758 4077 retro
771 4043 860 4092 pro
879 4038 1086 4085 mutata;
1111 4033 1281 4090 iniquis
1297 4045 1388 4104 pro
1405 4028 1611 4078 infestis.

555 4095 599 4140 8.
636 4094 904 4156 Nusquam,
941 4093 983 4141 si
1015 4095 1140 4142 bene
1176 4093 1499 4152 meminimus,
1523 4109 1612 4158 po-

491 4165 572 4204 eta
604 4157 1003 4206 commemoravit
1049 4157 1104 4205 in
1143 4173 1168 4206 s
1237 4156 1488 4215 erioribus,
1527 4159 1614 4205 Jo-

492 4235 602 4266 vem
634 4219 946 4269 interdixisse
969 4236 1032 4270 ne
1049 4220 1120 4269 dii
1142 4223 1202 4271 be
1222 4221 1322 4270 lum
1343 4221 1474 4270 inter
1490 4223 1613 4270 Tro-

482 4286 626 4345 janos
662 4295 713 4332 et
749 4284 950 4333 Latinos
989 4287 1225 4335 foverent.
1298 4287 1345 4334 N
1350 4301 1404 4334 ec
1439 4299 1619 4351 praeter

492 4347 738 4395 Venerem
773 4357 822 4396 et
857 4348 887 4395 J
891 4363 1104 4398 unonem
1138 4351 1220 4398 alii
1259 4350 1326 4398 dii
1367 4366 1475 4399 eam
1511 4365 1615 4399 rem

487 4425 683 4458 curasse
715 4411 956 4459 videntur.
1029 4413 1208 4462 Refero
1241 4415 1384 4472 hunc,
1423 4425 1472 4462 et
1509 4415 1613 4462 fere

1696 1913 1859 1964 om'nia
1877 1917 1983 1964 loca
2006 1915 2056 1962 in
2080 1913 2256 1976 quibus
2289 1914 2493 1962 deorum
2512 1913 2821 1963 interventus

1696 1979 1969 2043 exponitur,
2004 1979 2134 2026 inter
2166 1995 2238 2037 ea,
2267 1993 2376 2040 quae
2398 1977 2661 2026 AEneidem
2693 1993 2816 2027 non-

1694 2043 1809 2092 dum
1832 2043 2101 2096 absolutam
2120 2050 2345 2105 arguunt.

1760 2111 1807 2164 9,
1835 2109 1907 2156 10.
1942 2106 2067 2162 Quis
2090 2116 2266 2165 metus,
2298 2109 2554 2168 cujusnam
2586 2106 2703 2156 mali
2733 2115 2821 2155 aut

1692 2171 1898 2236 periculi
1934 2170 2224 2236 depellendi,
2264 2169 2471 2218 adduxit
2512 2179 2569 2219 ut
2609 2179 2816 2234 utraque
2916 2227 2921 2232 ⁸

1692 2251 1806 2299 pars
1827 2235 2009 2284 bellum
2031 2237 2275 2284 moveret?
2310 2234 2469 2282 Docta
2486 2234 2655 2283 oratio.
2700 2239 2813 2284 Fer-

1691 2316 1793 2347 rum
1826 2303 2058 2358 lacessere,
2080 2307 2237 2363 poetae
2268 2296 2399 2346 idem
2433 2308 2511 2346 est
2542 2299 2671 2362 quod
2696 2299 2819 2348 alias

1692 2378 1903 2422 movere,
1932 2363 2147 2412 Lucretii
2178 2363 2427 2426 exemplo:
2464 2365 2677 2425 Namque
2698 2365 2819 2412 alias

1692 2431 1826 2475 aliud
1858 2445 1930 2476 res
1965 2436 2200 2476 commovet
2232 2435 2369 2488 atque
2404 2429 2603 2485 Ιασωείε,
2634 2427 2719 2477 lib.
2748 2427 2817 2486 iv,

1761 2557 1965 2604 11—13.
2006 2555 2217 2619 Egregie
2240 2555 2477 2603 instructa
2498 2553 2681 2604 oratio!
2726 2559 2815 2604 At-

1689 2635 1772 2680 pes
1798 2623 2010 2668 immittet
2042 2628 2241 2682 apertas,
2276 2618 2563 2681 magnificem
2598 2620 2815 2682 quando—

1690 2681 1887 2745 quidem
1929 2684 2139 2748 Alpibus
2182 2683 2437 2749 patefactis
2478 2681 2693 2732 Annibal
2737 2684 2814 2732 in-

1690 2763 1885 2809 gressus
1927 2758 2003 2796 est
2049 2748 2257 2796 Italiam.
2328 2751 2541 2796 Exitium
2584 2757 2631 2796 et
2670 2751 2818 2810 Alpes

1690 2821 1875 2873 apertas
1903 2812 2071 2874 junxit
2083 2832 2095 2869 ς
2130 2813 2233 2862 haec
2264 2811 2397 2860 enim
2429 2811 2589 2860 omnis
2612 2813 2811 2860 calami-

1692 2875 1805 2925 tatis
1836 2886 1887 2924 et
1922 2886 1996 2925 tot
2025 2876 2237 2925 cladium
2260 2885 2567 2940 acceptarum
2589 2892 2739 2925 causa.
2764 2886 2815 2925 et

1690 2939 2277 3067 ῗὲἕὲιὲἓῗὲὲιξᾚὲξῗ
2290 2939 2812 3053 aras-123¹&

1687 3083 1799 3116 cum
1844 3070 2087 3132 Carthago
2126 3069 2359 3117 immittet
2398 3068 2686 3126 exercitum,
2730 3068 2813 3131 qui

1689 3133 1843 3197 Alpes
1878 3133 2085 3195 thiciet
2122 3149 2235 3182 cum
2274 3132 2426 3182 exitio
2462 3134 2811 3182 Romanorum.

1690 3197 1888 3246 Poterat
1906 3207 2052 3262 poeta
2072 3197 2164 3245 hoc
2196 3197 2211 3244 i
2248 3196 2292 3245 si
2324 3197 2549 3259 trajectui
2584 3197 2811 3254 tribuere,

1687 3261 1970 3324 doctiusque
2025 3261 2155 3326 ipsas
2255 3261 2361 3332 lpes
2415 3261 2815 3310 commemoravit

1687 3326 1928 3374 nunnitus.

1756 3392 1828 3448 14,
1870 3392 1943 3437 15.
1992 3391 2085 3437 Rae
2117 3393 2338 3451 rapuisse.
2407 3391 2593 3450 Rapere
2630 3406 2707 3438 m
2736 3399 2813 3437 est

1683 3454 1877 3518 raptim,
1912 3455 2118 3510 turbate,
2146 3469 2304 3516 agere,
2338 3453 2531 3516 exequi.
2588 3452 2673 3501 Sic
2702 3471 2808 3501 eun-

1683 3520 1791 3565 st’lt’a
1826 3525 1977 3578 rapta.
2034 3517 2167 3572 Quid
2200 3517 2243 3565 si
2278 3517 2325 3564 h.
2360 3517 2391 3564 l.
2428 3517 2668 3580 accipias:
2706 3527 2811 3566 tum

1682 3579 1850 3629 licebit
1882 3581 2187 3644 praecipitare
2220 3597 2311 3638 res,
2348 3589 2535 3630 temere
2570 3597 2635 3629 ex
2668 3581 2809 3638 odiis,

1685 3661 1780 3692 non
1814 3645 2031 3702 consilio,
2068 3647 2245 3708 agere?
2308 3645 2509 3694 Dictum
2542 3645 2647 3693 sere
2686 3661 2805 3708 quo-

1684 3709 1826 3756 modo
1856 3713 1961 3768 iter,
1998 3727 2191 3767 cursum,
2228 3725 2404 3771 rapere,
2434 3709 2616 3773 raptim
2644 3725 2807 3772 agere.

1686 3773 1837 3821 Porro
1862 3776 2086 3834 placitum
2107 3772 2280 3835 saedus.
2341 3773 2529 3822 Placita
2552 3783 2671 3821 sunt
2702 3789 2807 3822 om-

1682 3837 1765 3885 nia
1820 3847 1939 3894 acta,
1964 3838 2015 3885 in
2040 3854 2147 3900 quae
2166 3853 2458 3886 consensere
2479 3837 2662 3901 plures,
2686 3839 2737 3886 h.
2760 3853 2807 3885 e.

1683 3917 1746 3962 qu
1832 3900 1893 3950 iis
1914 3902 2110 3966 placuit.

1751 3967 1810 4013 16
1833 3982 1934 4028 sqq.
1970 3965 2185 4014 Artificii
2216 3965 2363 4030 plena
2388 3965 2544 4014 oratio
2564 3963 2808 4020 Veneris:

1682 4039 1739 4077 ut
1774 4029 1919 4078 faciat
1950 4029 2314 4078 miserationem
2388 4045 2443 4077 ro
2481 4029 2723 4092 Trnjanis,
2755 4038 2808 4077 et

1682 4093 2066 4157 indignationem
2088 4095 2321 4142 adversus
2376 4107 2605 4142 urionem.
2658 4096 2812 4141 Venus

1682 4175 1837 4216 aurea,
1861 4158 2115 4206 notissima
2142 4173 2235 4216 res,
2260 4159 2419 4221 χρυσῆ
2448 4157 2721 4220 Ἀφροδίτη,
2746 4172 2811 4205 ex

1684 4221 1917 4270 Homero.
1967 4222 2247 4286 Exponitur
2268 4221 2429 4284 vulg-o,
2482 4221 2667 4270 ulcbrs.
2706 4221 2808 4268 Ve—

1680 4299 1789 4334 rum
1822 4295 1911 4344 est,
1944 4301 2005 4334 ex
2035 4285 2373 4349 antiquissima
2476 4285 2656 4348 igione,
2688 4301 2812 4334 auro

1681 4360 1862 4399 ornata.
1916 4353 2126 4400 Potestas
2148 4357 2223 4400 est
2244 4365 2334 4415 pro
2354 4357 2557 4414 potenst
2590 4348 2809 4399 abstrac-

1679 4423 1781 4462 tum
1806 4429 1895 4478 pro
1916 4425 2155 4463 concreto.
