3050 4934
1103 292 1444 359 LIBER
1492 292 1639 357 111.

2409 288 2532 350 135

386 442 741 520 Tellurem,
774 454 843 507 et
876 444 1084 507 solido
1111 446 1399 527 graviter
1430 454 1618 506 sonat
1649 441 1892 525 ungula
1923 462 2145 505 cornu.

384 542 569 607 Talis
600 544 915 627 Amyclaei
944 544 1229 608 domitus
1260 543 1546 608 Pollucis
1576 542 1850 606 habenis

255 642 341 701 90
384 644 709 724 Cyllarus,
740 658 832 718 et,
866 666 1143 726 quorum
1176 644 1367 709 Graii
1393 645 1740 707 meminere
1771 656 2010 726 poetae,

384 740 625 804 Martis
656 744 811 823 equi
837 744 1118 826 bijuges,
1148 755 1217 805 et
1242 745 1459 825 magni
1489 766 1720 806 currus
1753 742 2014 807 Achilli.

384 838 569 902 Talis
600 853 669 903 et
694 843 837 924 ipse
858 842 1089 924 jubam
1118 841 1370 904 cervice
1400 842 1637 905 effudit
1666 845 1902 927 equina

384 938 701 1022 Conjugis
733 942 1019 1003 adventu
1048 942 1281 1022 pernix
1312 939 1664 1016 Saturnus,
1693 953 1761 1006 et
1790 941 1991 1006 altum

388 1037 616 1102 Pelion
646 1039 902 1103 hinnitu
930 1039 1187 1123 fugiens
1218 1040 1505 1124 implevit
1537 1053 1752 1105 acuto.
1850 1106 1856 1111 ,

254 1140 343 1201 95

474 1139 674 1204 Hunc
690 1162 976 1225 quoque,
997 1143 1111 1205 ubi
1128 1152 1243 1205 aut
1264 1143 1493 1207 morbo
1515 1143 1755 1225 gravis,
1779 1153 1894 1206 aut
1907 1144 2043 1226 jam
2063 1145 2322 1227 segnior
2347 1146 2530 1209 annis

386 1240 656 1317 Deficit,
686 1242 856 1307 abde
886 1242 1115 1320 domo;
1160 1264 1281 1307 nec
1310 1242 1489 1326 turpi
1518 1244 1786 1327 ignosce
1817 1254 2119 1308 senectae.

386 1340 693 1425 Frigidus
722 1344 790 1405 in
819 1342 1147 1407 Venerem
1178 1343 1415 1420 senior,
1448 1343 1822 1428 frustraque
1849 1343 2138 1409 laborem

386 1437 727 1526 Ingratum
754 1442 991 1521 trahit3
1036 1454 1126 1521 et,
1161 1446 1217 1507 si
1244 1444 1508 1529 quando
1540 1446 1624 1509 ad
1655 1445 1888 1529 proelia
1917 1457 2182 1511 ventum
2211 1456 2336 1522 est,

388 1542 485 1607 Ut
515 1545 843 1628 quondam
870 1546 937 1609 in
966 1545 1223 1630 stipulis
1252 1568 1526 1630 magnus
1559 1548 1698 1611 sine
1729 1547 1974 1611 viribus
2005 1548 2198 1632 ignis,

222 1644 343 1707 loo
385 1644 723 1710 Incassum
748 1645 929 1711 furit.
1008 1647 1193 1731 Ergo
1222 1648 1467 1711 animos
1498 1668 1836 1731 aevumque
1865 1649 2127 1713 notabis

384 1745 763 1831 Praecipue3
809 1746 961 1813 hinc
990 1746 1151 1813 alias
1178 1758 1378 1826 artes,
1410 1747 1792 1833 prolemque
1820 1760 2186 1833 parentum,

384 1846 481 1911 Et
508 1848 653 1931 quis
685 1850 919 1933 cuique
950 1848 1138 1914 dolor
1168 1850 1362 1928 vict0,
1394 1872 1544 1935 quae
1573 1847 1779 1933 gloria
1809 1848 2062 1934 palmae.

214 2078 369 2137 faciat,
416 2092 507 2126 nec
554 2086 717 2125 tamen
760 2077 867 2141 ipsa
906 2078 1047 2143 spina
1090 2088 1336 2144 appareat.

220 2142 495 2191 Nemesim
532 2143 717 2205 Cyneg.
754 2144 864 2200 243,
900 2144 1005 2191 luis
1036 2146 1189 2205 ampla
1224 2148 1342 2192 satis

216 2210 315 2255 lem*
346 2214 455 2256 ms
486 2223 671 2268 equora
703 2209 847 2254 dorso.
932 2207 1070 2254 Idem
1106 2208 1338 2271 Calpurn⁰

218 2271 381 2335 Bclog.
408 2270 472 2327 vi,
497 2273 575 2327 54,
608 2270 865 2345 expressit,
894 2273 1044 2334 Terga
1064 2275 1253 2327 sedent,-
1289 2281 1342 2321 et

216 2335 337 2385 torte
367 2336 483 2383 hinc
518 2334 687 2383 Ovidii
716 2335 839 2383 Met.
872 2335 958 2393 xii,
983 2337 1095 2393 401,
1130 2340 1209 2384 Sic
1244 2344 1337 2385 ter-

210 2418 315 2462 gm
350 2402 522 2457 sessile,
554 2404 623 2447 αἰ·
656 2407 786 2448 etant
822 2402 1019 2448 Pectora
1054 2403 1175 2448 celsa
1208 2403 1337 2448 toris.

212 2464 523 2512 Contrarium
578 2463 767 2521 vitium,
816 2471 977 2512 extans
1021 2463 1163 2527 spina
1210 2464 1342 2528 apud

214 2528 498 2586 Varronem,
532 2537 585 2575 et
609 2530 749 2576 Grat.
774 2530 957 2592 Cyneg.
982 2529 1094 2586 526,
1118 2532 1161 2576 εὖ
1192 2532 1343 2577 tenuis

212 2596 341 2641 dorso
360 2601 583 2641 συναιω-
600 2596 751 2655 spina.

274 2660 350 2706 8&
401 2660 557 2705 Saudo
580 2674 729 2705 cornu
745 2675 761 2703 .·
806 2656 913 2705 vult
946 2657 1153 2719 ungulas

212 2738 343 2777 esse3
378 2732 437 2770 ut
456 2720 681 2771 sollenne
701 2720 955 2784 epitheton
973 2721 1204 2783 μόνυχες,
1224 2739 1335 2783 κρα-

210 2787 477 2848 τερώνυχες
504 2785 655 2833 inea.
724 2788 879 2842 Sonat,
907 2795 957 2833 et
986 2786 1078 2834 hoc
1109 2786 1334 2850 proprie:

212 2860 255 2898 ee
282 2854 443 2899 orben
474 2853 631 2911 Eques
659 2858 847 2899 mame
878 2853 1135 2899 verberavit
1168 2853 1341 2912 ungula

214 2914 336 2963 Hor.
362 2914 525 2979 Epod.
550 2914 651 2971 xvi,
682 2916 754 2962 11.

286 2981 499 3028 89—91.
554 2981 773 3041 Cyllarus
824 2992 977 3041 equus
1016 2976 1341 3026 communiter

210 3044 403 3092 Castori
434 3042 525 3091 soli
556 3043 803 3099 tribuitur,
841 3041 923 3105 qui
957 3040 1218 3102 ἱππόδαμος
1237 3045 1341 3104 jam

214 3108 437 3156 Homero
466 3109 643 3171 Odyss-
667 3116 716 3164 λ,
748 3108 845 3156 299
876 3106 1048 3154 dictus.
1108 3108 1215 3155 Nec
1245 3106 1338 3153 mi-

210 3188 303 3221 nus
334 3182 501 3219 tamen
532 3171 779 3219 interdum
800 3180 1005 3233 uterque
1030 3170 1181 3219 frater
1202 3170 1341 3233 equis

206 3236 405 3285 insidet.
474 3236 603 3283 Sunt
634 3235 831 3283 tandem
861 3244 911 3283 et
942 3234 1049 3283 loca
1078 3236 1139 3283 ab
1172 3235 1340 3311 Intpp.

208 3300 439 3357 excitata,
472 3299 527 3348 in
558 3299 737 3361 quibus
767 3299 991 3362 Cyllarus
1028 3299 1213 3347 Polluci
1248 3308 1336 3347 tn-

206 3365 390 3413 buitur.
472 3366 693 3427 A-yelae,
734 3362 989 3411 Laconicae
1030 3364 1161 3421 urbs,
1203 3363 1337 3427 Tyn-

206 3428 345 3476 darei
388 3426 541 3491 regia,
595 3428 649 3475 in
692 3442 788 3490 qua
832 3426 1023 3475 educati
1066 3428 1243 3476 Castor
1292 3437 1341 3476 et

210 3492 405 3541 Pollux.
472 3492 578 3540 Bes
610 3500 738 3539 nota.
807 3494 981 3540 Martis
1010 3496 1114 3555 equi
1141 3507 1205 3541 ex
1228 3492 1337 3539 Ho-

208 3572 349 3605 mero
372 3554 517 3605 Iliad.
538 3574 579 3615 ο,
605 3557 697 3603 119
714 3556 834 3604 noti.
886 3558 1061 3603 Currus
1078 3558 1268 3614 Achiui,
1288 3556 1336 3603 h.

282 3620 1225 3735 fflffilssnossaelleulhssodrmzsslfffflbat
1270 3684 1345 3745 (at

208 3764 355 3813 quam
386 3760 561 3798 ornate
589 3750 681 3797 hoc
713 3758 858 3813 poeta
889 3747 1065 3797 extulit
1080 3748 1120 3809 !)
1168 3748 1339 3795 Satur-

208 3830 321 3871 nus,
358 3828 475 3862 cum
514 3812 627 3875 equi
784 3812 879 3861 iem
918 3812 1239 3870 assumsisset,
1281 3821 1339 3860 ut

204 3879 341 3927 furta
360 3893 453 3927 ma
472 3892 586 3926 cum
605 3878 697 3925 Phi
846 3876 1029 3925 Oceani
1056 3876 1161 3924 filia
1182 3874 1337 3937 (unde

208 3942 399 3993 Chimo
422 3942 607 4004 natm),
631 3941 683 3989 in
708 3892 845 3990 {lelio
865 3942 1026 4005 Opem
1048 3940 1243 3989 celaret.
1324 4003 1335 4013 .

274 4009 355 4064 95,
374 4007 454 4055 96.
492 4007 672 4056 Parum
693 4004 953 4054 diuturnus
971 4013 1048 4053 est
1067 4004 1207 4067 vigor
1226 4018 1341 4067 equi

206 4071 513 4120 admissarii.
538 4070 653 4119 hinc
669 4069 936 4119 necessitas
956 4068 1199 4133 imposita,
1222 4069 1337 4117 sub-

210 4135 329 4183 inde
348 4134 669 4183 subunittendi
698 4132 863 4182 alium.
931 4134 1066 4181 Aba«
1095 4136 1235 4189 domo,
1260 4148 1343 4180 nec

1190 2656 1339 2705 duras

215 4264 237 4313 1
418 4262 568 4310 locus.
638 4197 900 4309 Eugaan
902 4205 1085 4309 agge?
1085 4197 1342 4323 13:23³th

210 4272 382 4391 1³:33
414 4342 513 4390 quo
542 4324 705 4374 minus
726 4339 881 4389 equus
911 4324 1225 4373 admissarius
1260 4322 1343 4386 qui

212 4393 275 4440 ab
294 4390 533 4441 armentis
564 4398 859 4447 removetur,
891 4398 942 4437 et
976 4388 1029 4437 in
1064 4388 1255 4437 stabulo
1282 4388 1345 4436 ad

212 4470 335 4520 epm
364 4454 645 4504 faciendum
680 4454 901 4510 habetur,
940 4456 1065 4501 domo
1100 4456 1212 4503 abdi
1247 4451 1345 4501 dici

1402 2080 1586 2145 possit:
1625 2080 1748 2129 Hor.
1774 2081 1791 2128 i
1815 2080 1974 2147 Epist.
1996 2080 2027 2139 i,
2053 2084 2097 2140 5,
2119 2082 2180 2130 de
2203 2082 2407 2131 emerito
2424 2083 2528 2147 gla-

1404 2144 1608 2202 diatore,
1650 2147 1764 2193 lacet
1807 2148 1994 2194 abditus
2029 2162 2154 2209 agro.
2231 2150 2414 2196 Abdere
2453 2157 2529 2197 est

1404 2208 1606 2273 proprie
1643 2208 1758 2258 dare
1797 2211 1884 2258 abs
1921 2226 1989 2267 se,
2033 2226 2272 2268 amovere,
2312 2211 2530 2274 rejicere.

1404 2274 1518 2321 Jam
1541 2281 1704 2322 autem
1726 2282 1890 2337 potest
1917 2274 2100 2337 aliquid
2121 2278 2233 2323 abdi
2255 2276 2333 2323 vel
2355 2294 2386 2325 α
2407 2277 2531 2335 Ιοοο,

1406 2337 1485 2385 vel
1522 2338 1577 2385 in
1617 2338 1767 2387 alium
1805 2338 1978 2397 locum,
2016 2348 2072 2388 ut
2109 2338 2162 2387 in
2197 2355 2256 2387 eo
2290 2350 2528 2399 servetur,

1405 2402 1742 2457 abscondatur,
1765 2418 1880 2465 ergo
1913 2406 1962 2449 in
1991 2402 2110 2450 loco.
2181 2402 2325 2451 Unde
2348 2402 2533 2469 duplex

1406 2480 1523 2513 usus
1554 2466 1688 2513 verbi
1722 2469 1890 2514 abdere
1919 2482 2032 2515 cum
2063 2475 2202 2514 sexto
2233 2482 2376 2515 casu:
2420 2471 2533 2516 abdi

1406 2532 1547 2587 domo,
1571 2529 1603 2577 i.
1624 2545 1665 2577 e.
1690 2546 1719 2577 a
1740 2530 1899 2584 domo,
1919 2539 1968 2577 et
1989 2546 2107 2577 vero
2125 2529 2272 2577 etiam
2297 2530 2348 2578 in
2371 2531 2530 2579 domo.

1410 2594 1512 2641 Res
1534 2593 1604 2641 sic
1635 2593 1753 2641 satis
1780 2592 1935 2642 obvia.
2003 2594 2036 2642 J
2039 2594 2154 2641 ubet
2187 2593 2352 2656 itaque
2385 2604 2534 2659 poeta

1402 2657 1686 2719 diligentem
1722 2656 2120 2722 patremfamilias
2159 2672 2399 2717 amovere,
2443 2658 2527 2707 ab·

1401 2722 1566 2785 legare
1596 2737 1627 2770 a
1651 2722 1848 2786 praedio,
1879 2738 2167 2785 quocunque
2201 2722 2360 2781 modo,
2385 2721 2530 2771 adeo·

1403 2802 1497 2848 que
1528 2786 1606 2834 vel
1636 2786 1862 2844 vendere,
1887 2786 2102 2835 effoetum
2132 2796 2182 2834 et
2213 2786 2438 2835 inutilem
2470 2788 2534 2836 ad

1406 2848 1726 2898 admissuram
1755 2850 2054 2914 (quanquam
2087 2850 2170 2899 ille
2205 2850 2362 2900 adhuc
2397 2852 2530 2901 labo-

1406 2914 1542 2963 ribus
1581 2914 1802 2963 sufficere
1848 2914 2036 2980 potest)
2079 2930 2272 2977 equum,
2311 2916 2534 2977 quamvis

1404 2987 1615 3027 senectae
1637 2977 1884 3027 miseratio
1905 2980 2103 3035 subeat3
2139 2994 2247 3027 esse
2269 2978 2402 3026 enim
2424 2995 2534 3028 eam

1406 3051 1598 3105 turpem,
1630 3043 1706 3091 vel
1734 3042 1982 3092 communi
2008 3042 2276 3091 senectutis
2298 3040 2533 3106 epitheto,

1406 3116 1632 3171 respectu
1654 3107 1876 3170 juventae,
1905 3110 2126 3169 pulchrae,
2157 3110 2383 3168 spectans,
2416 3111 2532 3156 niti-

1406 3174 1479 3220 dae
1493 3190 1511 3226 ,-
1548 3172 1624 3220 vel
1648 3187 1713 3221 ex
1733 3187 1851 3234 sqq„
1876 3186 1972 3233 qua
2000 3170 2168 3219 illese
2201 3168 2411 3235 turpiter
2432 3172 2531 3230 det,

1408 3250 1499 3284 nec
1539 3235 1592 3283 in
1625 3236 1870 3284 Venerem
1906 3234 2026 3283 satis
2066 3235 2219 3284 animi
2257 3251 2314 3284 ac
2353 3234 2531 3284 virium

1404 3300 1594 3347 habeat.
1684 3298 1892 3348 Ovidius
1935 3300 2082 3349 Trist.
2128 3299 2194 3357 iv,
2241 3302 2286 3357 8,
2334 3300 2408 3357 19,
2455 3303 2532 3348 Ne

1404 3366 1544 3412 cadat
1566 3371 1614 3411 et
1640 3366 1810 3411 multas
1831 3366 2012 3426 palmas
2041 3367 2298 3412 inhonestat
2322 3366 2530 3426 adeptas.

1410 3430 1558 3489 Turpi
1576 3431 1716 3489 finem
1739 3430 1902 3476 donate
1927 3436 2118 3476 senectae
2138 3428 2200 3476 ad
2223 3428 2378 3476 nostri
2411 3426 2529 3476 duc-

1404 3501 1508 3540 tum
1541 3492 1692 3541 Silius
1723 3508 1803 3551 xv,
1831 3494 1942 3540 654.
2011 3492 2113 3540 Alii
2145 3508 2227 3539 nee
2261 3494 2387 3552 turpe·
2413 3494 2529 3553 jun-

1404 3566 1557 3675 8⁰23,
1589 3564 2080 3672 ῧὲῗεηαοιειῗῇἷξηὶῖιᾞι
2090 3562 2530 3691 ‹l'i‘ssemolupta-

1411 3692 1508 3731 tem
1555 3685 1752 3729 hibor-em
1803 3681 2102 3757 (quanquam
2148 3681 2240 3728 hoc
2280 3694 2534 3743 proprium

1406 3748 1497 3796 hac
1518 3746 1572 3794 in
1594 3762 1663 3805 re,
1692 3745 1788 3793 vid.
1810 3745 1896 3793 inf.
1923 3744 1983 3793 ad
2007 3760 2048 3793 v.
2081 3742 2198 3805 127)
2226 3754 2277 3792 et
2301 3748 2534 3807 ingratum

1402 3822 1453 3861 et
1475 3814 1656 3860 hahere
1673 3825 1764 3875 pro
1779 3810 2016 3875 perficere
2037 3808 2189 3857 dixit!
2229 3811 2410 3857 Proelia
2431 3822 2532 3856 non

1402 3876 1465 3925 ad
1486 3890 1652 3924 veram
1685 3888 1900 3940 pugnam
1930 3890 1986 3923 ac
2011 3874 2208 3931 beilum,
2237 3872 2324 3921 sed
2357 3872 2418 3920 ad
2451 3871 2529 3936 ip-

1404 3954 1507 3989 sam
1533 3939 1851 3989 admissuram
1883 3938 2152 3988 referenda.
2220 3939 2402 3985 Proelia
2431 3936 2531 3984 Ve-

1405 4003 1539 4052 neris
1559 4004 1866 4067 frequenter:
1901 4004 1962 4051 ct
1988 4004 2101 4051 AEn.
2125 4001 2193 4059 xi,
2219 4002 2328 4052 736.

1476 4064 1742 4116 loo—102.
1793 4067 2022 4116 Procedit
2062 4080 2192 4113 nunc
2240 4065 2384 4113 Maro
2423 4073 2536 4128 post

1406 4132 1504 4189 illa,
1551 4148 1658 4195 quae
1701 4131 1752 4180 in
1803 4146 1928 4195 equo
1975 4128 2260 4178 admissario
2308 4128 2368 4177 el'
2435 4128 2534 4177 ndo

1407 4196 1710 4245 observanda
1747 4204 1863 4245 sunt
1897 4194 2013 4243 inde
2047 4208 2076 4241 a
2104 4210 2149 4241 v.
2183 4192 2246 4244 72
2267 4193 2330 4241 ad
2404 4193 2454 4241 ia
2483 4193 2538 4241 in

1409 4276 1469 4308 eo
1500 4259 1813 4317 observanda,
1871 4274 1935 4306 uo
1965 4260 2113 4305 animo
2133 4272 2190 4305 ac
2281 4256 2412 4315 iritu,
2437 4272 2534 4319 qua

1408 4332 1547 4372 atate
1577 4323 1666 4380 sit;
1702 4332 1808 4371 tum
1871 4337 2034 4371 emum
2061 4321 2215 4369 altero
2265 4337 2354 4369 oco
2385 4320 2533 4369 etiam

1410 4388 1531 4437 alias
1562 4395 1699 4445 ortes,
1735 4387 1956 4444 virtutes,
1989 4388 2246 4449 prolemque
2276 4394 2534 4447 parentum,

1411 4454 1457 4501 h.
1491 4452 1535 4501 si
1569 4468 1690 4515 quos
1711 4450 1832 4499 alios
1859 4454 1962 4513 jam
1989 4450 2148 4516 pullos
2179 4449 2326 4499 iidem
2353 4462 2532 4513 paren-
