3050 4934
1170 247 1509 314 LIBER
1555 246 1738 314 Vll.

467 395 733 460 Diluvio
762 419 849 461 ex
876 395 985 462 illo
1016 407 1117 462 tot
1144 407 1328 462 vasta
1354 418 1477 482 per
1506 419 1772 482 aequora
1801 400 1970 464 vecti

465 497 597 561 Dis
628 497 852 562 sedem
882 498 1187 582 exiguam
1215 499 1443 582 patriis
1472 497 1788 583 littusque
1819 519 2122 583 rogamus

289 598 423 662 230
465 598 848 676 Innocuum,
876 611 943 663 et
972 601 1221 664 cunctis
1252 599 1622 684 undamque
1653 621 2006 684 auramque
2036 611 2388 684 patentem.

462 700 621 764 Non
652 702 891 765 erimus
920 723 1125 786 regno
1154 701 1538 779 indecores3
1579 723 1702 766 nec
1732 712 1950 766 vestra
1979 700 2228 768 feretur

462 801 663 866 Fama
687 801 871 880 levis,
902 803 1143 866 tantive
1172 801 1505 868 abolescet
1533 805 1744 886 gratia
1771 801 1965 880 facti;

462 901 611 967 Nec
639 890 911 988 Trojam
940 903 1272 968 Ausonios
1300 904 1548 988 gremio
1577 904 1916 988 excepisse
1945 904 2214 987 pigebit.

463 1003 629 1068 Fata
656 1026 778 1088 per
806 1003 1043 1069 AEneae
1063 1006 1243 1089 juro,
1274 1005 1700 1088 dextramque
1733 1014 2086 1090 potentem,

293 1103 423 1168 235
467 1104 617 1169 Sive
647 1104 805 1182 fide,
836 1127 955 1170 seu
985 1107 1131 1191 quis
1162 1105 1335 1170 bello
1365 1117 1467 1169 est
1495 1116 1810 1190 expertus
1841 1116 1910 1170 et
1939 1106 2169 1184 armis3

465 1204 667 1270 Multi
693 1228 813 1270 nos
840 1206 1091 1291 populi,
1120 1205 1340 1271 multae
1369 1206 1475 1288 (ne
1509 1216 1746 1284 temne,
1777 1207 1954 1290 quod
1983 1206 2158 1272 ultro

467 1305 881 1372 Praeferimus
912 1308 1207 1372 manibus
1238 1308 1429 1371 vittas
1460 1329 1538 1371 ac
1567 1308 1768 1371 verba
1796 1309 2156 1392 precantia)

466 1407 559 1470 Et
586 1408 835 1493 petiere
866 1409 989 1473 sibi
1018 1419 1086 1472 et
1115 1406 1379 1492 voluere
1410 1409 1770 1492 adjungere
1797 1419 2052 1493 gentes.

465 1506 601 1572 Sed
630 1531 749 1573 nos
781 1509 915 1574 fata
944 1509 1139 1575 deum
1168 1522 1417 1574 vestras
1446 1512 2034 1593 exquirereterras

291 1607 423 1673 240
463 1608 759 1694 Imperiis
790 1633 987 1696 egere
1017 1612 1173 1674 suis.
1250 1611 1429 1676 Hinc
1460 1611 1816 1675 Dardanus
1848 1621 2030 1676 ortus

464 1711 619 1775 Huc
645 1712 907 1796 repetit,
928 1713 1264 1796 jussisque
1294 1712 1666 1795 ingentibus
1699 1724 1892 1796 urget
1921 1711 2168 1797 Apollo

462 1811 881 1896 Tyrrhenum
908 1813 995 1876 ad
1025 1811 1368 1896 Thybrim,
1400 1824 1471 1878 et
1498 1813 1694 1877 fontis
1725 1813 1890 1877 vada
1920 1835 2108 1894 sacra
2135 1813 2419 1898 Numici.

464 1911 603 1978 Dat
630 1914 747 1978 tihi
774 1925 1095 1998 praeterea
1122 1913 1402 1979 fortunae
1432 1937 1634 1999 parva
1664 1916 1900 1999 prioris

464 2014 771 2090 Munera,
801 2013 1105 2099 reliquias
1134 2015 1343 2099 Troja
1370 2038 1455 2080 ex
1482 2016 1756 2080 ardente
1784 2027 2105 2100 receptas.

290 2115 421 2179 245
462 2115 615 2179 Hoc
645 2125 833 2198 pater
860 2114 1188 2180 Anchises
1218 2139 1381 2182 auro
1402 2116 1650 2181 libabat
1677 2118 1766 2182 ad
1793 2139 1980 2195 aras3

462 2215 615 2280 Hoc
645 2216 885 2280 Priami
914 2226 1251 2300 gestamen
1281 2228 1445 2294 erat,
1476 2240 1678 2300 quum
1699 2218 1854 2302 jura
1881 2219 2124 2282 vocatis

462 2315 655 2382 More
686 2318 876 2382 daret
903 2315 1203 2402 populis;
1247 2329 1729 2402 sceptrumque,
1759 2341 2072 2402 sacerque
2103 2319 2326 2394 tiaras,

460 2416 865 2502 Iliadumque
893 2417 1079 2482 labor
1109 2427 1348 2482 vestes.

546 2517 821 2584 Talibus
850 2517 1077 2584 Ilionei
1104 2519 1295 2582 dictis
1325 2517 1548 2583 defixa
1579 2517 1856 2582 Latinus

287 2620 419 2684 250
446 2620 725 2716 ‘Obtutu
753 2629 932 2684 tenet
961 2640 1099 2695 ora,
1132 2617 1402 2702 soloque
1430 2617 1770 2682 immobilis
1800 2617 2030 2694 haeret,

288 2879 403 2920 nate
426 2879 669 2920 extremas
689 2879 928 2919 terrarum
946 2883 1055 2917 oras
1077 2867 1140 2917 ad
1156 2869 1409 2918 Oceanum

286 2945 339 2984 et
358 2935 487 2984 ultra
510 2933 679 3010 Libyae
698 2934 891 2984 deserta
904 2933 1138 2982 nominat.
1178 2932 1409 3048 mm

290 3003 531 3057 Οεεωιιωι,
582 2998 791 3063 accipies
840 2997 1129 3073 simpliciter
1358 3015 1407 3048 m

286 3063 385 3112 late
408 3077 459 3111 et
490 3072 759 3112 extentum.
817 3063 943 3110 Sunt
978 3063 1125 3111 etiam
1156 3065 1292 3112 tellus
1324 3081 1403 3112 er-

286 3135 433 3177 man
460 3125 611 3190 rafim
637 3129 825 3184 Oceano,
860 3127 987 3176 fines
1017 3137 1255 3176 terrarum
1286 3143 1409 3190 quos

286 3191 441 3242 ambit
484 3193 724 3250 Οοεαιιιιε,
770 3200 1009 3253 quatenus
1052 3191 1211 3238 axunis
1254 3191 1409 3240 instar

286 3265 527 3306 terrarum
548 3255 715 3304 orbem
736 3254 955 3303 includit.
1012 3257 1164 3318 Plaga
1184 3257 1293 3303 nolis
1314 3259 1405 3303 lni-

284 3323 381 3384 qui,
418 3335 543 3369 zona
578 3318 775 3378 ton-ida,
815 3319 963 3368 nimis
1000 3334 1191 3382 magno,
1231 3319 1409 3368 infesto

282 3384 403 3433 solis
423 3395 571 3440 κως
606 3391 804 3442 extenta,
828 3393 1015 3447 patens,
1046 3392 1247 3448 propter
1274 3399 1406 3432 cam-

284 3463 465 3514 porum
500 3462 689 3506 arenas,
725 3451 775 3496 ia
818 3449 964 3497 nodio
1006 3455 1200 3510 quantor
1238 3451 1405 3511 plaga-

282 3576 705 3703 οειξξιηλῗςιιοῗ
721 3648 910 3704 petunt,
946 3641 1039 3688 Dis
1064 3643 1215 3688 oedem
1242 3644 1403 3704 etigu-

280 3721 375 3763 αι,
414 3715 521 3753 ιιιιιι
554 3704 609 3753 in
642 3704 719 3753 sui
746 3704 1166 3754 commendatione
1188 3705 1409 3754 modesta

280 3785 661 3910 am*
568 3770 661 3818 ⁰¹⁸
676 3767 1407 3882 mmfflffiffiz.

280 3897 487 3948 animoa.

348 3963 623 4012 281—285.
656 3963 854 4010 Fercem·
878 3977 971 4037 pro
998 3960 1136 4010 tenui
1166 3977 1268 4009 voc.
1299 3965 1405 4010 erit.

286 4027 489 4102 Try'an,
511 4041 689 4101 magna
718 4041 831 4074 cum
853 4041 917 4084 n,
946 4041 1035 4090 pro
1064 4025 1317 4088 Trojanis·
1352 4035 1409 4074 ut

280 4091 429 4140 totie-
480 4090 681 4153 Trqp'am,
713 4093 869 4148 Iliun,
903 4095 953 4139 in
996 4092 1187 4138 Italiam
1242 4088 1408 4152 infern·

280 4155 507 4204 vidimus.
576 4157 729 4213 Fiden,
762 4154 939 4204 dextra
968 4155 1097 4212 data,
1129 4154 1194 4202 ad
1224 4153 1409 4204 foedera

278 4227 485 4294 spectat,
506 4219 559 4267 in
580 4219 757 4282 quibua
775 4217 1027 4268 servandis
1044 4227 1247 4267 strenuo
1267 4218 1403 4268 forti-

280 4299 377 4347 que
398 4283 564 4332 animo
584 4299 641 4332 ac
662 4299 813 4332 manu
832 4299 957 4347 opus
975 4291 1065 4330 est.

346 4349 859 4410 240—242.1u·pm··
872 4351 1057 4397 deor-mn
1070 4351 1187 4396 sunt
1206 4347 1404 4404 monita,

280 4421 339 4462 ut
351 4415 456 4474 iam
478 4411 595 4462 alibi
616 4411 841 4469 vidium,
866 4422 917 4461 et
946 4427 1063 4462 mox
1080 4411 1231 4474 jum
1298 4415 1408 4460 Huc

750 3575 967 3626 suavitas
1021 3575 1075 3624 iu
1130 3575 1404 3624 extenuati·

1473 2873 1642 2932 repetit
1658 2869 1720 2918 ad
1738 2870 2022 2918 Dardanum
2039 2869 2288 2918 referunt‘
2264 2879 2591 2946 interpretes:

1472 2934 1525 2983 iu
1547 2935 1675 2982 hanc
1697 2949 1788 2982 uos
1807 2943 2002 2992 terram,
2025 2934 2155 2984 unde
2183 2935 2278 2984 orti
2309 2951 2491 2995 smnus,
2514 2952 2594 2984 re-

1471 2999 1612 3063 petit,
1637 3008 1832 3048 revocat
1855 2998 2114 3048 Dardanus
2137 3009 2188 3048 et
2205 3000 2341 3076 quasi
2366 2971 2593 3049 vindicat.

1472 3066 1737 3112 Numicium
1758 3079 1788 3112 a
1809 3062 1942 3111 fonte
1964 3063 2142 3112 iterum
2164 3063 2266 3114 des
2338 3073 2401 3124 at,
2420 3065 2592 3129 quoni-

1472 3144 1552 3176 am
1587 3127 1848 3177 Lavinium
1877 3128 1996 3176 urbs
2027 3128 2090 3180 ad
2121 3145 2236 3178 eum
2293 3145 2435 3178 ocum
2477 3145 2592 3178 cou-

1471 3191 1632 3240 denda
1653 3201 1740 3240 est.
1787 3191 1935 3240 Ponit
1953 3208 2116 3256 porro,
2133 3204 2190 3242 ut
2209 3205 2368 3258 poeta,
2391 3193 2596 3243 fluvium

1471 3255 1536 3304 ad
1556 3255 1903 3318 designandam
1925 3267 2119 3306 terram.

1539 3321 1810 3368 243—248.
1845 3321 1944 3368 Dat
1962 3337 2026 3369 sc.
2053 3321 2250 3370 AEneas.
2299 3321 2444 3370 Dona
2461 3337 2593 3370 com-

1472 3383 1700 3431 mendat
1685 3393 1866 3431 iterum
1882 3399 1911 3431 a
1933 3385 2220 3448 personis,q
2221 3385 2318 3434 uod
2336 3385 2452 3434 alibi
2468 3385 2600 3496 vidiae

1472 3462 1582 3496 mus
1602 3456 1796 3511 poetam
1828 3447 2030 3496 decere.
2066 3449 2164 3498 σίζ’
2151 3465 2184 3506 ι,
2189 3403 2302 3500 q6⁴1⁵?

1473 3514 1683 3560 libabat.-
1725 3519 1962 3560 craterem
1997 3513 2076 3561 vel
2117 3523 2336 3575 pateram
2384 3465 2596 3575 esignat.

1474 3575 1722 3624 Virtutem
1738 3575 1886 3623 habet
1901 3575 2070 3632 oratio,
2089 3576 2218 3637 quod
2234 3585 2464 3640 tanquam
2482 3576 2592 3624 dra-

1470 3639 1650 3688 matiee
1667 3655 1747 3688 rea
1763 3648 2153 3702 repraesentatur,
2164 3655 2264 3688 non
2285 3639 2414 3687 sacta
2426 3655 2594 3688 narra-

1470 3713 1566 3752 tur.
1620 3705 2178 3766 Hocfflamgestamen
2207 3711 2344 3753 erae.-
2377 3719 2488 3752 cum
2519 3703 2597 3753 his

1470 3767 1634 3817 verbis
1675 3777 1925 3832 sceptrum
1969 3767 2161 3818 tradere
2201 3767 2448 3833 putandus
2503 3778 2592 3816 est.

1470 3834 1594 3880 Iura
1623 3835 1772 3880 daret.
1839 3832 1933 3880 Jus
1963 3831 2126 3881 dicere
2167 3847 2344 3882 munus
2375 3841 2598 3880 veterum

1470 3911 1658 3959 regum.
1728 3895 1912 3944 Sedent
1948 3907 2112 3945 autem
2140 3899 2223 3960 jus
2267 3895 2446 3946 dicturi
2485 3912 2598 3944 cum

1470 3970 1678 4036 sceptro.
1715 3959 2166 4073 Raruimprqpie,
2133 3977 2334 4025 ,nempe
2346 3961 2602 4036 Phrygum

1471 4025 1648 4101 pileus,
1671 4041 1816 4088 quem
1836 4024 1945 4074 aliis
1981 4041 2082 4074 ocis
2103 4029 2289 4073 mitram
2309 4024 2462 4072 dixit·
2498 4024 2598 4074 vid.

1472 4105 1580 4155 sup.
1606 4089 1805 4204 m.
1861 4091 2006 4203 flaces-
2029 4097 2218 4202 ta‘ptpum
2241 4089 2310 4201 adt
2324 4089 2600 4202 νειιεηιὲιιζ

1472 4170 1587 4203 nem
1781 4168 2494 4216 :verenenuaugus

1471 4217 1716 4282 significet
1759 4226 1998 4266 ornatum.
2079 4219 2233 4266 Vestes
2277 4227 2440 4266 autem
2483 4228 2601 4266 suut

1472 4285 1694 4345 Phrygia
1718 4282 1863 4358 vulgo
1885 4281 2042 4340 diem,
2065 4298 2096 4330 a
2125 4282 2350 4346 TroJanis
2381 4282 2596 4331 mulieri-

1472 4349 1564 4396 bus
1582 4362 1674 4394 acu
1691 4345 1850 4411 pictae,
1869 4345 1990 4408 ἔργα,
2002 4349 2250 4407 woman.
2289 4347 2414 4397 Mox
2429 4347 2600 4396 eadem

1468 4427 1681 4473 purpura
1697 4415 1842 4472 picta.
