3050 4934
492 283 578 346 38
1323 279 1971 347 BUCOLICON

552 432 706 480 hensa
725 430 942 480 camina
961 431 1236 490 decantent,
1261 445 1380 480 aena
1401 439 1623 496 uterque,
1647 429 1875 496 Corydon
1906 430 2085 480 diversi
2118 445 2322 495 quaeque
2351 431 2627 496 argumenti
2656 445 2811 479 exor-

552 527 650 569 sus,
675 512 894 575 Thmis,
918 520 1004 561 aut
1021 511 1201 560 similia
1221 528 1278 560 ac
1299 511 1438 576 paria
1460 521 1547 560 aut
1566 511 1811 560 contraria
1830 509 2089 560 afferendo.
2150 511 2319 560 Habet
2338 511 2462 561 adeo
2482 525 2681 559 carmen
2704 525 2815 558 non

553 591 678 639 nihil
700 607 764 640 ex
785 591 1051 640 dramatico
1074 607 1270 654 genere,
1297 607 1392 653 quo
1415 591 1523 655 ipso
1554 593 1789 654 majorem
1818 589 2193 640 delectationem
2224 591 2353 639 facit.
2421 593 2596 650 Locus,
2622 590 2675 638 in
2710 605 2819 653 quo

550 671 887 729 consederant,
913 681 988 720 est
1010 673 1100 720 sub
1124 673 1352 719 umbrosa
1374 687 1560 734 quercu
1582 687 1611 719 a
1638 671 1858 720 Favonio
1888 670 2065 720 leviter
2086 670 2282 735 agitata,
2304 671 2434 720 inter
2457 687 2605 735 apum
2634 685 2815 718 susur-

549 766 646 808 ros,
669 751 722 798 in
741 750 922 800 vicinia
945 750 1125 799 Mincii
1146 751 1297 810 fluvii,
1321 760 1373 799 et
1393 751 1591 814 quidem
1614 767 1673 800 ea
1692 759 1833 816 parte
1854 765 1949 814 qua
1970 761 2191 800 amenta
2210 761 2383 816 potum
2404 752 2724 800 duoebantur.

490 830 654 878 Etiam
677 830 731 878 in
753 831 844 878 hoc
867 829 1084 879 carmine
1105 828 1332 894 putidum
1355 840 1486 879 esset
1505 831 1689 880 referre
1713 830 1969 894 allegorias
1992 846 2111 894 quaa
2133 831 2399 880 commenti
2420 841 2539 880 sunt
2559 829 2815 894 interpre-

549 920 639 968 tes,
661 925 774 958 cum
795 911 928 958 haud
949 909 1097 958 dubie
1119 909 1244 957 nihil
1267 909 1402 958 aliud
1424 909 1661 974 spectarit
1686 920 1846 976 poeta,
1868 927 2011 974 quam
2034 921 2090 960 ut
2120 910 2183 961 ad
2205 912 2411 960 Theocr.
2440 911 2580 976 Idyn.
2606 910 2653 958 vi
2690 909 2813 957 imi-

552 989 786 1038 tationem
817 989 939 1037 illud
961 987 1192 1038 carminis
1214 989 1434 1038 amoebaei
1464 1005 1621 1053 genus
1658 991 1972 1055 exprimeret,
1993 991 2123 1054 quod
2152 991 2430 1040 narratione
2457 991 2661 1053 alicujus
2687 1005 2813 1053 pas-

552 1068 683 1127 toris,
717 1069 800 1132 qui
834 1055 1125 1117 interfuerat
1145 1069 1418 1129 certamini,
1441 1069 1735 1120 continetur.
1796 1071 1902 1122 Nec
1926 1072 2127 1120 omnino
2148 1087 2375 1136 magnam
2396 1071 2586 1121 inventi
2607 1063 2817 1118 laudem

555 1149 698 1198 Maro
719 1149 868 1197 habet
889 1149 940 1197 in
965 1150 1057 1198 hoc
1079 1147 1310 1198 carmine.

1031 1423 1431 1472 MELIBOEUS.
1501 1423 1861 1474 CORYDON.
1928 1423 2251 1474 THYRSIS.

1485 1600 1811 1650 Msusoeus.

662 1695 738 1773 F
737 1729 916 1774 0121·ss
949 1711 1073 1774 sub
1103 1720 1336 1794 arguta
1367 1711 1757 1775 consederat
1784 1709 1928 1776 ilice
1960 1709 2288 1795 Daphnis,

659 1810 1257 1896 compulerantque
1285 1833 1522 1894 greges
1553 1811 1863 1894 Corydon
1892 1822 1959 1876 et
1989 1809 2271 1894 Thyrsis
2302 1813 2369 1876 in
2398 1834 2637 1890 unum;

656 1912 937 1996 Thyrsis
971 1935 1146 1988 ονεε,
1181 1910 1491 1994 Corydon
1522 1911 1841 1976 distentas
1874 1909 2039 1976 lacte
2066 1910 2347 1996 capellas
2375 1938 2391 1990 ς

657 2012 878 2078 Ambo
904 2012 1215 2076 florentes
1245 2012 1571 2089 aetatibuS,
1605 2009 1902 2076 Arcades
1934 2013 2149 2089 ambo,

572 2117 613 2178 5
660 2113 754 2178 Et
783 2123 1046 2178 cantare
1075 2133 1293 2196 parce,
1323 2122 1391 2176 et
1420 2113 1822 2196 respondere
1853 2113 2084 2197 parati.

659 2218 814 2282 Huc
843 2218 1022 2294 mihi,
1053 2218 1212 2281 dum
1241 2227 1500 2281 teneras
1532 2217 1819 2281 defendo
1847 2240 1888 2281 a
1914 2215 2156 2300 frigore
2186 2227 2455 2302 myrtos,

656 2318 780 2382 Vir
808 2320 1027 2403 gregis
1058 2321 1201 2402 ipse
1231 2340 1432 2403 caper
1461 2319 1917 2396 deerraverat3
1964 2330 2161 2401 atque
2190 2341 2315 2401 ego
2348 2317 2669 2403 Daphnin

656 2418 975 2504 Adspicio
1000 2443 1015 2482 ε
1062 2417 1168 2482 ille
1199 2420 1313 2483 ubi
1341 2440 1442 2482 me
1473 2429 1701 2482 contra
1726 2419 1927 2496 videt,
1961 2417 2191 2493 Ocilia,
2224 2421 2453 2503 inquit,

657 2521 812 2584 Huc
837 2521 1022 2596 adm,
1055 2541 1095 2584 ο
1127 2517 1479 2596 Meliboee3
1526 2541 1727 2602 caper
1758 2519 1876 2582 tibi
1899 2517 2138 2596 salvus,
2168 2530 2237 2583 et
2264 2519 2475 2599 haedi;

531 2623 611 2686 10
657 2622 770 2697 Et,
805 2623 862 2684 si
889 2620 1048 2704 quid
1079 2641 1340 2684 cessare
1373 2629 1587 2704 poteS,
1618 2619 1956 2703 requiesce
1988 2620 2113 2683 sub
2142 2620 2403 2685 umbra:

656 2720 813 2784 Huc
843 2720 969 2804 ipsi
993 2729 1223 2804 potum
1251 2721 1513 2784 venient
1542 2741 1663 2804 per
1690 2730 1881 2804 prata
1903 2719 2209 2804 juvenci3

554 2904 691 2950 1—3.
728 2903 914 2964 Arguta
935 2903 1054 2958 ilice,
1078 2899 1176 2948 levi
1197 2915 1310 2948 cum
1331 2915 1532 2949 susurro
1554 2915 1611 2948 ac
1674 2909 1892 2949 uranmr.
1962 2899 2060 2948 Sed
2080 2899 2160 2948 hic
2184 2915 2243 2948 ea
2264 2901 2521 2952 difficultas
2536 2904 2640 2966 jam
2672 2905 2808 2954 anti·-

483 2980 747 3022 murmure,
785 2980 873 3013 seu
905 2963 1048 3012 sibilo
1082 2963 1232 3021 venti,
1265 2963 1460 3026 agitata.
1529 2964 1611 3012 Sic
1675 2964 1783 3026 quis
1800 2963 2137 3012 animadversa
2154 2964 2323 3024 oritur,
2344 2967 2473 3028 quod
2488 2967 2657 3016 oestivo
2674 2979 2809 3018 tem·-

484 3029 670 3079 Graecis
688 3030 832 3078 arbor
847 3027 963 3090 ᾄδει,
983 3025 1234 3090 συρίζω-αι,
1249 3025 1510 3087 μελίζεται,
1532 3031 1607 3089 ψι-
1673 3043 1793 3092 pore
1817 3037 1920 3076 tota
1937 3029 2083 3090 hujus
2102 3029 2281 3092 eclogae
2298 3045 2377 3078 res
2396 3029 2473 3104 agi
2492 3031 2731 3091 videatur,
2750 3033 2813 3082 in

485 3091 667 3168 θυρίζει.
720 3093 1026 3156 Expressum
1043 3105 1160 3138 vero
1177 3091 1269 3138 hoc
1288 3090 1484 3139 initium
1501 3107 1607 3139 car-
1676 3107 1785 3155 quo,
1810 3091 2038 3156 inprimis
2072 3092 2299 3140 clementi
2326 3094 2483 3143 Italtae
2503 3095 2641 3153 caelo,
2661 3110 2691 3143 a
2713 3097 2807 3146 fi-i-

483 3157 634 3204 mmis
667 3173 694 3204 e
728 3157 934 3204 Theocr.
969 3152 1110 3228 ldyll.
1145 3154 1208 3212 vi,
1255 3157 1278 3202 1
1313 3169 1383 3217 sq.
1421 3163 1471 3202 et
1505 3155 1608 3213 viii,
1672 3171 1789 3218 gore
1808 3157 1971 3204 nullus
1990 3165 2150 3204 metus
2166 3173 2272 3205 esse
2290 3167 2467 3221 potest.
2514 3160 2807 3209 Descende-

489 3223 510 3268 1
539 3236 640 3284 sqq.
681 3221 704 3268 1
741 3235 796 3268 aa
821 3218 1044 3266 Meliboei
1065 3217 1280 3266 narratio
1301 3219 1449 3267 habet
1473 3234 1607 3267 sum·
1673 3229 1791 3268 runt
1828 3220 1951 3268 adeo
1989 3218 2083 3272 viri
2121 3218 2251 3268 docti
2290 3221 2352 3268 ad
2392 3223 2807 3274 emendationem.

484 3300 615 3332 mam
631 3294 682 3332 et
771 3281 930 3330 έλειαν
947 3290 997 3330 et
1017 3280 1322 3331 suavitatem.
1381 3285 1436 3330 In
1457 3301 1609 3342 unum,
1678 3284 1945 3332 Enimvero
1978 3283 2057 3346 agi
2093 3283 2173 3331 hic
2212 3285 2273 3332 de
2304 3300 2455 3334 verno
2492 3295 2711 3351 tempore
2746 3299 2813 3337 ut

483 3347 689 3396 subaudi
712 3347 887 3394 locum.
1676 3356 1960 3406 statuamus,
1990 3357 2040 3396 et
2065 3351 2227 3396 umbra
2256 3365 2446 3410 quercus
2481 3359 2531 3398 et
2558 3354 2812 3401 arundinis

548 3414 596 3468 4,
623 3413 666 3458 5.
703 3413 941 3458 Florentes
967 3412 1184 3457 oetatt'bus
1215 3419 1271 3457 ut
1299 3419 1444 3473 poeta
1467 3409 1609 3468 dixit,
1676 3420 1844 3459 tenero.
1860 3411 2058 3468 mentio,
2084 3421 2135 3458 et
2154 3429 2291 3473 apum
2312 3429 2529 3462 susurrus
2541 3413 2809 3478 permittit,

483 3477 627 3524 ambo
665 3475 868 3523 florente
903 3482 1059 3520 aetate.
1140 3475 1206 3520 Et
1239 3481 1427 3520 cantare
1453 3490 1609 3534 pares,
1675 3477 1855 3536 depulsi
1882 3490 1999 3522 vero
2030 3490 2059 3521 a
2088 3475 2214 3522 lacte
2236 3480 2347 3538 agni
2374 3485 2425 3524 et
2444 3479 2656 3526 distenta
2682 3481 2813 3528 laete

483 3541 532 3587 h.
573 3554 719 3604 pares
751 3537 1008 3595 cantando,
1049 3545 1100 3584 et
1133 3546 1338 3598 uterque
1379 3539 1611 3586 amoebaeo
1675 3541 1863 3600 capellae
1877 3537 2023 3587 etiam
2034 3539 2235 3600 jubent;
2273 3539 2409 3587 exitu
2426 3539 2559 3588 enim
2575 3551 2804 3590 auctum-

483 3602 700 3652 carmine
739 3611 1002 3667 prestans:
1061 3600 1152 3649 hoc
1193 3601 1436 3676 expressit
1461 3617 1608 3662 para-
1676 3601 1775 3649 nali
1799 3617 1915 3650 oves
1936 3602 1990 3649 in
2016 3601 2161 3649 Italia
2216 3619 2354 3651 arere
2375 3613 2545 3652 notum
2569 3613 2657 3653 est.
2692 3605 2805 3653 Ad-

485 3676 558 3715 τω
591 3667 654 3714 ad
685 3668 1054 3728 respondendum,
1089 3664 1219 3727 quod
1250 3679 1302 3712 m
1336 3681 1394 3713 eo
1427 3681 1609 3740 genere
1674 3664 1841 3716 derem
1858 3681 2028 3713 versus
2046 3666 2125 3722 46,
2144 3667 2177 3712 4-
2225 3685 2237 3722 ς
2272 3667 2359 3716 sed
2374 3667 2470 3716 vid.
2496 3668 2558 3716 ad
2582 3670 2659 3716 53.
2712 3669 2805 3717 In-

483 3730 822 3780 difficillimum
867 3738 956 3777 est.
1047 3730 1246 3777 Nemes.
1289 3728 1394 3777 Ecl.
1435 3728 1486 3786 ii,
1533 3730 1606 3785 16,
1673 3739 1821 3778 eunte
1858 3742 2021 3778 autem
2053 3745 2169 3778 vere
2206 3746 2306 3778 non
2344 3746 2455 3780 raro
2488 3731 2565 3779 uri
2604 3733 2808 3782 arboren

484 3799 614 3842 ambo
643 3811 735 3842 aevo
761 3801 984 3854 cantuque
995 3808 1149 3852 pares.
1207 3791 1404 3839 Similes
1427 3791 1550 3839 adeo
1570 3790 1609 3839 ii
1673 3801 1911 3840 nocturno
1940 3793 2120 3855 frigore
2150 3793 2387 3853 videmus,
2424 3803 2474 3842 et
2506 3804 2679 3858 myrtos
2712 3797 2801 3845 fri-

483 3857 568 3919 qui
613 3874 742 3906 nunc
790 3855 928 3904 Italis
972 3857 1314 3915 Improvisatori
1363 3853 1607 3902 dicuntur.
1673 3856 1805 3918 goi-is
1824 3855 2136 3919 impatientes
2159 3873 2265 3904 esse
2282 3857 2425 3906 docet
2443 3859 2719 3916 Martinam
2752 3870 2809 3909 et

484 3921 628 3976 Quod
655 3936 772 3970 vero
803 3921 1007 3967 Arcades
1031 3921 1161 3965 ambo
1187 3925 1317 3974 sunt,
1354 3917 1406 3964 id
1437 3933 1527 3981 per
1554 3933 1609 3965 se
1672 3933 1699 3966 r
1764 3919 1810 3966 'o
1829 3918 1925 3967 ista
1946 3919 2073 3966 ultra
2094 3920 2284 3968 Padum
2305 3920 2538 3984 frigidior.

483 3983 694 4033 otiosum
712 3997 810 4032 non
833 3992 976 4040 esset,
993 3997 1106 4030 cum
1128 3981 1172 4028 is
1191 3981 1404 4044 populus
1425 3979 1613 4029 musica
1700 3934 1784 4032 ἐς
1826 3983 1873 4029 V
1869 3985 1914 4028 ἐν
1925 3987 2085 4044 gregis
2102 3986 2200 4044 ipae
2216 4001 2355 4045 caper
2372 3985 2520 4032 habet
2540 4001 2569 4032 a
2591 3986 2803 4035 Theocr.

485 4047 696 4095 maxime
733 4047 1082 4095 delectaretur:
1119 4044 1228 4109 ipsa
1262 4044 1408 4092 etiam
1443 4044 1609 4108 legum
1674 4043 1775 4102 viii,
1795 4046 1881 4092 49:
1906 4049 2005 4106 ipse
2024 4061 2162 4108 caper
2179 4046 2500 4106 decri-averet,
2514 4048 2733 4111 adeoque
2752 4059 2809 4098 et

484 4109 756 4174 disciplina,
781 4110 842 4157 ad
863 4108 1152 4158 molliendos
1176 4107 1431 4156 hominum
1461 4108 1612 4158 nullis
1674 4109 1802 4158 haedi
1830 4117 2055 4172 totusque
2076 4125 2229 4173 grem
2264 4111 2393 4169 hinc,
2418 4127 2563 4160 versu
2592 4114 2638 4169 9,
2662 4129 2808 4175 caper

484 4173 686 4223 urbibus
721 4173 1044 4222 habitantium
1069 4189 1245 4230 morea,
1273 4187 1333 4221 ea
1357 4181 1460 4220 arte
1497 4188 1608 4221 eru·
1676 4177 1764 4222 tibi
1792 4176 1959 4231 εαῐοειε,
1984 4183 2030 4222 et
2058 4178 2193 4222 hoedi.
2260 4175 2692 4224 Animadverterat
2716 4192 2807 4226 eoa

483 4237 742 4286 dicbantur
773 4237 942 4311 pueri3
990 4247 1130 4286 erant
1163 4237 1327 4300 itaque
1361 4237 1491 4285 inter
1525 4253 1610 4286 eos
1676 4246 1727 4286 et
1754 4237 1807 4286 in
1842 4247 2005 4286 tutum
2038 4238 2199 4287 locum
2226 4239 2527 4302 compulerat
2556 4239 2803 4304 Daphnis.

483 4303 649 4366 plures
672 4300 756 4363 qui
777 4316 829 4348 in
854 4315 912 4348 ea
933 4301 1241 4349 excellerent.
1676 4302 1773 4350 Sed
1808 4301 1941 4350 idem
1980 4303 2243 4351 Meliboeus
2282 4312 2501 4352 armenta
2538 4305 2801 4367 pascebat;

549 4366 593 4412 6.
637 4363 842 4427 Defende
870 4382 901 4412 a
923 4363 1120 4427 frigore,
1153 4365 1361 4422 vindico,
1399 4365 1611 4428 tegendo
1675 4366 1851 4429 quibus
1888 4366 2169 4427 adjunctum
2204 4365 2500 4430 capellarum
2543 4377 2597 4415 et
2632 4367 2807 4417 ovium

483 4445 566 4478 eas
604 4428 852 4488 stramine,
891 4429 1151 4477 sarmentis
1189 4439 1279 4477 etc.
1321 4444 1382 4477 ne
1427 4430 1607 4492 frigore
1674 4445 1872 4493 gregem
1894 4431 2129 4479 habebat:
2164 4428 2222 4478 cf.
2248 4446 2291 4479 v.
2323 4431 2395 4488 11,
2420 4439 2471 4479 et
2494 4431 2568 4479 15.
