3050 4934
475 245 606 309 248

1369 242 1897 310 AENEIDOS

484 396 607 462 180
651 398 745 463 Et
773 419 969 476 nunc,
1001 397 1181 484 qnod
1211 399 1456 483 patrias
1486 408 1683 462 vento
1710 397 1963 482 petiere
1992 394 2335 480 Mycenas,

647 499 856 564 Arma
883 500 1176 584 deosque
1205 511 1441 584 parant
1469 500 1762 575 comites,
1794 496 2165 583 pelagoque
2193 515 2489 560 remenso

649 601 991 686 Improvisi
1021 601 1336 666 aderunt:
1383 601 1473 665 ita
1503 601 1743 684 digerit
1770 599 1984 662 omina
2013 596 2313 662 CalchaS.

647 703 842 766 Hanc
873 724 993 787 pro
1025 701 1344 779 Palladio,
1373 702 1622 778 moniti,
1653 722 1775 785 pro
1805 699 2064 763 numine
2095 697 2255 762 laeso

648 803 953 889 Effigiem
981 813 1308 882 statuere3
1349 802 1536 867 nefas
1566 825 1714 887 quae
1744 803 1931 866 triste
1962 801 2193 885 piaret.

411 953 425 956 -
481 907 602 970 185
646 906 842 971 Hanc
872 917 1088 970 tamen
1116 907 1489 970 immensam
1520 904 1797 969 Calchas
1830 902 2125 968 attollere
2155 899 2387 965 molem

645 1009 1026 1073 Roboribus
1059 1008 1256 1073 textis
1263 1055 1280 1085 ,
1313 1006 1610 1090 coeloque
1639 1006 1923 1070 educere
1944 1004 2178 1090 jussit3

646 1109 756 1175 Ne
788 1112 990 1195 recipi
1017 1111 1249 1195 portiS,
1275 1121 1391 1174 aut
1421 1110 1575 1174 duci
1602 1110 1668 1172 in
1699 1109 1935 1174 moenia
1963 1107 2195 1192 possit,

646 1210 804 1277 Neu
833 1210 1148 1297 populum
1176 1212 1444 1295 antiqua
1476 1211 1601 1274 sub
1629 1209 1941 1294 religione
1966 1209 2158 1273 tueri.

647 1313 823 1376 Nam
853 1313 910 1376 si
937 1323 1155 1377 vestra
1183 1334 1412 1376 manus
1439 1311 1746 1376 violasset
1775 1312 1950 1375 dona
1981 1310 2323 1384 Minervae,

481 1414 604 1478 190
647 1413 823 1478 Tum
849 1435 1154 1497 magnum
1183 1413 1452 1477 exitium
1483 1412 1687 1497 (quod
1718 1412 1789 1476 di
1815 1413 1998 1497 prius
2026 1433 2212 1476 omen
2242 1411 2309 1474 in
2338 1409 2553 1493 ipsum

645 1514 1044 1579 Convertant
1062 1515 1106 1597 l)
1137 1513 1376 1578 Priami
1406 1515 1677 1599 imperio
1708 1513 2211 1598 Phrygibusque
2242 1511 2551 1576 futurum.

648 1617 766 1681 Sin
795 1618 1093 1681 manibus
1123 1617 1356 1681 vestris
1389 1628 1671 1682 vestram
1701 1615 2151 1680 adscendisset
2178 1615 2244 1676 in
2274 1613 2538 1690 urbem3

646 1719 840 1784 Ultro
871 1717 1098 1784 Asiam
1125 1741 1362 1803 magno
1393 1718 1683 1803 Pelopea
1712 1719 1798 1782 ad
1828 1719 2066 1784 moenia
2095 1715 2268 1780 bello

646 1819 1030 1897 Venturam,
1064 1831 1132 1884 et
1159 1832 1420 1884 nostros
1451 1843 1531 1885 ea
1562 1820 1697 1884 fata
1724 1841 1985 1884 manere
2016 1829 2313 1902 nepoteS.

479 1925 602 1988 195
646 1922 923 1988 Talibus
954 1922 1202 1986 insidiis
1231 1921 1613 2006 perjurique
1644 1931 1783 1985 arte
1818 1919 2077 1984 Sinonis

644 2026 915 2090 Credita
941 2046 1083 2102 res;
1133 2023 1436 2107 captique
1468 2020 1635 2088 dolis
1662 2022 2069 2106 lacrimisque
2100 2021 2366 2096 coactis),

647 2127 836 2200 Quos
866 2147 1079 2209 neque
1110 2123 1432 2208 Tydides,
1465 2146 1588 2188 nec
1620 2123 1987 2187 Larissaeus
2017 2119 2335 2198 Achilles,

645 2227 801 2290 Non
832 2227 985 2289 anni
1014 2224 1325 2290 domuere
1357 2225 1607 2300 decem,
1638 2247 1769 2288 non
1798 2223 1969 2288 mille
2000 2224 2261 2289 carinae.

732 2327 864 2391 Hic
894 2325 1071 2390 aliud
1100 2327 1309 2410 majus
1338 2327 1591 2390 miseris
1620 2324 1953 2409 multoque
1986 2324 2395 2389 tremendum

471 2431 601 2494 200
645 2429 977 2513 Objicitur
1003 2428 1230 2511 magiS,
1262 2438 1458 2511 atque
1489 2427 1850 2511 improvida
1880 2437 2149 2510 pectora
2178 2425 2421 2489 turbat.

471 2634 616 2668 omen
645 2618 898 2666 inciderat.
956 2616 1128 2678 Itaque
1157 2615 1384 2664 similiter
1409 2615 1595 2672 statuit,

471 2699 578 2731 esse
615 2681 820 2730 Achivis
860 2681 1100 2730 Graeciam
1138 2680 1469 2743 repetendam,
1507 2694 1595 2728 an-

470 2745 626 2810 spicia
659 2746 728 2794 ibi
763 2745 1090 2802 instauranda,
1121 2753 1172 2791 et
1201 2759 1311 2792 cum
1342 2743 1452 2808 ipso
1483 2744 1595 2791 Pal-

470 2810 600 2858 ladio
618 2819 802 2868 avect0,
817 2820 874 2859 ut
889 2809 1174 2858 restituatur
1193 2808 1245 2856 in
1259 2808 1426 2856 sedem
1442 2823 1596 2866 suam,

470 2874 828 2923 revertendum.

542 2941 648 2996 180,
689 2941 794 2986 181.
842 2938 911 2986 Et
941 2952 1071 2986 nunc
1105 2936 1234 2997 qnod
1268 2935 1320 2983 in
1355 2935 1597 2985 Graeciam

469 3003 735 3061 redierunt,
782 3004 872 3050 hoc
917 3017 976 3049 eo
1019 3001 1246 3064 pertinet,
1292 3017 1351 3048 eo
1393 2999 1598 3050 consilio

469 3067 652 3116 factum
684 3075 771 3123 est,
802 3076 856 3114 ut
889 3065 1215 3128 parent—sed
1245 3075 1390 3128 poeta
1423 3065 1593 3127 exqui-

471 3130 564 3179 site
589 3131 804 3178 medium
822 3129 1055 3178 orationis
1073 3130 1344 3177 membrum
1364 3131 1594 3192 neglexit.

471 3198 619 3242 Arma
647 3201 832 3255 parant,
857 3194 904 3241 h.
930 3209 972 3240 e.
997 3209 1114 3258 opes
1137 3203 1186 3242 et
1213 3195 1378 3258 copias
1400 3194 1598 3242 bellicas

471 3259 760 3315 instaurant,
793 3261 897 3306 deos
924 3267 1099 3319 parant
1130 3262 1313 3306 comites
1345 3258 1484 3308 factis
1517 3273 1596 3308 sa·

471 3323 567 3372 cris
588 3322 817 3387 placatos.

541 3389 646 3435 182.
681 3389 762 3435 Ita
783 3389 958 3450 digerit
985 3391 1135 3435 omina
1157 3387 1362 3446 Calchas,
1387 3389 1435 3436 h.
1461 3405 1502 3436 e.
1528 3387 1598 3436 ita

471 3455 634 3510 omina,
669 3460 888 3500 monstra
915 3467 960 3500 v.
991 3451 1097 3510 171,
1129 3453 1177 3499 h.
1204 3467 1246 3500 e.
1283 3463 1487 3509 ostenta,
1525 3453 1593 3500 si-

470 3517 667 3579 mulque
697 3531 866 3565 eorum
899 3517 1314 3592 procurandorum
1341 3517 1594 3575 rationem,

469 3585 656 3645 digerit,
681 3581 888 3639 ordinat,
911 3589 1262 3645 interpretatur
1281 3582 1500 3630 Calchas.

397 3649 406 3656 '
540 3648 646 3704 183,
694 3648 799 3694 184.
856 3646 1054 3694 Interea
1095 3650 1268 3704 moniti,
1315 3644 1596 3694 Calchantis

470 3710 674 3770 monitu,
699 3711 904 3758 Palladii
937 3710 1058 3770 vice,
1084 3726 1180 3773 quo
1208 3720 1348 3774 rapto
1370 3710 1474 3758 deae
1501 3709 1596 3758 sibi

468 3775 591 3824 iram
625 3775 910 3832 conflavere,
947 3775 1010 3822 ad
1043 3775 1348 3850 sacrilegium
1389 3773 1592 3838 expian-

469 3839 601 3898 dum,
626 3843 742 3888 hane
771 3843 975 3902 effigiem,
999 3840 1091 3886 hoc
1119 3855 1229 3901 equi
1261 3838 1469 3901 signum,
1493 3849 1593 3887 sta-

469 3913 682 3952 tuerunt.
749 3905 820 3950 At
851 3903 1006 3951 Sinon
1037 3919 1142 3951 rem
1166 3904 1297 3951 hunc
1320 3903 1372 3950 in
1397 3903 1595 3952 modum

467 3967 842 4042 interpretatur:
882 3966 1097 4016 Achivos
1119 3967 1188 4014 ait
1219 3968 1344 4016 hanc
1373 3967 1595 4016 fraudem

466 4032 769 4081 machinatos
801 4047 922 4090 csse,
958 4040 1014 4078 ut
1049 4031 1248 4094 TroJani
1283 4031 1500 4081 vicissim
1534 4033 1594 4079 ad

467 4095 774 4159 sacrilegium
796 4095 1198 4145 comnffitendum
1231 4096 1591 4159 pellicerentur,

467 4157 669 4207 donario
703 4160 945 4218 Minervas
976 4160 1182 4216 violato;
1231 4176 1327 4223 quo
1362 4161 1489 4208 facto
1520 4161 1595 4209 ira

467 4221 571 4270 deae
593 4223 652 4270 ab
677 4223 881 4272 Achivis
901 4225 954 4274 in
977 4225 1215 4287 Trojtmos
1239 4235 1522 4274 verteretur.

1664 2614 1735 2663 tui
1748 2614 1916 2690 possit,
1932 2615 1996 2663 ad
2011 2623 2194 2662 tantam
2207 2613 2593 2678 magnitudinem
2608 2630 2793 2678 equum

1662 2679 1770 2729 fieri
1806 2679 1891 2742 (ad
1928 2693 2025 2726 tam
2056 2678 2309 2742 ingentem
2340 2678 2533 2736 molem,
2568 2679 2792 2728 trabibus

1662 2752 1954 2802 contextam,
1974 2743 2226 2802 extollere,
2242 2752 2292 2792 et
2310 2752 2508 2800 tantam,
2529 2753 2583 2792 ut
2600 2743 2663 2791 ad
2684 2760 2786 2792 οω-

1662 2807 1763 2856 lum
1796 2807 2075 2871 pertingere
2108 2806 2356 2869 videatur)
2384 2807 2533 2883 jussit
2563 2807 2787 2856 Calchas.

1662 2872 1828 2920 Etiam
1856 2872 1909 2919 in
1938 2873 2266 2920 membrorum
2296 2871 2469 2920 ordine
2500 2881 2551 2920 et
2578 2872 2787 2921 colloca-

1662 2937 1795 2984 tione
1817 2946 2013 3001 poetam
2034 2937 2271 3000 agnoscis.

1732 3003 1837 3048 188.
1888 3004 2097 3062 Antiqua
2144 3004 2376 3064 religione,
2420 3001 2470 3048 h.
2508 3016 2549 3048 e.
2588 3015 2649 3048 ea
2690 3015 2789 3063 qua

1662 3075 1941 3129 surreptum
1996 3065 2267 3114 Palladium
2318 3074 2463 3114 antea
2504 3065 2785 3122 coluerant3

1662 3145 1725 3177 ne
1764 3145 1894 3178 nunc
1930 3146 2019 3194 pro
2066 3130 2284 3179 Palladio
2319 3145 2472 3191 equus
2506 3129 2786 3188 haberetur,

1661 3195 2327 3318 ἓῖῗιαὲΐῒηαῖῗηωῖῖῖἶηῖἱ,
2342 3193 2568 3322 Ριῗὲῗὲ
2592 3195 2790 3309 ἱῖῗὲἶιὲ

2064 3295 2077 3318 9

1662 3324 2135 3437 Ροῗέἓῖξῗαέἳῒι
2169 3403 2201 3436 a
2234 3387 2372 3438 vobis
2404 3388 2457 3436 in
2492 3389 2665 3438 urbem
2704 3389 2783 3437 in-

1661 3453 1835 3502 ductus
1874 3463 2003 3502 esset
2039 3469 2205 3516 equus,
2244 3453 2497 3516 Trojanos,
2534 3454 2787 3504 conversis

1660 3517 1787 3576 satis,
1812 3519 1973 3582 Argos
2006 3533 2112 3566 esse
2148 3517 2276 3566 bello
2308 3517 2549 3582 petituros
2573 3527 2625 3566 et
2646 3519 2781 3567 exci-

1660 3597 1815 3630 suros.

1731 3647 1998 3695 195—198.
2037 3647 2305 3722 Egregium
2340 3645 2677 3723 epiphonema,
2702 3647 2781 3695 in-

1662 3711 1851 3760 clusum
1888 3721 2133 3760 sententia
2172 3711 2334 3774 aliqua
2366 3711 2686 3776 inprimisque
2718 3712 2785 3760 ad

1660 3775 2021 3824 miserationem
2054 3785 2235 3841 aptum.
2284 3779 2490 3826 Achilles
2522 3778 2784 3826 Larium

1661 3839 1821 3904 simpl.
1856 3841 2147 3896 Thessalum
2182 3840 2303 3890 alias
2338 3857 2436 3889 non
2476 3841 2593 3890 satis
2634 3857 2779 3890 accu-

1658 3913 1791 3961 rate3
1826 3919 1939 3952 nam
1962 3905 2159 3953 Larissa
2182 3915 2285 3953 turn
2310 3904 2491 3954 Achilli
2514 3921 2613 3954 non
2634 3897 2779 3969 pare-

1659 3969 1755 4025 bat,
1780 3968 1864 4016 sed
1890 3969 2061 4026 Letho,
2082 3978 2133 4016 et
2153 3986 2183 4018 a
2204 3971 2423 4034 PelasgIs
2442 3969 2778 4019 habitabatur:

1662 4032 1757 4082 vid.
1785 4032 1924 4083 Iliad.
1949 4037 1998 4092 β,
2024 4035 2119 4081 840
2149 4049 2250 4097 sqq.
2306 4037 2443 4083 Mille
2472 4039 2659 4092 carine,
2684 4049 2777 4083 nn-

1659 4113 1795 4146 mero
1816 4097 1979 4163 paullo
2014 4097 2224 4147 crassius
2260 4115 2323 4148 ex
2356 4114 2504 4156 tesso,
2530 4107 2589 4147 ut
2618 4098 2783 4148 solent

1658 4172 1842 4227 poetae:
1877 4163 1974 4210 vid.
2002 4163 2209 4227 Popium
2232 4163 2295 4211 ad
2318 4115 2459 4212 iliad.
2479 4166 2531 4218 β.

1726 4229 1831 4284 199,
1858 4229 1967 4276 200.
2006 4228 2237 4292 Sequitur
2266 4228 2402 4277 locus
2424 4227 2486 4276 de
2507 4229 2779 4285 Laocoonte,

537 4287 804 4338 185—187.
841 4291 999 4342 Quam
1023 4298 1208 4348 ornate,
1223 4290 1266 4338 si
1289 4289 1480 4353 singula
1499 4305 1586 4339 ex·
1655 4307 1683 4340 a
1707 4291 1917 4367 Virgilio
1949 4308 2139 4341 summa
2170 4308 2281 4340 cum
2315 4303 2418 4341 arte
2450 4301 2700 4349 tractatus,
2726 4292 2779 4340 in

465 4349 678 4414 pendas!
739 4351 818 4398 Ne
847 4363 1008 4402 tamen
1033 4353 1226 4402 votivus
1255 4355 1334 4402 hic
1359 4370 1512 4417 equus
1535 4353 1590 4402 in

467 4415 636 4465 urbem
661 4413 845 4473 inferri,
871 4425 920 4464 et
941 4431 1032 4480 pro
1054 4417 1254 4467 numine
1272 4419 1468 4468 tutelari
1485 4428 1585 4468 sta·

1654 4372 1750 4467 quo
1784 4356 2282 4414 animadvertendum,
2320 4372 2464 4418 quam
2502 4371 2775 4404 accommo-

1686 4429 1765 4468 ate
1788 4429 1931 4484 poeta
1964 4420 2130 4470 omnia
2160 4421 2224 4470 ad
2257 4430 2491 4471 terrorem
2526 4421 2777 4480 extulerit,
