3050 4934
472 261 553 321 12

1301 250 1950 318 BUCOLICON

640 407 758 471 Me
792 416 1005 470 tamen
1035 405 1166 468 urit
1196 425 1410 481 amor3
1457 405 1604 488 quis
1633 404 1804 468 enim
1832 401 2065 465 modus
2096 399 2269 462 adsit
2296 396 2498 461 amori
2515 399 2545 460 ἵ

637 507 753 571 Ah
783 507 1114 590 Corydon,
1148 505 1478 590 Corydon,
1510 529 1663 590 quae
1690 515 1756 568 te
1789 503 2115 568 dementia
2144 501 2354 584 cepit!

509 609 595 672 70
640 608 1048 691 Semiputata
1075 609 1194 669 tibi
1224 606 1538 669 frondosa
1566 607 1711 669 vitis
1738 607 1805 668 in
1834 603 2008 668 ulmo
2038 613 2163 667 est.

639 709 819 782 Quin
847 718 921 772 tu
948 706 1193 790 aliquid
1224 705 1472 782 saltem,
1503 707 1725 790 potius
1752 724 2029 788 quorum
2058 702 2309 783 indiget
2337 723 2523 775 usuS,

641 807 1010 873 Viminibus
1041 805 1344 891 mollique
1375 828 1571 890 paras
1602 805 1913 869 detexere
1936 803 2165 886 junco.

640 912 938 975 Invenies
969 908 1186 984 alium‚
1219 909 1275 971 si
1305 918 1370 971 te
1400 906 1508 971 hic
1536 906 1808 982 fastidit,
1840 901 2107 968 Alexin.

531 1116 609 1162 68.
646 1113 850 1162 Theocr.
876 1111 957 1160 vii.
985 1112 1061 1159 56.

532 1179 609 1226 69.
647 1178 690 1225 Ε
715 1177 920 1224 Theocr.
947 1175 1013 1233 xi,
1039 1177 1101 1225 72
1124 1191 1194 1238 sq.

533 1243 610 1292 70.
637 1243 924 1302 Semiputata
941 1237 1270 1299 tibisraemdoea.
1313 1237 1388 1285 Cfi
1405 1237 1465 1285 ad
1485 1237 1589 1285 Ec).

465 1305 498 1364 i,
524 1307 602 1362 57,
627 1315 678 1352 et
697 1307 818 1352 Geo.
842 1303 893 1361 ii,
919 1306 1030 1350 410.
1078 1304 1318 1366 Objurgat
1339 1318 1392 1350 se
1411 1301 1588 1366 ipsum,

466 1369 595 1431 quod
612 1368 764 1417 amori
784 1367 1044 1430 indulgens
1059 1382 1226 1416 curam
1243 1365 1404 1430 operis
1419 1365 1589 1413 rustici

467 1432 685 1495 negligit.
745 1432 944 1480 Servius
977 1430 1038 1478 ad
1064 1431 1111 1478 h.
1136 1431 1166 1478 l.
1192 1429 1593 1494 superstitionem

467 1506 688 1546 veterum
729 1506 1090 1554 commemorat,
1125 1499 1174 1542 in
1206 1499 1353 1542 sacris
1385 1497 1480 1542 dici
1500 1492 1589 1556 su-

465 1577 568 1609 rore
601 1564 772 1622 corripi
805 1577 904 1607 eum
936 1563 1018 1621 qm·
1045 1562 1372 1620 saerffloavert't
1401 1562 1456 1606 de
1489 1562 1594 1606 vino

467 1628 588 1686 quod
613 1633 683 1673 eet
713 1627 770 1672 de
800 1627 972 1671 vitibus
1001 1627 1240 1685 imputatis
1253 1643 1274 1678 ,-
1305 1631 1450 1685 atque
1483 1623 1595 1671 talis

465 1689 551 1738 lex
583 1687 712 1736 inter
747 1689 794 1736 N
799 1703 925 1736 umae
955 1688 1088 1751 leg-es
1121 1697 1444 1736 memoratur:
1481 1690 1594 1735 Diis

467 1769 524 1800 σε
536 1757 764 1815 imputata
778 1757 868 1801 vite
882 1769 938 1801 ne
953 1753 1140 1801 libanto.
1175 1753 1330 1814 Cujus
1346 1751 1593 1816 opinionis

468 1816 530 1866 ad
552 1817 820 1868 acuendam
837 1814 1130 1866 rusticorum
1147 1816 1438 1866 industriam
1455 1831 1590 1866 sum-

1656 1124 1737 1158 ma
1768 1108 1843 1156 vis
1874 1123 1981 1158 esse
2010 1106 2193 1156 debuit.
2250 1107 2586 1170 Amputantur
2617 1113 2792 1152 autem

1656 1173 1781 1221 vites
1802 1172 1879 1220 bis
1904 1172 1958 1219 in
1988 1185 2131 1228 anno,
2154 1171 2368 1235 primum
2398 1167 2793 1226 aestate,deinde

1692 1246 1769 1284 ost
1788 1237 1907 1284 Idus
1926 1237 2177 1292 Octobres,
2192 1244 2249 1283 ut
2265 1233 2595 1282 maturitatem
2607 1247 2665 1280 ca
2718 1269 2727 1276 .

1674 1310 1841 1350 ructus
1872 1309 1925 1348 et
1944 1299 2046 1348 sole
2072 1299 2216 1362 coqui
2246 1297 2451 1374 possint.
2519 1297 2599 1344 De
2630 1249 2795 1344 uitem

1654 1365 1745 1413 hac
1768 1363 2101 1428 amputatione
2124 1361 2435 1427 accipiendus
2460 1361 2597 1409 locus
2618 1360 2787 1409 Theo-

1656 1429 1767 1478 criti
1786 1429 1865 1486 vii,
1895 1430 2001 1484 134,
2022 1427 2153 1489 quod
2173 1437 2391 1492 apparet,
2410 1425 2456 1474 si
2476 1425 2697 1473 conferas
2715 1423 2789 1472 ih.

1656 1509 1751 1542 vss.
1770 1495 1849 1550 24,
1860 1494 1935 1539 25.
1974 1492 2114 1540 Idem
2126 1491 2181 1539 in
2194 1491 2447 1540 arboribus
2460 1488 2567 1538 fieri
2582 1503 2793 1536 necesse

1659 1568 1746 1616 est,
1784 1557 1958 1620 quibus
1990 1557 2115 1604 vites
2156 1571 2209 1604 ee
2244 1555 2517 1618 adjungunt
2548 1562 2599 1601 et
2631 1549 2785 1600 susti-

1660 1633 1853 1680 nentur,
1878 1635 1941 1669 ne
1960 1620 2137 1668 mula
2156 1620 2329 1668 umbra
2350 1618 2440 1666 viti
2462 1625 2649 1666 noceat.

1723 1687 1799 1737 71.
1841 1689 2039 1739 Quorum
2062 1687 2239 1746 indiget
2256 1701 2391 1732 usus.-
2426 1697 2535 1745 quae
2553 1681 2617 1729 sd
2637 1695 2789 1729 usum

1656 1751 1771 1800 vitae
1791 1750 1985 1798 rusticae
2006 1748 2305 1800 necessariaz
2340 1746 2441 1795 scil.
2464 1761 2549 1794 vas
2568 1744 2790 1808 aliquod,

1658 1815 1737 1864 vel
1756 1815 2014 1864 calathum.
2074 1816 2247 1872 Mollia,
2268 1811 2463 1870 flexilis,
2486 1807 2642 1874 ⁶796ss-

966 2597 1414 2666 ECLOGA
1458 2599 1601 2665 111.
1694 2595 2290 2663 PALAEMON.

1323 2913 1935 2964 ARGUMENTUM.

475 3061 770 3126 Disceptant
811 3064 903 3112 hoc
947 3063 1164 3112 carmine
1203 3061 1405 3111 alternis
1446 3060 1669 3110 versibus
1712 3061 1810 3109 duo
1848 3069 2083 3124 pastores,
2134 3058 2388 3106 Damoetas
2432 3056 2785 3118 mercenarius,

536 3142 746 3204 AEgonis
767 3159 883 3191 oves
903 3159 1123 3207 pascens,
1149 3151 1199 3191 et
1223 3142 1490 3199 Menalcas,
1511 3140 1691 3206 puerili
1716 3148 1859 3188 aetate
1884 3139 2194 3196 constitutus,
2224 3147 2275 3186 et
2302 3136 2483 3202 puerili
2508 3138 2791 3202 petulentia

535 3221 744 3270 alterum
766 3223 1038 3278 lacessens:
1074 3225 1214 3286 cujus
1235 3221 1480 3279 carminis,
1503 3224 1767 3270 amoebaeum
1784 3219 1907 3268 illud
1928 3218 2121 3276 dicitur,
2146 3235 2205 3266 es
2226 3219 2309 3266 lex
2331 3227 2419 3276 est,
2440 3229 2498 3267 ut
2519 3219 2562 3266 is
2588 3218 2671 3281 qui
2702 3233 2785 3267 re-

533 3301 756 3365 spondet,
784 3301 960 3350 iisdem
985 3301 1204 3351 versibus
1237 3319 1292 3350 ac
1327 3301 1545 3350 numeris
1575 3309 1661 3350 sut
1690 3299 1989 3349 contrarium
2022 3309 2108 3347 ant
2137 3301 2292 3362 majus
2327 3309 2377 3347 et
2404 3298 2657 3363 pulchrius
2692 3298 2788 3347 ali-

533 3381 664 3442 quod
697 3380 840 3439 dicat,
861 3392 946 3430 aut
979 3381 1080 3430 ulla
1111 3381 1208 3430 alia
1237 3381 1428 3430 ratione
1457 3381 1619 3430 simile
1651 3380 1770 3443 quid
1801 3380 2041 3443 subjiciat.
2110 3380 2287 3442 Neque
2324 3395 2389 3428 ex
2417 3379 2590 3428 eodem
2618 3379 2789 3428 omnia

537 3470 826 3524 arg-umento
847 3476 1047 3510 necesse
1077 3469 1155 3509 est
1175 3476 1282 3509 esse
1307 3461 1476 3525 petita,
1499 3461 1589 3509 sed
1616 3477 1647 3508 a
1668 3461 1817 3509 variis
1848 3477 1903 3508 ac
1939 3459 2146 3509 diversis
2167 3461 2314 3525 plane
2348 3461 2495 3509 rebus
2520 3458 2787 3516 arcessitu

535 3543 675 3604 cujus
697 3540 895 3604 quidem
917 3540 990 3590 rei
1013 3541 1136 3590 bene
1159 3556 1399 3590 memores
1421 3557 1529 3590 esse
1549 3541 1797 3600 debemus,
1822 3557 1885 3588 ne
1912 3549 2196 3604 argutemur
2216 3541 2269 3588 in
2298 3541 2641 3589 constituendo
2667 3556 2785 3589 sen-

535 3621 800 3670 tentiarum
835 3620 1006 3670 ordine
1045 3631 1096 3670 et
1130 3636 1275 3670 nexu.
1345 3621 1511 3670 Etiam
1548 3631 1714 3672 nostro
1751 3630 1970 3686 tempore
2015 3624 2121 3684 ejus
2164 3621 2360 3685 generis
2399 3620 2616 3670 carmina
2652 3621 2789 3686 apud

539 3703 692 3752 Italos
714 3702 768 3750 in
787 3701 946 3766 pretio
969 3701 1154 3761 haberi,
1179 3711 1232 3750 et
1249 3702 1439 3752 laudari
1459 3712 1631 3767 poetas
1656 3705 2013 3764 Improvisatori,
2034 3712 2151 3750 nota
2170 3717 2251 3750 res
2274 3711 2361 3750 est.

472 3782 678 3831 Occasio
698 3782 845 3844 hujus
865 3780 1148 3830 certaminis
1166 3797 1342 3844 parum
1363 3782 1573 3830 feliciter
1594 3799 1624 3830 a
1645 3781 1879 3831 conviciis
1902 3781 2084 3831 mutuis
2106 3792 2158 3831 et
2182 3783 2391 3847 probris,
2412 3783 2589 3846 quibus
2614 3799 2670 3831 se
2702 3783 2783 3832 iu-

537 3863 694 3912 vicem
715 3863 975 3919 lacessunt,
1000 3859 1213 3926 petitur:
1246 3861 1300 3908 in
1323 3861 1498 3924 quibus
1520 3877 1621 3910 non
1643 3863 1787 3909 modo
1808 3863 2003 3910 honesti
2026 3871 2080 3910 et
2100 3862 2263 3911 decori
2288 3863 2423 3912 nulla
2447 3863 2574 3912 ratio
2599 3863 2784 3923 habita,

536 3959 705 3992 verum
731 3959 793 3992 ne
815 3942 868 3991 id
890 3941 1102 4005 quidem,
1126 3940 1254 4002 quod
1275 3951 1436 4005 poetae
1461 3957 1641 3990 nomen
1672 3952 1723 3990 et
1744 3951 1970 3990 naturam
1998 3942 2158 4000 efficit,
2184 3952 2456 4007 spectatum
2488 3953 2575 4002 est,
2601 3954 2658 3992 ut
2683 3960 2785 3994 non

535 4023 631 4071 nisi
665 4033 817 4086 gratae
844 4033 894 4072 et
917 4021 1150 4086 jucundae
1185 4037 1264 4069 res
1297 4021 1661 4070 exhiberentur.
1730 4023 1837 4070 Nec
1877 4021 2075 4070 omnino
2106 4022 2295 4072 inventi
2325 4039 2503 4089 magns
2530 4025 2638 4074 laus
2674 4041 2784 4075 esse

535 4111 724 4168 potest3
761 4118 858 4151 non
881 4104 1028 4151 modo
1049 4102 1102 4151 in
1132 4117 1332 4150 summa·
1352 4101 1598 4161 carminis,
1624 4111 1699 4151 est
1720 4103 1851 4150 enim
1872 4102 2081 4167 petitum
2104 4115 2446 4168 argumentum
2468 4121 2497 4153 e
2518 4105 2787 4154 Theocrito

537 4181 679 4246 Idyll.
703 4181 754 4230 iv
778 4191 828 4230 et
849 4199 908 4238 νς
945 4199 1115 4232 verum
1146 4193 1197 4232 et
1225 4182 1278 4232 in
1305 4181 1514 4248 singulis
1536 4183 1757 4232 versibus
1788 4193 2038 4248 pastorum
2070 4185 2164 4234 sibi
2190 4185 2622 4250 respondentium:
2658 4185 2783 4235 nihil

534 4263 668 4312 enim
689 4262 742 4310 in
773 4261 873 4310 illis
905 4273 979 4310 est
1001 4263 1144 4325 quod,
1180 4263 1390 4312 naturali
1421 4264 1584 4327 aliquo
1617 4264 1971 4313 sententiarum
2002 4264 2171 4314 ordine
2195 4265 2427 4326 vinctum,
2452 4266 2552 4315 vim
2582 4267 2643 4316 acl
2672 4266 2779 4315 ani-

533 4359 668 4392 mum
689 4343 880 4392 habeat.
951 4342 1154 4406 Singula
1176 4345 1384 4394 disticha
1405 4355 1522 4394 sunt
1548 4345 1741 4409 singula
1773 4345 2016 4401 carmina3
2053 4363 2212 4411 scopae
2244 4347 2428 4398 solutoe.
2497 4346 2678 4412 Agitur
2699 4364 2782 4398 res

533 4423 663 4472 inter
683 4437 862 4488 pascua
887 4430 937 4470 et
956 4437 1130 4486 greges
1151 4440 1240 4488 per
1263 4437 1405 4488 agros
1426 4441 1629 4490 gramen
1652 4436 1935 4490 carpentes:
1971 4426 2030 4474 cf.
2058 4441 2099 4474 ν.
2126 4429 2205 4475 55.
