3050 4934
457 275 546 340 28

1289 265 1935 334 BUCOLICON

633 423 940 509 Daphnis
969 432 1040 488 et
1065 419 1410 486 Armenias
1441 443 1639 486 curru
1668 419 2066 504 subjungere
2096 417 2301 501 tigres

500 527 587 590 30
630 526 958 603 Instituit3
1005 522 1310 608 Daphnis
1341 521 1590 586 thiasos
1618 523 1927 586 inducere
1958 518 2231 595 Bacchi,

631 629 726 692 Et
755 627 924 692 foliis
954 626 1166 691 lentas
1191 626 1489 690 intexere
1517 623 1819 688 mollibus
1846 621 2095 686 hastas.

630 729 807 793 Vitis
835 737 912 793 ut
939 728 1286 793 arboribus
1317 726 1541 792 decori
1568 735 1695 802 est,
1724 735 1800 789 ut
1829 725 2069 789 vitibus
2098 745 2269 800 uvae,

629 831 726 894 Ut
757 831 1068 915 gregibus
1099 829 1299 905 tauri,
1327 839 1587 912 segetes
1614 837 1691 890 ut
1716 827 2069 911 pinguibus
2100 826 2307 902 arvis3

628 931 742 996 Tu
771 933 972 996 decus
1004 953 1196 996 omne
1225 930 1382 994 tuis.
1453 929 1817 1013 Postquam
1846 939 1913 992 te
1942 927 2077 991 fata
2104 925 2419 1002 tulerunt,

496 1035 586 1098 35
630 1034 787 1118 Ipsa
817 1032 1014 1097 Pales
1041 1054 1267 1116 agroS,
1293 1041 1492 1115 atque
1521 1031 1667 1116 ipse
1696 1028 1959 1113 reliquit
1984 1027 2253 1113 Apollo.

627 1135 928 1199 Grandia
958 1155 1136 1218 saepe
1163 1133 1403 1218 quibus
1431 1133 1876 1196 mandavimus
1906 1131 2158 1196 hordea
2188 1129 2409 1207 sulcis,

627 1235 866 1301 Infelix
893 1234 1116 1300 loliu‘m
1140 1244 1214 1297 et.
1238 1232 1490 1298 steriles
1521 1244 1879 1299 nascuntur
1906 1254 2151 1298 avenae.

627 1338 761 1402 Pro
789 1335 966 1402 molli
993 1335 1182 1412 viola,
1214 1357 1340 1419 pro
1367 1356 1711 1419 purpureo
1734 1335 2052 1410 narcissO,

624 1440 930 1504 Carduus
957 1447 1026 1502 et
1056 1437 1260 1522 spinis
1293 1437 1502 1520 surgit
1532 1435 1825 1520 paliurus
1854 1436 2091 1500 acutis.

492 1543 582 1606 40
624 1541 930 1626 Spargite
959 1539 1228 1604 humum
1259 1536 1456 1614 foliis,
1481 1537 1773 1602 inducite
1804 1536 2094 1602 fontibus
2124 1538 2415 1615 umbras,

450 1763 576 1794 voces
596 1749 663 1793 ad
679 1747 836 1794 sidera
841 1743 1034 1808 jactant
1054 1744 1235 1791 Intonsi
1247 1749 1432 1790 montes.
1479 1740 1581 1790 Sed

450 1810 532 1858 hic
565 1818 655 1868 est,
686 1817 857 1858 montes
893 1805 956 1856 εἴ
975 1810 1103 1856 ³310ae
1135 1815 1422 1864 memorant,
1461 1821 1575 1854 nar-

451 1883 577 1932 rant,
602 1877 748 1922 leones
768 1875 1053 1936 ingemuisse.
1102 1872 1237 1920 Nam
1253 1887 1350 1935 pro
1365 1885 1579 1918 remote

452 1938 610 2003 accipi
656 1941 779 2000 loqui
823 1952 924 1986 non
961 1945 1142 2000 potest,
1183 1951 1296 1983 cum
1339 1933 1579 1998 pmteriti

452 2002 688 2066 temporis
709 2018 815 2050 rem
835 2000 893 2048 τὸ
916 2003 1184 2063 ingemina
1205 1999 1402 2046 indicet.
1473 1999 1575 2046 Ita·

451 2083 546 2130 que
565 2067 804 2114 dicendus
824 2075 900 2113 est
919 2074 1066 2176 poeta
1091 2063 1258 2128 paullo
1291 2061 1462 2136 din-ius
1488 2077 1576 2110 ex-

450 2131 688 2195 pressisse
719 2130 850 2178 idem
884 2129 920 2176 il
941 2129 1008 2176 ud
1039 2127 1168 2192 quod
1206 2137 1320 2176 ante
1370 2126 1579 2184 dixerat,

451 2199 598 2244 coruli
632 2203 770 2243 testes
799 2201 847 2242 et
871 2195 1066 2257 flumina
1097 2195 1327 2254 Nymphis
1340 2211 1356 2238 .·
1391 2191 1434 2240 si
1463 2200 1581 2240 sunt

451 2268 616 2318 testes,
634 2259 677 2307 si
699 2257 1046 2314 meminerunt,
1061 2272 1193 2306 nunc
1213 2255 1362 2305 etism
1379 2266 1582 2304 narrant

452 2323 632 2373 audita.
700 2325 872 2371 Leones
893 2320 1035 2384 xviros
1055 2331 1302 2386 pastorem
1327 2319 1382 2368 in
1412 2319 1581 2369 sicilia

452 2387 724 2435 extinctum
742 2385 922 2434 deflere
943 2385 1028 2434 vix
1060 2395 1206 2450 poeta
1239 2384 1372 2432 credi
1394 2385 1575 2440 voluit;

449 2452 540 2500 sed
563 2461 639 2500 est
663 2450 918 2516 epitheton
945 2465 1156 2506 ornans;
1193 2459 1250 2498 ut
1273 2464 1390 2498 mox
1409 2452 1575 2498 Arm-

452 2520 544 2565 m’ae
577 2520 736 2579 tigres,
760 2525 812 2563 et
841 2530 993 2578 supra
1021 2517 1228 2577 Cydonia
1258 2516 1398 2572 mala,
1421 2517 1579 2561 Sitho-

451 2585 533 2630 m‘a
577 2585 691 2636 mh,-
728 2590 791 2638 et,
827 2579 957 2642 quod
989 2579 1144 2627 multo
1176 2577 1334 2642 magis
1367 2578 1575 2636 mireris,

453 2645 560 2694 Ecl.
585 2661 634 2703 x,
659 2647 737 2702 29,
773 2647 884 2692 libet
917 2647 1094 2692 Partho
1128 2651 1335 2706 torquere
1371 2646 1579 2704 Cydonio

451 2727 591 2758 cornu
632 2712 836 2770 Spicula.
923 2707 1053 2756 Sunt
1091 2716 1254 2756 tamen
1289 2705 1456 2754 leones
1496 2723 1578 2756 se·-

453 2773 714 2836 quentibus
737 2771 943 2836 tigribus
977 2770 1291 2833 adjungendi,
1315 2779 1372 2818 ut
1399 2781 1451 2819 et
1484 2771 1581 2836 ipsi

451 2853 482 2886 a
506 2837 688 2886 Bacchi
715 2837 914 2885 leonum
943 2835 1198 2886 domitoris
1229 2835 1404 2900 fabulis
1435 2835 1583 2901 petiti

453 2911 505 2950 et
520 2901 602 2950 hic
625 2900 878 2950 memorati
897 2900 1012 2949 sint.

519 2968 595 3014 29.
627 2967 752 3014 Haec
773 2976 825 3014 et
841 2981 960 3028 sqq„
985 2964 1149 3029 paullo
1169 2963 1426 3029 abmptius
1446 2963 1581 3028 posi-

453 3040 517 3088 ta,
551 3029 841 3094 simpliciter
865 3046 925 3078 eo
956 3029 1324 3094 interpretanda
1355 3038 1484 3085 sunt,
1508 3039 1581 3088 ut,

453 3096 515 3143 ad
535 3095 783 3159 augendas
803 3097 907 3156 eJus
925 3093 1094 3142 laudes
1117 3102 1168 3141 et
1189 3091 1582 3157 amplificandam

451 3159 754 3222 dignitatem,
799 3158 1112 3232 Daphnidem
1147 3173 1292 3206 suum
1330 3173 1485 3206 unum
1518 3173 1583 3206 ex

451 3223 635 3271 Bacchi
677 3222 1092 3271 commilitonibus
1141 3231 1194 3270 et
1231 3220 1378 3270 sociis
1428 3222 1583 3272 fuisse

451 3287 620 3349 fingat,
649 3287 730 3350 qui
764 3301 901 3334 sacra
936 3285 1116 3334 Bacchi
1149 3286 1420 3335 instituerit
1449 3286 1581 3336 inter

451 3361 686 3416 pastores,
708 3361 854 3414 atque
876 3351 997 3398 adeo
1019 3350 1322 3398 carimonias
1342 3351 1474 3400 inter
1491 3351 1578 3400 Li-

453 3415 695 3465 beralibus
716 3414 960 3464 sollennes
992 3414 1284 3473 exhibuerit,
1306 3415 1436 3464 inter
1459 3432 1581 3478 quus

453 3481 634 3528 Bacchi
670 3496 751 3530 res
785 3493 936 3543 gestae
971 3479 1290 3544 inprimisque
1327 3479 1390 3527 ad
1428 3480 1579 3528 Indos

451 3545 701 3609 expeditio
743 3543 1086 3609 repraesentari
1127 3543 1330 3592 solebat.
1419 3545 1581 3599 Quam

449 3610 799 3659 convenienter
836 3610 940 3658 haec
984 3610 1048 3657 de
1083 3608 1348 3673 Daphnide
1385 3617 1581 3673 pastore

449 3683 725 3731 narrentur,
761 3690 862 3722 non
893 3673 1066 3723 dicam.
1135 3673 1382 3722 Bacchum
1415 3685 1581 3722 autem

449 3755 596 3788 curru
617 3739 822 3814 tigribus
838 3741 1011 3801 juncto
1028 3738 1154 3796 vehi,
1177 3737 1451 3787 innumeris
1473 3754 1579 3786 rno-

449 3815 698 3853 numentis
719 3812 924 3852 constat.

517 3871 593 3916 30.
637 3872 824 3916 Thiasus
847 3869 1059 3915 iuducere
1081 3869 1258 3914 Bacchi
1279 3864 1466 3929 accipio
1488 3882 1579 3929 pro

450 3932 681 3996 slimplici
699 3933 876 3982 ducere
893 3931 1067 3980 choros
1085 3929 1440 3988 bacchantium,
1455 3946 1575 3993 qua-

451 3996 522 4044 les
545 4013 674 4061 soepe
697 3998 750 4046 in
773 4013 866 4046 ana
901 3995 1062 4060 lyphis
1084 4003 1136 4042 et
1153 3993 1376 4056 gemmis.

449 4125 522 4172 vit
550 4126 684 4173 hunc
715 4126 900 4174 luctum
939 4125 1174 4174 Moschus
1211 4123 1350 4187 Idyll.
1389 4124 1458 4182 iii,
1495 4125 1573 4172 66.

447 4193 572 4238 Fato
589 4193 808 4248 tulerunt,
826 4191 1144 4238 abstulerunt.
1192 4189 1341 4236 Hom.
1363 4188 1503 4238 Iliad.
1524 4193 1574 4248 β,

449 4256 558 4312 302,
582 4253 663 4302 οὓς
676 4253 744 4313 μὴ
765 4255 904 4315 κῆρες
926 4253 1045 4310 ἔβαν
1065 4251 1284 4303 θανάτοιο
1305 4252 1548 4316 φέρουσαι.

514 4321 591 4365 35.
628 4321 767 4366 Pales
795 4326 840 4366 et
865 4322 1026 4380 Apollo
1055 4318 1264 4368 Nomius
1296 4337 1431 4382 agros
1464 4322 1576 4366 reli-

449 4391 658 4444 querunt,
691 4382 880 4431 deliciis
912 4383 1028 4440 suis,
1065 4384 1327 4447 Daphnide
1363 4383 1577 4446 inquam,

445 4447 539 4496 sibi
563 4447 744 4512 ereptis
761 4458 810 4496 et
827 4447 1014 4504 ablatis,
1033 4457 1088 4493 ut
1105 4449 1418 4496 solitudinem
1435 4465 1576 4511 agro-

916 4061 1076 4109 heocr.
1123 4059 1206 4115 vii,
1253 4057 1330 4109 79.
1411 4061 1569 4108 orua-

1644 1755 1755 1790 rum
2084 1741 2291 1790 Smnmo
2306 1757 2419 1790 cum
2444 1740 2622 1790 affectu
2648 1743 2771 1802 hac,

1642 1805 1707 1853 ad
1720 1807 1927 1867 jacturae
1945 1805 2333 1868 magnitudinem
2353 1805 2629 1869 dolorisque
2656 1823 2773 1870 gra-

1642 1869 1857 1926 vitatem,
1881 1868 2013 1917 dicta
2032 1879 2161 1918 sunt.
2202 1871 2331 1918 Cum
2352 1885 2411 1918 ea
2428 1879 2592 1918 tamen
2614 1881 2777 1920 morte

1640 1933 2021 1996 eorumdemque
2072 1934 2279 1982 deorum
2333 1934 2567 1994 disemus,
2630 1951 2777 1998 agros

1644 2013 1834 2046 summa
1860 1996 2091 2046 sterilitas
2113 2013 2351 2062 occupare
2374 1997 2570 2055 ‹ie-buin
2606 1999 2775 2062 itaque

1642 2077 1875 2136 versiam
1894 2063 2205 2126 sequentinm
2230 2063 2477 2112 sententia
2502 2063 2622 2113 inde
2648 2080 2771 2114 uo-

1643 2137 1783 2174 ntur.

1710 2191 1786 2249 36,
1805 2191 1881 2242 37.
1910 2191 1973 2240 In
1994 2190 2056 2240 iis
2077 2191 2224 2240 sulcis
2248 2191 2422 2256 quibizs
2437 2195 2623 2252 hordea,
2641 2193 2776 2256 quod

1642 2255 1724 2304 hic
1756 2255 1957 2304 omnino
2024 2271 2082 2304 ro
2118 2257 2291 2319 quovis
2322 2257 2559 2306 frumenti
2590 2273 2779 2320 genere

1643 2319 1843 2379 dictum,
1877 2273 2173 2378 serebamus,
2215 2318 2379 2382 “¹1le
2412 2325 2566 2370 lolium
2600 2322 2772 2382 (infm-

1642 2385 1872 2442 cundum,
1905 2394 1963 2433 ut
1992 2393 2159 2433 coum
2180 2384 2307 2446 setta:
2340 2385 2491 2449 seges)
2522 2395 2574 2434 et
2603 2403 2778 2447 avene,

1642 2449 1755 2496 vani
1778 2449 1927 2498 culmi
1950 2448 2112 2497 vitiosi
2129 2449 2378 2508 &umenti
2401 2460 2682 2500 nascuntur.

1708 2516 1785 2572 38,
1812 2515 1889 2562 39.
1924 2512 2038 2562 Vid.
2063 2513 2268 2564 Theou.
2292 2515 2325 2573 i,
2365 2516 2457 2564 132
2488 2532 2559 2578 sq.
2586 2532 2773 2578 μημι-

1641 2595 1746 2626 retoe
1766 2581 2011 2636 narcissus,
2036 2594 2067 2626 a
2087 2595 2335 2643 purpureo
2356 2579 2535 2644 calyce.
2600 2583 2775 2629 Paliu-

1642 2659 1722 2690 ms
1761 2641 1952 2692 fruticis
1993 2642 2155 2708 spinei
2200 2652 2253 2692 et
2291 2643 2405 2694 rubi
2444 2660 2537 2694 seu
2576 2645 2775 2695 rbauini

1703 2722 1811 2755 nus.

1639 2722 1790 2818 ge40.
1827 2774 2044 2835 Spargite
2060 2770 2400 2834 humumfhlt‘iae,
2415 2773 2457 2822 si
2470 2773 2667 2838 proprie
2684 2789 2771 2822 ac-

1644 2834 1814 2900 cipias,
1835 2837 1927 2885 hoc
1944 2851 2046 2884 non
2064 2836 2161 2886 nisi
2178 2837 2239 2885 de
2258 2837 2433 2886 florum
2451 2854 2507 2888 ac
2525 2837 2777 2888 finndium

1786 2900 1899 2948 ione
1915 2917 2004 2965 pet
2012 2901 2215 2950 humum
2228 2901 2411 2967 exponi
2422 2911 2596 2967 potest.
2645 2903 2775 2952 Hor.

1696 2964 1743 3012 d.
1760 2964 1829 3022 iii,
1846 2968 1919 3023 18,
1940 2963 2013 3024 1³4,
2025 2969 2217 3028 Spargn
2230 2974 2435 3028 agrestes
2448 2970 2537 3015 tim·
2550 2967 2775 3030 (Fame)

1646 3031 1765 3077 silva
1771 3027 1979 3090 frondes.
2048 3028 2183 3078 Fieri
2201 3031 2292 3078 hoc
2315 3031 2585 3094 putandum
2616 3041 2695 3079 est
2722 3031 2777 3082 in

1646 3093 1881 3142 honorem
1901 3094 2193 3158 Daphnidis.
2228 3095 2657 3158 Inducitefintt'bus
2672 3111 2775 3144 m-

1648 3159 1771 3216 oras,
1794 3159 1951 3207 multo
1984 3159 2139 3221 magis
2159 3175 2337 3221 vag-um
2376 3171 2428 3208 et
2460 3159 2775 3210 indefinitum

1647 3231 1747 3280 est;
1783 3222 1887 3272 sive
1918 3223 1989 3272 sic
2018 3223 2241 3298 accipias,
2264 3233 2320 3272 ut
2348 3225 2545 3274 arbores
2579 3241 2771 3289 ponan-

1646 3297 1726 3335 tur
1745 3287 1876 3336 circa
1903 3288 2077 3346 fontes,
2105 3303 2209 3336 sive
2238 3301 2297 3336 ut
2323 3289 2447 3336 rami
2473 3288 2774 3340 frondentes.

1646 3353 1729 3400 An
1755 3368 1873 3400 vero
1898 3353 1991 3400 hoc
2020 3352 2151 3400 circa
2176 3367 2345 3400 omnes
2371 3353 2531 3402 fontes
2553 3353 2661 3402 fieri
2684 3355 2775 3404 de-

1644 3417 1741 3472 bet,
1771 3426 1821 3464 et
1848 3419 2114 3478 quorsum?
2152 3416 2309 3464 Aiunt
2338 3417 2487 3466 ritum
2518 3418 2777 3468 funebrem

1645 3495 1775 3536 esse;
1824 3481 1911 3528 sed
1933 3481 2041 3544 quis
2072 3496 2185 3528 eum
2212 3496 2417 3544 usquam
2446 3483 2775 3532 memoravit?

1646 3543 1790 3592 Circa
1824 3544 2069 3594 tumulum
2101 3546 2298 3594 arbores
2328 3547 2426 3594 seri
2448 3563 2554 3595 mos
2583 3547 2679 3595 fuit
2702 3547 2775 3610 (v.

1645 3625 1687 3656 c.
1733 3607 1873 3656 Iliad.
1900 3605 1940 3670 ζ’,
1964 3608 2101 3670 419),
2144 3625 2244 3658 non
2280 3626 2397 3658 vero
2428 3610 2558 3660 circa
2595 3612 2773 3662 fontes.

1648 3673 1701 3721 Si
1727 3689 1873 3738 porro
1895 3674 1956 3722 de
1978 3674 2233 3722 arboribus
2290 3674 2497 3724 onendis
2518 3692 2575 3725 ac
2602 3691 2775 3726 seren!-

1646 3737 1723 3786 dis
1752 3738 1978 3803 accipias,
2011 3755 2225 3787 accomm
2322 3749 2425 3788 tum
2460 3741 2569 3800 erit,
2592 3750 2649 3789 ut
2704 3741 2775 3791 ri-

1644 3818 1730 3914 ἓξ
1745 3803 2152 3915 ⁵233320223322
2170 3808 2779 3920 ῒὲξῗῖἔωζΜῖῑι-ΐὲῒῖ

1642 3931 1772 3979 hanc
1802 3931 2041 3979 rationem
2074 3932 2211 3980 locus
2238 3933 2309 3980 Ec
2329 3949 2435 3996 ogae
2464 3933 2531 3991 ix,
2568 3936 2642 3993 19,
2666 3940 2773 3997 qais

1642 3998 1822 4044 humum
1838 3998 2110 4055 florentibus
2136 3999 2289 4045 herbis
2310 4001 2576 4062 Spargeret,
2598 4007 2682 4048 aut
2700 4004 2773 4048 vi-

1640 4062 1737 4106 ridi
1748 4058 1906 4121 sontes
1936 4063 2170 4108 italae-eret
2192 4065 2354 4110 umbra
2368 4067 2393 4109 Ρ
2428 4065 2673 4112 Neutrum
2698 4074 2772 4113 ta-

1640 4140 1755 4172 men
1790 4124 1919 4172 inter
1951 4125 2162 4173 honores
2196 4127 2403 4176 mortuis
2432 4127 2623 4176 habitos
2668 4145 2774 4177 me-

1643 4187 1822 4238 morari
1843 4205 2045 4252 usquam
2068 4189 2193 4246 vidi;
2230 4206 2506 4253 quanquam
2531 4193 2593 4240 ad
2616 4191 2783 4242 fontes

1642 4264 1693 4302 et
1716 4255 1767 4302 in
1790 4254 1959 4302 viretis
1986 4255 2103 4302 olim
2126 4255 2383 4318 sepulchra
2404 4255 2529 4304 facta
2564 4273 2685 4314 esse,
2724 4267 2774 4299 et

1644 4319 1841 4367 frondes
1876 4318 2001 4366 ferre
2050 4318 2179 4366 inter
2222 4319 2431 4368 honores
2475 4330 2525 4368 et
2570 4331 2774 4369 munera

1644 4393 1948 4431 mortuorum
1992 4383 2213 4432 habitum
2265 4400 2387 4442 esse,
2434 4400 2531 4432 non
2580 4381 2771 4442 ignoro.

1646 4448 1786 4496 Nihil
1810 4447 1938 4508 quod
1962 4446 2025 4494 ad
2056 4462 2160 4496 rem
2192 4446 2349 4506 faciat,
2375 4445 2583 4496 afferunt
2611 4443 2771 4492 inter-
