3050 4934
468 238 595 301 568

1362 240 1886 305 AENEIDOS

639 390 967 466 Substitit,
996 389 1452 475 infremuitque
1484 392 1696 469 ferox,
1729 404 1796 456 et
1823 392 2151 455 inhorruit
2183 413 2434 469 armos3

639 491 787 557 Nec
816 493 1115 576 cuiquam
1137 494 1327 556 irasci
1357 494 1707 578 propiusve
1737 493 2052 557 accedere
2082 493 2311 569 virtus,

641 593 778 657 Sed
796 591 1031 677 jaculis
1062 594 1351 677 tutisque
1380 593 1610 677 procul
1639 594 2028 659 clamoribus
2059 595 2338 671 instant3

640 693 757 758 Ille
788 705 1007 759 autem
1035 694 1396 777 impavidus
1426 706 1649 779 partes
1679 703 2022 759 cunctatur
2049 696 2116 757 in
2147 716 2371 758 omnes

470 796 597 860 715
642 793 973 859 Dentibus
1002 793 1401 872 infrendens,
1432 806 1503 859 et
1528 807 1717 880 tergo
1746 798 1996 860 decutit
2023 794 2286 860 hastas}

642 896 847 960 Haud
878 895 1086 973 aliter,
1109 897 1310 979 justae
1339 898 1577 980 quibus
1609 908 1712 961 est
1741 896 2114 961 Mezentius
2141 897 2279 974 irae,

641 998 799 1063 Non
827 995 941 1061 ulli
968 1006 1071 1061 est
1100 998 1347 1061 animus
1380 998 1606 1063 stricto
1635 1020 2020 1063 concurrere
2052 998 2266 1075 ferro;

641 1097 1003 1163 Missilibus
1030 1096 1223 1182 longe
1250 1109 1319 1162 et
1347 1109 1533 1164 vasto
1561 1099 1840 1164 clamore
1869 1098 2219 1164 lacessunt.

640 1200 934 1266 Venerat
962 1200 1241 1283 antiquis
1275 1198 1550 1284 Corythi
1580 1201 1664 1265 de
1693 1200 1933 1264 finibus
1965 1198 2214 1277 Acron,

470 1303 599 1367 720
642 1302 887 1367 Graius
918 1300 1147 1379 hom03
1178 1300 1469 1387 ,infectos
1498 1301 1797 1386 linquens
1829 1300 2150 1386 profugus
2169 1300 2590 1384 hymenaeos:

642 1404 843 1469 Hunc
871 1404 987 1467 ubi
1013 1396 1389 1468 miscentem
1419 1402 1612 1488 longe
1641 1405 1856 1469 media
1885 1405 2140 1487 agmina
2169 1403 2350 1479 vidit,

642 1506 1057 1589 Purpureum
1086 1506 1315 1588 pennis
1346 1515 1415 1569 et
1443 1516 1654 1590 pactae
1684 1506 1977 1590 conjugis
2009 1516 2224 1582 ostr03

643 1606 971 1691 Impastus
1003 1604 1259 1669 stabula
1288 1605 1419 1670 alta
1445 1605 1550 1670 leo
1579 1628 1702 1671 ceu
1731 1629 1906 1691 saepe
1935 1628 2292 1691 peragrans
2315 1632 2331 1683 ς

642 1708 895 1773 Suadet
922 1707 1090 1771 enim
1122 1728 1363 1771 vesana
1390 1706 1630 1786 fames3

1679 1709 1734 1772 si
1763 1708 1931 1773 forte
1967 1707 2264 1793 fugacem

471 1811 598 1875 725
641 1810 1006 1893 Conspexit
1034 1830 1358 1892 capream,
1390 1819 1505 1872 aut
1535 1820 1912 1894 surgentem
1939 1810 2006 1873 in
2035 1830 2278 1872 cornua
2307 1826 2602 1886 cervum3

643 1910 935 1987 Gaudet,
964 1908 1153 1973 hians
1184 1910 1479 1986 immane,
1513 1932 1858 1995 comasque
1887 1909 2153 1985 arrexit,
2184 1919 2254 1971 et
2282 1907 2492 1973 haeret

641 2011 1023 2079 Visceribus
1056 2031 1254 2094 super
1282 2012 1696 2095 incumbens;
1743 2009 1896 2073 lavit
1923 2009 2220 2093 improba
2250 2018 2422 2073 teter

644 2114 785 2178 Ora
814 2134 1046 2177 cruor:

642 2215 751 2279 Sic
779 2214 911 2277 ruit
938 2213 1006 2277 in
1032 2214 1273 2279 densos
1302 2214 1515 2279 alacer
1546 2214 1916 2277 Mezentius
1946 2211 2194 2276 hostes·

470 2318 599 2383 730
644 2316 972 2380 Sternitur
1001 2312 1223 2379 infelix
1252 2314 1501 2393 Acron,
1535 2325 1603 2381 et
1632 2314 1916 2380 calcibus
1946 2323 2154 2378 atram

643 2416 898 2482 Tundit
926 2415 1193 2480 humum
1224 2417 1590 2499 exspirans,
1619 2416 2022 2500 infractaque
2052 2414 2186 2478 tela
2214 2426 2529 2480 cruentat.

641 2518 865 2603 Atque
894 2519 1067 2582 idem
1093 2516 1451 2601 fugientem
1476 2517 1656 2581 haud
1686 2527 1789 2581 est
1816 2518 2124 2601 dignatus
2157 2515 2432 2580 Oroden

642 2621 973 2696 Sternere,
1004 2639 1125 2682 nec
1146 2618 1327 2702 jacta
1355 2639 1602 2682 caeeum
1628 2618 1787 2682 dare
1815 2618 2088 2703 cuspide
2118 2615 2389 2681 vulnus:

642 2723 897 2787 Obvius
926 2720 1331 2802 adversoque
1360 2719 1666 2796 occurrit,
1700 2740 1900 2801 seque
1930 2719 2070 2782 viro
2099 2719 2195 2781 vir

470 2827 598 2891 735
640 2822 955 2900 Contulit,
984 2820 1167 2886 haud
1196 2820 1373 2885 furto
1401 2818 1649 2896 melior,
1684 2819 1801 2883 sed
1831 2818 2108 2883 fortibus
2139 2820 2355 2882 armis·

538 2999 647 3055 719,
664 2998 773 3047 720.
802 2998 1125 3058 Corythistnee.
1160 2995 1387 3043 Cortona.
1425 2996 1598 3043 Graius

471 3066 609 3111 homo.
670 3062 730 3108 In
765 3060 857 3107 hoc
892 3068 979 3107 aut
1016 3059 1221 3107 eandem
1265 3058 1532 3106 fabulosam
1567 3074 1597 3106 a

472 3125 687 3189 Corytho
700 3124 927 3171 Cortonae
941 3122 1180 3185 originem
1195 3122 1418 3197 respexit
1426 3130 1595 3186 poeta;

472 3198 557 3239 aut
590 3188 642 3235 id
679 3187 806 3250 quod
836 3202 866 3235 a
902 3184 1140 3249 Dionysio
1176 3187 1315 3234 nobis
1349 3196 1596 3235 servatum

473 3262 561 3311 est,
581 3253 859 3311 Cortonam,
876 3250 1173 3299 Umbrorum
1194 3251 1380 3308 urbem,
1403 3260 1596 3313 captam

472 3329 522 3368 et
542 3315 807 3366 habitatam
828 3332 861 3365 a
882 3314 1114 3379 Pelasgis,
1135 3314 1217 3377 qui
1240 3313 1294 3362 in
1314 3314 1598 3363 societatem

470 3382 587 3432 belli
630 3396 743 3430 cum
779 3377 1129 3443 Aboriginibus
1163 3390 1413 3436 venerant,
1451 3389 1597 3441 atque

471 3448 721 3511 antiquam
754 3445 959 3493 formam
995 3458 1148 3506 usque
1182 3442 1245 3490 ad
1274 3458 1453 3505 paucos
1483 3452 1597 3491 ante

468 3508 579 3561 'eam
602 3521 795 3561 aetatem
817 3524 971 3558 annos
994 3521 1225 3557 servasse.

538 3578 645 3627 721.
713 3578 991 3631 miscentem,
1080 3572 1439 3626 ermrbsntem3
1497 3586 1598 3619 non

470 3641 637 3690 aliter:
676 3637 938 3688 κλονέοντα
957 3636 1045 3685 red
1082 3636 1200 3685 ‘tum
1222 3644 1355 3701 puta.

538 3705 646 3756 722.
682 3702 900 3758 Quaesito
916 3700 1123 3750 artificio
1142 3701 1307 3749 omnia
1322 3699 1453 3748 dicta
1467 3710 1598 3759 sunt,

472 3784 576 3833 pro,
633 3776 907 3832 gestantem
971 3780 1271 3830 purpuream
1312 3764 1509 3813 cristam
1551 3774 1603 3813 ct

470 3843 659 3883 vestem
681 3848 710 3879 a
732 3846 911 3895 sponsa
927 3839 1126 3879 textam.

539 3895 811 3949 723-729.
846 3894 1059 3958 Egregie
1082 3894 1267 3942 variata
1286 3893 1598 3968 comparatio,

470 3963 552 4011 cui
575 3960 782 4011 similem
801 3962 904 4022 jam
925 3974 1031 4022 sup.
1057 3958 1124 4017 ix,
1150 3960 1245 4006 339
1276 3974 1345 4021 sq.
1370 3956 1597 4007 vidimus.

470 4030 735 4090 Peragram
756 4026 941 4073 stabula
961 4026 1197 4085 impastus,
1215 4022 1506 4071 circumiens
1516 4025 1592 4084 ie-

464 4094 631 4154 junus,
656 4088 739 4154 qui
760 4088 941 4137 frustra
974 4087 1163 4136 stabula
1188 4086 1426 4135 lustravit.
1484 4090 1592 4135 Sta-

474 4158 581 4203 bula
604 4158 733 4203 alta.-
768 4153 1021 4218 epitheton
1054 4150 1268 4216 parietes
1304 4150 1451 4199 nimis
1472 4151 1596 4200 altos

472 4220 698 4277 declarat,
724 4233 869 4280 quam
890 4226 947 4266 ut
966 4216 1092 4266 saltu
1126 4216 1203 4264 leo
1226 4231 1457 4280 superare
1478 4231 1592 4281 pos·

472 4282 549 4331 sit.
608 4287 877 4356 Surgentem
914 4285 963 4330 in
992 4298 1161 4330 cornua
1194 4298 1383 4329 cervum.
1444 4281 1596 4329 Notio

470 4362 648 4459 8525ss
659 4348 810 4467 53:1¹3,
823 4345 1596 4467 ‘'iibfi‘oess‘effiss‘t’ffnuffifiss-'Z

1660 3009 1764 3057 pro,
1799 3007 2014 3055 surgere,
2051 2992 2282 3052 eminere,
2307 2994 2494 3058 erigere
2529 3010 2598 3053 se,
2621 2997 2788 3046 corni-

1661 3059 1777 3114 bus;
1814 3056 1900 3105 sed
1921 3056 2032 3121 plus
2067 3057 2312 3119 ἐναργείας
2340 3060 2499 3117 habet,
2525 3060 2715 3125 erigere
2734 3078 2790 3110 se

1661 3122 1713 3170 in
1735 3136 1944 3171 cornua:
1969 3131 2026 3169 ut
2045 3122 2188 3170 arbor
2203 3123 2364 3197 surg-it
2378 3123 2432 3171 in
2451 3139 2627 3183 ramos,
2647 3141 2791 3174 mons

1660 3185 1711 3233 in
1734 3202 1981 3260 cacumen.
2041 3188 2266 3248 Improba,
2291 3188 2562 3237 immodicae
2597 3190 2788 3239 voraci-

1662 3260 1788 3298 taus.

1728 3315 1757 3365 7
1759 3316 1837 3362 31.
1889 3313 2102 3377 Infracta
2139 3317 2232 3363 tela
2271 3325 2386 3364 sunt
2419 3314 2584 3365 fracta.
2647 3318 2794 3382 Saepe

1661 3394 1777 3427 vero
1797 3379 1938 3427 hasta
1958 3378 2012 3426 in
2035 3378 2210 3427 vulnus
2238 3380 2410 3428 adacta
2438 3380 2490 3429 in
2513 3380 2622 3455 ipso
2643 3381 2792 3441 ferro,

1662 3442 2194 3569 {affixam
2229 3454 2318 3503 ω’
2357 3442 2642 3508 *mm
2681 3446 2792 3510 *1220

1729 3572 1838 3629 732,
1865 3570 1972 3621 733.
2009 3574 2291 3634 Fugientem,
2331 3588 2572 3632 aversum,
2597 3582 2654 3623 ut
2687 3585 2786 3622 ter-

1663 3649 1779 3699 gum
1823 3644 1991 3699 petere
2035 3646 2202 3699 posset
2243 3637 2395 3685 hasta.
2464 3638 2601 3686 Bene
2646 3638 2787 3687 Serv.

1663 3708 1844 3757 monet,
1881 3715 1982 3749 non
2015 3700 2064 3747 h.
2101 3700 2133 3747 l.
2170 3700 2334 3763 ignavi
2371 3702 2584 3751 hominis

1667 3779 1786 3822 esse,
1812 3764 1899 3812 sed
1922 3764 2210 3813 necessitate
2234 3764 2425 3813 factam.
2485 3766 2674 3815 Firmat
2695 3768 2789 3815 hoc

1666 3828 1794 3891 quod
1826 3828 2058 3891 sequitur,
2092 3845 2226 3891 seque
2263 3833 2360 3877 viro
2396 3834 2470 3878 vir
2498 3834 2706 3889 contum,
2739 3842 2792 3879 et

1666 3909 1709 3941 v.
1732 3893 1842 3943 732.
1900 3893 2022 3941 Acci
2057 3892 2107 3940 io
2140 3894 2307 3956 fugere
2343 3893 2502 3958 simpl.
2540 3911 2644 3959 pro,
2672 3905 2790 3943 ante

1663 3958 1870 4006 alterum
1911 3957 1994 4005 inc
2085 3972 2152 4005 re.
2225 3960 2402 4007 Caecum
2442 3962 2617 4016 manus,
2657 3958 2788 4022 quod

1659 4037 1832 4071 averso
1885 4021 2123 4085 infligitur
2176 4022 2392 4086 adeoque
2455 4038 2553 4072 non
2607 4024 2784 4087 praevi-

1660 4102 1782 4135 sum.

1726 4150 1836 4209 ⁷34,
1883 4150 1992 4200 735.
2053 4150 2331 4199 Mezentius
2381 4149 2638 4215 indignum
2680 4151 2792 4201 viro

1661 4214 1773 4263 forti
1817 4214 2078 4285 arbitratus
2110 4230 2140 4263 a
2173 4224 2309 4279 tergo
2347 4216 2538 4264 hostem
2581 4216 2788 4277 eadere,

1660 4295 1770 4329 eum
1793 4296 1938 4327 cursu
1961 4278 2236 4337 antevertit,
2263 4290 2376 4328 tunc
2412 4296 2676 4331 conversus
2699 4282 2786 4329 ad-

1659 4360 1800 4393 verso
1823 4359 1907 4392 ore
1929 4343 1982 4391 in
2018 4360 2129 4393 eum
2165 4344 2414 4408 processit.
2473 4348 2618 4435 pfw
2633 4365 2650 4394 .·
2685 4362 2788 4395 non

1658 4410 1769 4457 dolo
1791 4425 1847 4457 ac
1869 4404 2038 4457 fraude
2060 4408 2368 4473 praestantior
2392 4409 2476 4457 vir.
