3050 4934
477 241 562 303 78

1297 228 1967 298 GEORGICON

653 388 905 452 Felices
937 408 1228 470 operum.
1323 385 1637 457 Quintam
1668 381 1855 466 fuge:
1903 377 2184 464 pallidus
2217 375 2456 451 OrcuS,

655 489 1188 571 Eumenidesque
1221 497 1416 563 satae3
1463 496 1601 549 tum
1627 495 1823 568 partu
1852 481 2067 546 Terra
2095 477 2380 544 nefando

651 591 1012 672 Coeumque
1043 588 1472 672 Iapetumque
1503 596 1707 661 creat,
1742 603 2113 665 saevumque
2145 577 2476 662 Typhoea,

475 692 608 755 280
655 691 747 755 Et
777 691 1150 775 conjuratos
1182 688 1417 754 coelum
1447 687 1820 752 rescindere
1852 683 2111 748 fratres.

651 792 792 856 Ter
825 803 976 855 sunt
1006 791 1219 854 conati
1249 791 1583 873 imponere
1617 785 1803 850 Pelio
1834 785 2075 849 Ossam

655 892 940 968 Scilicet,
974 901 1170 975 atque
1206 890 1400 953 Ossae
1429 888 1814 952 frondosum
1842 885 2167 949 involvere
2200 882 2588 967 Olympum:

655 997 796 1061 Ter
825 1008 1014 1081 pater
1045 1004 1416 1060 exstructos
1447 993 1706 1077 disjecit
1736 990 1999 1056 fulmine
2028 999 2305 1052 montes.

656 1099 948 1183 Septima
976 1107 1129 1181 post
1158 1097 1473 1159 decimam
1501 1092 1680 1169 felix,
1713 1103 1783 1156 et
1810 1111 2055 1175 ponere
2084 1090 2299 1164 vitem,

479 1199 612 1264 285
657 1199 751 1262 Et
781 1219 1056 1283 prensos
1088 1198 1404 1260 domitare
1435 1196 1661 1271 boves»,
1694 1204 1762 1258 et
1790 1191 1939 1256 licia
1965 1189 2111 1255 telae

655 1298 965 1362 Addere:
1013 1319 1184 1361 nona
1214 1295 1389 1378 fugae
1419 1294 1665 1370 melior,
1700 1293 2023 1358 contraria
2052 1291 2265 1355 furtis·

743 1398 960 1462 Multa
991 1399 1159 1461 adeo
1189 1395 1407 1480 gelida
1433 1394 1663 1459 melius
1698 1417 1767 1458 se
1796 1405 1989 1457 nocte
2018 1393 2288 1467 dedere,

659 1499 801 1564 Aut
831 1522 1032 1584 quum
1063 1498 1197 1562 sole
1224 1520 1393 1561 novo
1421 1507 1629 1560 terras
1660 1497 1897 1559 irrorat
1930 1493 2135 1557 Eous·

659 1601 877 1666 Nocte
907 1599 1081 1664 leves
1111 1597 1340 1662 melius
1375 1597 1655 1682 stipulae,
1689 1607 1878 1660 nocte
1911 1595 2095 1659 arida
2122 1605 2313 1679 prata

485 1705 618 1769 290
660 1703 1090 1778 Tondentur3
1137 1710 1364 1765 noctes
1392 1698 1609 1762 lentus
1642 1721 1771 1760 non
1802 1696 2023 1760 deficit
2051 1695 2305 1759 humor.

662 1805 757 1869 Et
787 1803 1052 1888 quidam
1085 1824 1264 1866 seros
1295 1801 1556 1866 hiberni
1586 1798 1671 1862 ad
1702 1798 1955 1862 luminis
1988 1798 2171 1882 ignes

553 1961 827 2014 277-280.
884 1959 1069 2014 Quinto
1107 1959 1188 2006 die
1231 1958 1292 2005 ab
1331 1957 1462 2004 lunoe
1505 1965 1617 2004 ortu

489 2036 632 2076 natos
661 2025 732 2073 ait
761 2026 959 2081 Orcum,
987 2023 1176 2079 Furias,
1201 2021 1418 2079 Titanes,
1443 2029 1494 2068 et
1525 2019 1635 2088 Gi·-

479 2101 676 2176 ἔθηκε.
758 2087 1018 2136 Recedunt
1046 2087 1148 2134 fere
1179 2087 1282 2133 haec
1315 2087 1376 2132 ab
1410 2084 1615 2132 Hesiod.

507 2161 619 2217 Εργ.
646 2153 917 2210 802—804,
941 2150 1026 2214 qui
1049 2165 1148 2198 non
1177 2167 1229 2197 eo
1251 2152 1326 2196 die
1356 2150 1542 2197 Orcum
1568 2158 1620 2196 et

493 2217 668 2265 Furias
685 2225 823 2264 natas
841 2225 1090 2272 memorat,
1105 2215 1192 2262 sed
1211 2213 1386 2261 Furias
1403 2215 1506 2276 pel-j
1513 2213 1621 2260 uria

489 2281 742 2330 hominum
761 2281 917 2328 ultum
935 2279 1022 2326 ire.
1073 2281 1208 2326 Coeus
1230 2287 1282 2325 et
1297 2280 1488 2338 Iapetus
1503 2285 1621 2324 sunt

489 2361 520 2394 e
551 2344 823 2402 Titanibus,
855 2343 981 2391 Coeli
1017 2351 1067 2390 et
1096 2343 1262 2390 Terrae
1297 2341 1500 2389 soboles.
1574 2340 1617 2388 E

489 2409 648 2457 Terra
689 2417 741 2456 et
777 2409 982 2455 Tartaro
1028 2409 1276 2468 Typhoeus.
1351 2407 1492 2452 Creat
1529 2419 1621 2468 pro

489 2473 688 2522 creavit.
747 2475 940 2520 Fratres
955 2489 971 2517 .-
999 2485 1086 2518 seu
1101 2470 1353 2532 Gigantes,
1375 2485 1462 2516 seu
1479 2469 1617 2517 Aloi-

491 2537 580 2586 das
615 2552 745 2584 nunc
775 2543 1025 2592 memorat,
1059 2535 1212 2582 Otum
1250 2543 1300 2580 et
1335 2532 1617 2596 Ephialten,

491 2601 672 2649 similia
693 2600 791 2649 illis
813 2599 1033 2647 molitos:
1072 2598 1186 2646 AEn.
1205 2596 1270 2654 vi,
1291 2599 1400 2644 580.
1457 2599 1622 2644 Hic——

497 2668 688 2713 Titania
705 2665 1010 2725 pubee—-Ht'c
1041 2671 1088 2710 et
1108 2664 1447 2722 Aloidas—qui
1469 2664 1617 2709 mani·

495 2732 578 2776 bue
597 2745 810 2790 magnum
831 2730 1086 2774 rescindere
1108 2729 1268 2774 coelum
1289 2728 1524 2788 Aggressi,
1542 2741 1620 2772 eu-

486 2795 700 2854 pern'sque
713 2795 865 2840 Iovem
883 2793 1126 2839 detrudere
1139 2792 1304 2852 regnis.
1351 2789 1445 2836 Est
1457 2797 1623 2836 autem

493 2857 750 2903 rescindere
827 2870 882 2902 ro
926 2853 1213 2902 exscindere
1265 2869 1379 2901 cum
1421 2853 1623 2901 notione

491 2934 789 2984 perrumpen
824 2919 856 2976 i,
881 2918 1011 2982 quod
1030 2919 1157 2966 bene
1179 2918 1405 2965 observat
1426 2917 1618 2966 Wakef.

491 2983 556 3032 ad
579 2983 775 3031 Lucret.
795 2983 846 3040 ii,
871 2983 983 3030 406.

559 3049 669 3105 281,
693 3049 802 3095 282.
828 3048 910 3094 Ex
928 3045 1101 3108 odyss.
1122 3055 1170 3103 λ,
1191 3046 1302 3100 314,
1324 3044 1458 3092 fonte
1476 3045 1623 3107 huJus

495 3111 683 3168 fabulae,
711 3126 820 3174 quae
852 3110 967 3158 inde
997 3117 1126 3166 nata,
1155 3109 1284 3170 quod
1314 3117 1450 3156 motu
1481 3117 1624 3157 terrae

491 3174 716 3238 graviore
749 3176 874 3222 Ossa
909 3175 972 3221 ab
1005 3173 1216 3236 Olympo
1247 3172 1440 3220 revulsa
1478 3181 1624 3234 atque

491 3237 730 3286 convallis
741 3238 872 3286 saxis
886 3236 1183 3300 rupibusque
1197 3245 1442 3284 constrata
1449 3237 1622 3286 fuerat.

495 3303 724 3352 Involvere
757 3300 836 3349 hic
871 3309 946 3348 est
971 3315 1178 3359 sursum,
1209 3301 1262 3347 in
1297 3299 1518 3348 altiorem
1550 3301 1622 3348 lo-

493 3381 604 3416 cum
625 3365 834 3416 volvere.
893 3367 1079 3413 Scilicet
1095 3374 1170 3412 est
1187 3364 1244 3420 δὴ
1261 3373 1531 3428 poetarum,
1547 3365 1625 3412 vel

591 3429 767 3492 quibus
789 3428 864 3476 vis
887 3428 1126 3476 dictorum
1150 3439 1378 3490 augetur:

559 3493 830 3541 284—286.
882 3493 929 3540 N
934 3509 998 3540 on
1033 3493 1154 3540 satis
1185 3491 1454 3548 definitum,
1491 3491 1621 3539 sitne

494 3557 599 3606 dies
619 3557 724 3606 xvii
749 3555 1083 3620 intelligenda,
1107 3571 1170 3604 an
1193 3555 1300 3604 dies
1329 3571 1365 3602 x
1395 3556 1514 3604 felix
1538 3555 1623 3603 illa

495 3621 706 3684 quidem,
731 3621 817 3669 sed
845 3621 1114 3669 secundum
1145 3635 1252 3668 eam
1283 3620 1438 3668 multo
1467 3620 1623 3682 magis

493 3685 577 3733 vii.
669 3684 926 3733 Decimam
976 3685 1184 3732 faustam
1239 3699 1360 3742 esse,
1417 3685 1625 3733 affirmat

494 3749 642 3796 etiam
687 3749 892 3797 Hesiod.
933 3747 1070 3811 Ἔργ.
1114 3749 1224 3805 794,
1271 3757 1322 3795 et
1365 3748 1623 3811 septimam

493 3829 590 3861 ves.
623 3812 733 3870 770,
767 3814 877 3860 805.
947 3812 1018 3858 At
1047 3825 1156 3872 quoe
1186 3811 1268 3858 hic
1295 3826 1339 3858 v.
1373 3813 1468 3858 285
1499 3827 1620 3859 enu-

493 3885 757 3934 merantur,
782 3875 844 3924 ad
865 3874 995 3923 diem
1017 3873 1100 3921 ille
1118 3874 1204 3922 xiv
1225 3875 1376 3922 refert
1394 3891 1437 3922 v.
1461 3875 1624 3924 794·—

495 3939 606 3990 797.
666 3940 838 3994 Quaeri
857 3953 1048 4002 quoque
1069 3947 1246 4002 potest,
1269 3937 1397 3986 sitne
1419 3955 1549 3996 nona,
1576 3957 1619 3989 v.

495 4003 607 4060 286,
621 4012 736 4066 post
746 4004 999 4078 decimam,
1014 4001 1344 4078 intelligenda,
1361 4017 1424 4049 an
1438 4004 1623 4053 mensis

493 4067 1492 4194 ffbessfflffiussssssfflssunsss‘ssssafflssf’
1516 4083 1623 4179 2:2²:

493 4195 602 4240 dere
634 4195 744 4240 licia
775 4197 890 4250 tela,
916 4205 994 4243 est
1020 4195 1168 4243 telam
1200 4193 1377 4250 ordiri3
1413 4203 1470 4241 ut
1500 4195 1623 4243 adeo

494 4256 593 4305 tela
631 4256 698 4304 sit
727 4255 832 4304 sive
872 4267 1060 4306 stamen
1093 4269 1144 4306 et
1177 4267 1344 4316 trama,
1379 4257 1484 4306 sive
1515 4258 1625 4322 ipsa

494 4319 720 4368 machina
767 4321 990 4378 textoria,
1035 4323 1118 4369 cui
1169 4322 1386 4385 illigatur
1430 4325 1621 4385 jugum.

496 4384 672 4432 Nonus
692 4382 796 4431 dice
813 4383 966 4432 servis
985 4384 1204 4445 fugitivis
1223 4385 1422 4445 Faustus,
1441 4386 1623 4434 furtum

1682 1955 1984 2003 tentantibus
2037 1953 2291 2003 infaustus.
2380 1957 2625 2011 Quorsum
2679 1956 2779 2004 hoc
2797 1959 2819 2003 P

1683 2019 1881 2066 Scilicet
1897 2018 2173 2067 cautionem
2195 2029 2331 2067 tanto
2352 2023 2583 2082 majorem
2606 2021 2821 2069 adhibe-

1683 2083 1757 2131 bit
1773 2099 1833 2131 eo
1849 2083 1930 2131 die
1948 2083 2158 2145 diligens
2174 2084 2522 2147 paterfamilias
2536 2105 2547 2141 ς
2570 2095 2627 2132 ut
2642 2095 2827 2132 contra

1683 2148 1745 2195 de
1780 2148 1923 2196 hirtis
1962 2163 2136 2211 parum
2177 2148 2386 2196 sollicito
2420 2164 2527 2197 esse
2564 2149 2692 2206 licet,
2740 2159 2827 2198 est

1685 2212 1817 2260 enim
1838 2213 1883 2260 is
1904 2212 2010 2260 dies
2032 2212 2220 2260 furibus
2242 2229 2416 2276 parum
2438 2213 2636 2262 faustus.

1751 2276 1861 2334 287,
1884 2278 1993 2324 288.
2030 2276 2159 2324 Sunt
2181 2276 2329 2324 etiam
2352 2287 2499 2326 noctu
2520 2278 2599 2326 vel
2622 2293 2825 2326 summo

1684 2355 1828 2388 mane
1868 2341 2104 2388 nonnulla
2138 2342 2403 2390 tractanda.
2475 2345 2604 2390 Dare
2640 2359 2688 2389 ee
2730 2345 2829 2390 alie

1685 2405 1866 2453 dicitur
1894 2404 1951 2462 ie,
1980 2404 2061 2467 qui
2094 2405 2157 2452 ad
2188 2409 2293 2467 ejus
2319 2406 2620 2454 voluntatem
2645 2421 2699 2453 se
2732 2421 2825 2454 ac-

1684 2469 1971 2525 commodat,
2045 2467 2300 2526 atificatur,
2316 2470 2551 2518 concedit.
2594 2473 2685 2517 Res
2698 2473 2827 2518 dant

1683 2551 1746 2591 se,
1762 2543 1819 2580 ut
1830 2548 1939 2581 sese
1953 2548 1983 2580 o
2018 2541 2176 2590 erunt,
2192 2543 2465 2582 occurrunt.
2502 2533 2584 2582 Sic
2600 2543 2650 2581 et
2662 2533 2823 2592 locus,

1686 2597 1888 2654 occasio,
1919 2605 2017 2643 tem
2054 2612 2127 2653 us,
2158 2613 2213 2644 se
2238 2597 2355 2646 dare
2378 2598 2570 2646 dicitur.
2637 2601 2741 2645 Dat
2770 2615 2827 2646 ee

1686 2672 1737 2708 et
1757 2661 1893 2716 illud,
1912 2677 1976 2723 qu
2058 2660 2323 2723 impulsum
2346 2662 2551 2710 inclinat
2566 2677 2633 2719 se,
2656 2661 2823 2710 flecti-

1690 2735 1783 2782 tur,
1795 2725 1939 2773 cedit.
1992 2725 2163 2787 Itaque
2182 2734 2231 2772 et
2244 2727 2292 2773 h.
2309 2726 2340 2774 l.
2356 2730 2501 2774 multa
2514 2743 2563 2774 se
2576 2729 2837 2785 decimat,

1687 2789 1735 2836 h.
1770 2789 1887 2837 dare
1917 2788 2089 2846 solent,
2122 2799 2385 2838 occurrunt
2412 2791 2612 2854 agenda,
2706 2791 2823 2839 rfici

1689 2863 1741 2902 et
1760 2853 1929 2917 peragi
1952 2862 2169 2917 possunt.
2233 2858 2357 2902 Eous
2378 2855 2501 2912 hcm
2518 2855 2621 2903 scil.
2777 2873 2825 2918 ρ,

1688 2916 1929 2979 ἑωσφόρος
1966 2932 2059 2980 pro
2099 2917 2341 2976 Lucifero,
2378 2928 2524 2981 atque
2568 2919 2691 2966 adeo
2726 2933 2830 2982 pro

1688 2990 1799 3030 ortu
1824 2981 1961 3029 lucis.
2023 2984 2207 3029 Irrorat
2229 2991 2391 3040 terras,
2416 2999 2561 3046 quam
2583 2983 2825 3048 pulchre!

1688 3045 1803 3108 quia
1824 3045 1951 3094 aeris
1972 3046 2149 3093 humor
2170 3054 2219 3093 et
2240 3047 2293 3094 in
2314 3047 2481 3095 herbis
2500 3063 2581 3096 ros
2606 3059 2707 3095 tum
2728 3049 2830 3096 sub

1690 3125 1889 3158 sensum
1912 3109 2059 3157 venit.
2118 3113 2261 3158 Solem
2286 3127 2442 3158 novum
2470 3110 2641 3159 dicunt
2660 3121 2831 3174 poetae

1690 3189 1781 3237 pro
1800 3173 2002 3222 oriente.
2052 3173 2254 3222 Dictum
2272 3175 2436 3250 igitur,
2453 3180 2547 3223 sole
2562 3193 2682 3233 novo,
2702 3176 2757 3223 h,
2777 3192 2825 3225 e.

1690 3252 1847 3296 mane,
1866 3254 1978 3286 cum
2000 3253 2112 3285 rore
2134 3253 2249 3286 arva
2272 3249 2429 3302 rigata
2450 3249 2577 3297 sunt,
2602 3240 2825 3288 madent.

1758 3305 1867 3360 289,
1894 3304 2002 3350 290.
2040 3302 2120 3350 De
2146 3302 2277 3352 foeno
2303 3303 2429 3351 Plin.
2452 3304 2591 3360 xviii,
2614 3304 2693 3362 67,
2720 3307 2747 3364 5
2774 3308 2826 3364 4,

1697 3369 1894 3417 Quidam
1908 3369 2065 3426 pridie
2078 3370 2251 3428 rigant,
2268 3371 2348 3414 ubi
2364 3376 2471 3416 sunt
2488 3372 2638 3431 rigua.
2688 3371 2825 3417 Noc-

1693 3433 1816 3476 tibus
1838 3432 2031 3478 roscidis
2052 3435 2202 3478 secari
2223 3435 2395 3488 meum,
2421 3432 2535 3494 quia
2558 3449 2621 3480 sc.
2648 3441 2829 3482 noctes

1686 3503 1803 3541 sunt
1829 3493 2055 3540 humidae.
2116 3494 2250 3557 Ergo
2274 3499 2461 3556 stipala
2490 3511 2588 3544 non
2616 3495 2678 3543 ad
2710 3495 2823 3545 sru-

1687 3566 1963 3604 mentorum
1982 3573 2205 3616 messem,
2222 3559 2307 3606 sed
2323 3560 2387 3607 ad
2403 3559 2661 3622 legumina,
2672 3570 2829 3622 prata

1688 3622 1749 3669 ad
1772 3621 2075 3670 foenisecium
2100 3631 2245 3670 erunt
2264 3623 2553 3672 referenda?
2612 3625 2693 3672 De
2724 3626 2822 3672 sti-

1688 3685 1819 3749 pulis
1836 3694 1999 3732 tamen
2016 3685 2241 3734 dubitare
2256 3687 2386 3744 licet,
2408 3703 2471 3736 an
2488 3687 2559 3736 ita
2575 3687 2823 3738 dicantur.

1690 3751 1873 3799 Contra
1908 3765 2026 3798 vero
2060 3751 2123 3798 de
2156 3750 2377 3814 frugibus
2416 3753 2510 3800 sub
2546 3751 2825 3802 diluculum

1688 3813 1931 3862 metendis
1970 3829 2141 3862 omnes
2178 3825 2401 3864 auctores
2442 3816 2604 3879 operis
2642 3817 2826 3866 rustici

1686 3877 2005 3940 praecipiunt;
2040 3877 2109 3926 ita
2136 3887 2192 3926 ut
2220 3878 2283 3926 de
2312 3879 2486 3928 iisdem
2520 3880 2827 3955 accipiendae

1688 3941 1789 3989 sint
1808 3941 2015 4004 stipulae.
2080 3941 2171 3989 Vir
2192 3943 2318 3991 doct.
2346 3944 2487 3992 Voss.
2510 3959 2674 4008 opens
2703 3959 2822 3993 rus-

1688 4004 1773 4052 tici
1796 4005 1998 4070 perstus,
2021 4007 2171 4053 verba
2200 4007 2262 4054 ad
2288 4023 2401 4056 eum
2435 4023 2619 4056 morem
2648 4008 2823 4068 refert,

1688 4083 1785 4130 quo
1814 4079 1927 4133 post
1946 4078 2160 4118 resectos
2188 4085 2347 4120 messe
2370 4072 2495 4120 facta
2525 4073 2709 4120 culmos
2736 4089 2825 4120 re-

1688 4131 1816 4182 lictae
1838 4133 2031 4196 stipulae
2052 4134 2209 4182 serius
2231 4143 2471 4183 secantur.
2538 4138 2644 4184 Non
2668 4139 2831 4196 deficit

1686 4199 1857 4245 humor.
1914 4198 2063 4246 Ratio
2098 4198 2205 4246 haec
2240 4209 2315 4247 est
2346 4215 2433 4247 cur
2466 4207 2607 4264 prata
2640 4200 2829 4250 melius

1690 4270 1837 4309 noctu
1861 4261 2168 4310 tondeantur.

1755 4325 2028 4374 291—294.
2064 4325 2207 4373 Adeo
2222 4327 2453 4376 hibernos
2472 4335 2639 4376 noctes
2662 4327 2829 4378 labori

1688 4387 1981 4450 impendunt
2010 4389 2233 4438 nonnulli
2264 4389 2597 4452 diligentiores
2623 4401 2827 4454 pauea-
