3050 4934
1154 270 1519 335 LIBER
1571 271 1660 335 X.

266 414 395 478 630
439 416 638 482 Nunc
668 430 887 485 manet
913 422 1233 487 insontem
1262 422 1478 505 gravis
1510 422 1761 485 exitus:
1809 429 1923 483 aut
1951 440 2078 504 ego
2108 421 2246 485 veri

437 517 627 582 Vana
655 520 851 585 feror.
931 521 1134 594 Quod
1162 533 1239 586 ut
1266 544 1307 587 o
1334 522 1554 605 potius
1585 519 1926 585 formidine
1955 520 2122 585 falsa

438 617 689 699 Ludar,
720 632 789 686 et
812 624 878 686 in
906 622 1135 687 melius
1167 633 1305 700 tua,
1333 624 1445 707 qui
1472 634 1692 707 potes,
1723 643 1874 685 orsa
1901 621 2238 686 reflectas!

435 718 603 785 Haec
633 722 747 785 ubi
776 722 951 787 dicta
981 724 1187 800 dedit,
1214 722 1382 789 coelo
1412 746 1481 787 se
1513 735 1830 807 protenus
1857 720 1992 785 alto

438 820 647 899 Misit,
680 845 880 907 agens
910 824 1187 889 hiemem
1217 826 1436 888 nimbo
1467 824 1796 887 succincta
1820 844 1941 907 per
1969 846 2198 901 auras;

266 922 395 985 635
439 920 829 1008 Iliacamque
860 926 1062 989 aciem
1091 936 1159 989 et
1191 924 1552 989 Laurentia
1582 935 1798 989 castra
1827 925 2077 1009 petivit.

436 1022 613 1087 Tum
642 1026 769 1089 dea
796 1028 971 1090 nube
1002 1048 1159 1091 cava
1184 1037 1445 1090 tenuem
1474 1027 1614 1089 sine
1645 1027 1887 1091 viribus
1919 1028 2219 1115 umbram„
2232 1105 2259 1113 μ
2274 1102 2303 1109 -.

439 1122 515 1188 In
547 1124 777 1190 faciem
805 1127 1043 1191 AEneae
1074 1127 1239 1209 (visu
1268 1126 1558 1191 mirabile
1582 1130 1964 1211 monstrum)
2009 1116 2042 1170 .'
2113 1114 2123 1117 “

440 1225 793 1292 Dardaniis
827 1239 1015 1292 ornat
1043 1228 1227 1306 telis;
1272 1227 1680 1314 clipeumque
1703 1230 2032 1313 jubasque

440 1326 662 1392 Divini
690 1329 1025 1393 assimulat
1052 1330 1282 1413 capitis
1310 1356 1325 1407 ;
1372 1331 1488 1394 dat
1516 1330 1732 1393 inania
1760 1331 1996 1406 verba3

268 1426 398 1491 640
441 1420 581 1492 Dat
612 1430 748 1494 sine
772 1441 988 1495 mente
1022 1452 1272 1506 sonum,
1304 1452 1704 1514 gressusque
1733 1430 1982 1513 effingit
2003 1432 2259 1494 euntis:

292 1568 335 1597 a·
439 1529 662 1594 Morte
694 1533 873 1596 obita
901 1530 1126 1616 quales
1156 1530 1327 1596 fama
1354 1542 1457 1597 est
1488 1530 1754 1595 volitare
1780 1531 2050 1615 figurae,

442 1629 585 1695 Aut
612 1654 759 1716 quae
792 1636 1039 1717 sopitos
1068 1632 1390 1697 deludunt
1420 1632 1668 1697 somnia
1697 1652 1949 1696 sensus·

437 1732 535 1796 At
565 1734 803 1817 primas
828 1733 981 1799 laeta
1008 1746 1161 1799 ante
1190 1735 1363 1799 acies
1393 1733 1678 1799 exsultat
1707 1735 1946 1818 imago,

439 1832 786 1919 Irritatque
818 1837 1024 1899 virum
1056 1836 1225 1913 telis,
1258 1846 1327 1911 et
1356 1857 1513 1900 voce
1541 1834 1824 1899 lacessit.

265 1932 395 1995 645
439 1932 649 1998 Instat
678 1938 782 2000 cui
807 1936 1100 2014 TurnuS,
1134 1938 1643 2021 stridentemque
1672 1939 1922 2001 eminus
1948 1936 2206 2001 hastam

441 2034 751 2119 Conjicit;
799 2036 906 2101 illa
934 2040 1091 2103 dato
1120 2040 1315 2103 vertit
1343 2040 1616 2122 vestigia
1646 2050 1855 2122 tergo·

438 2134 613 2199 Tum
642 2159 797 2201 vero
828 2138 1089 2202 AEnean
1118 2161 1415 2203 aversum
1446 2150 1520 2202 ut
1551 2139 1785 2203 cedere
1817 2138 2086 2203 Turnus

438 2236 760 2313 Credidit,
790 2249 987 2321 atque
1016 2240 1227 2301 animo
1255 2260 1439 2321 spem
1468 2239 1769 2301 turbidus
1798 2238 2018 2302 hausit
2045 2240 2336 2305 inanem:

442 2338 597 2411 Quo
626 2337 824 2421 fiigis,
854 2338 1118 2403 AEnea?
1150 2337 1467 2401 thalamos
1495 2361 1580 2401 ne
1610 2339 1842 2402 desere
1872 2350 2137 2422 pactos:

266 2440 397 2503 650
440 2438 589 2503 Hac
619 2439 883 2503 dabitur
912 2439 1147 2503 dextra
1174 2436 1366 2501 tellus
1396 2438 1670 2521 quaesita
1702 2459 1823 2522 per
1849 2440 2084 2503 undae.

440 2538 632 2603 Talia
658 2538 1017 2603 vociferans
1049 2540 1363 2623 sequitur,
1398 2538 1820 2624 strictumque
1843 2550 2146 2603 coruscat

441 2639 861 2719 Mucronem3
907 2662 1029 2705 nec
1056 2640 1231 2704 ferre
1262 2636 1439 2703 videt
1468 2661 1588 2701 sua
1616 2639 1855 2722 gaudia
1885 2650 2134 2703 ventos.

441 2741 639 2806 Forte
668 2744 823 2806 ratis
854 2741 1009 2807 celsi
1037 2743 1384 2826 conjuncta
1412 2741 1745 2825 crepidine
1777 2742 1920 2805 saxi

437 2842 779 2927 Expositis
812 2844 1028 2906 stabat
1059 2841 1269 2918 scaIiS,
1301 2852 1369 2905 et
1396 2851 1600 2926 ponte
1629 2852 1900 2927 parat03

266 2944 394 3009 655
438 2943 593 3016 Qua
620 2965 739 3007 rex
769 2942 1051 3007 Clusinis
1082 2944 1391 3008 advectus
1422 2943 1692 3008 Osinius
1723 2944 1873 3007 oris.

443 3043 597 3108 Huc
628 3066 771 3109 sese
804 3045 1061 3129 trepida
1091 3045 1329 3111 AEneae
1358 3045 1666 3129 fugientis
1695 3046 1908 3131 imago

268 3297 335 3330 sc.
354 3280 483 3328 dare.
534 3282 662 3328 Rata
679 3280 940 3344 eleganter,
966 3282 1182 3344 adeoque
1204 3296 1381 3345 perpe-

269 3354 353 3393 tua
374 3354 426 3392 et
445 3342 649 3407 integra,
672 3344 944 3393 incolumis.
1003 3346 1129 3393 Mox
1150 3360 1203 3394 se
1226 3346 1384 3409 ipsam

268 3418 523 3458 retractat:
562 3409 825 3467 enimvero,
850 3426 982 3468 nunc,
1006 3418 1157 3458 manet
1180 3420 1270 3457 etc.

336 3474 447 3531 630,
473 3473 583 3521 631.
618 3476 717 3521 Aut
739 3490 821 3536 ego
840 3476 938 3521 vern·
952 3492 968 3519 .·
1003 3474 1099 3522 nisi
1122 3474 1383 3521 admodum

270 3537 425 3594 fallor,
448 3552 477 3584 a
497 3552 617 3585 vero
630 3538 815 3585 aberro.
858 3540 1026 3596 Vanus,
1046 3537 1131 3601 qui
1150 3537 1245 3587 sibi
1258 3552 1383 3586 vana

270 3611 322 3650 et
359 3600 525 3649 inania
566 3601 841 3665 persuadet,
885 3619 1029 3651 vanus
1072 3605 1168 3650 veri
1210 3603 1382 3650 Graece

270 3664 470 3723 dictum,
512 3674 567 3713 ut
600 3664 750 3713 fallax
784 3666 901 3722 veri,
944 3666 1191 3730 deceptus,
1232 3665 1383 3715 falsus

269 3728 390 3787 veri,
413 3728 461 3777 h.
484 3744 615 3777 vero.
678 3733 821 3788 Quod,
853 3730 955 3778 καθ’
977 3730 1019 3787 θ,
1043 3745 1138 3792 qua
1154 3730 1207 3777 in
1228 3744 1282 3777 re
1306 3738 1377 3777 ta-

268 3808 383 3841 men
406 3792 593 3842 utinam
614 3793 796 3843 frustra
816 3804 1030 3841 metuam
1052 3802 1104 3843 et
1119 3793 1305 3841 utinam
1328 3802 1383 3841 tu

266 3856 525 3905 consilium
546 3858 609 3905 de
631 3859 800 3906 Turno
822 3867 994 3907 mutes.

336 3922 446 3969 634.
482 3924 652 3970 Nimbo
686 3926 933 3981 succincta,
974 3924 1117 3971 nube.
1174 3925 1383 3970 Hiemem

268 4002 422 4047 agens,
445 3986 703 4043 turbinem,
727 3986 1003 4051 procellam.
1062 3988 1261 4035 Novum
1290 3987 1383 4034 hoc

268 4048 331 4097 ad
352 4049 457 4097 deae
489 4050 800 4113 praeentiam
833 4051 1197 4113 designandam,
1222 4050 1307 4099 sed
1329 4050 1383 4098 in

268 4111 558 4225 lla-apocletos
578 4114 781 4163 deorum
812 4114 866 4162 in
901 4116 1095 4180 templis
1127 4130 1225 4163 non
1247 4116 1379 4164 inso-

288 4193 389 4226 ens.

330 4243 443 4290 636.
482 4242 544 4290 In
581 4242 875 4295 simulachro
913 4244 1089 4291 AEneoe
1126 4243 1380 4292 conflando

266 4306 438 4355 babuit
460 4306 743 4369 Apollinem
778 4308 1097 4357 Homericum
1132 4322 1277 4384 quem
1300 4324 1377 4355 se-

264 4378 509 4431 queretur,
524 4370 608 4433 qui
632 4372 805 4421 AEneae
837 4372 1036 4422 εϊδωλον
1067 4372 1234 4435 objicit
1256 4372 1377 4420 Dio-

268 4434 413 4493 medi,
443 4434 584 4483 Iliad.
610 4454 648 4494 ε,
672 4438 768 4485 449
791 4452 895 4500 sqq.

1514 3282 1625 3338 638,
1651 3281 1762 3327 639.
1803 3282 1928 3329 Telis
1948 3282 1996 3329 h.
2021 3281 2052 3329 l.
2089 3298 2179 3345 pro
2209 3284 2372 3341 armis,
2409 3286 2574 3350 paullo

1447 3344 1646 3419 durium
1683 3344 1780 3391 nisi
1809 3345 1871 3392 de
1904 3345 2064 3393 valida
2101 3346 2276 3395 AEneae
2313 3349 2454 3396 hasta
2487 3365 2569 3397 ac-

1448 3424 1614 3521 ἓὶῗέἓ
1657 3412 2254 3537 mz‘mss‘ssffln‘ss„
2269 3412 2572 3539 {3233ae

1447 3546 1554 3585 tur:
1592 3539 1677 3584 dat
1697 3540 1798 3585 sine
1819 3547 1966 3586 mente
1987 3555 2159 3587 sonum.

1511 3601 1622 3648 641.
1656 3602 1875 3663 Figurae,
1896 3602 2084 3650 εἴδωλα.
2133 3604 2264 3651 Ante
2281 3601 2447 3651 oculos
2470 3612 2576 3650 erat

1446 3665 1643 3712 Lucret.
1667 3663 1700 3721 i,
1731 3666 1821 3712 133
1845 3680 1916 3727 sq.

1510 3729 1622 3777 648.
1662 3730 1907 3787 Turbidus,
1933 3738 2140 3789 tumens,
2165 3730 2320 3779 elatus
2341 3745 2568 3794 arrogan-

1447 3792 1529 3851 tia,
1546 3791 1707 3855 inquit
1724 3794 1859 3841 Serv.
1901 3794 2219 3843 Perturbatur
2231 3793 2418 3842 scilicet
2433 3810 2572 3843 mens

1446 3857 1776 3921 superbientis
1798 3867 2002 3916 tumore,
2025 3858 2112 3917 ira,
2136 3875 2160 3907 s
2224 3894 2237 3917 ,
2261 3867 2412 3907 metu.

1512 3922 1624 3970 652.
1661 3922 1768 3969 Nec
1791 3922 1943 3969 sentit
1971 3932 2022 3969 et
2048 3922 2151 3970 inte
2191 3922 2202 3933 '
2241 3923 2292 3979 't‚
2313 3938 2453 3970 suam
2482 3938 2568 3970 ex-

1447 3986 1736 4035 ultationem
1761 4000 1868 4034 esse
1894 3984 2105 4035 inanem.
2163 3986 2418 4049 Loquendi
2447 3986 2573 4034 ratio

1446 4050 1606 4115 poetis
1627 4066 1728 4098 non
1749 4050 2044 4113 infrequens.
2091 4050 2204 4099 Nisi
2221 4050 2376 4099 mavis
2458 4050 2574 4099 udia

1449 4130 1556 4164 esse
1579 4114 1710 4163 dicta
1735 4129 1826 4179 pro
1841 4114 1950 4178 ipso
1966 4114 2273 4172 simulachro,
2297 4130 2362 4177 qu
2443 4129 2573 4163 nunc

1448 4196 1479 4227 a
1498 4194 1553 4227 se
1575 4178 1704 4227 ferro
1725 4178 1902 4241 attingi
2089 4180 2343 4241 gaudebat.

1510 4244 1784 4291 653—655.
1821 4244 1992 4291 Stabat
2001 4242 2125 4291 forte
2137 4243 2278 4293 navis
2289 4242 2360 4291 ita
2381 4242 2576 4293 admota

1445 4306 1599 4355 littori
1615 4304 1820 4365 saxoso,
1855 4316 1912 4354 ut
1951 4322 2074 4371 pons
2119 4306 2380 4372 applicitus
2426 4317 2568 4357 esset.

1451 4374 1648 4431 crepido
1675 4374 1796 4429 sati,
1824 4381 1995 4419 ornate
2026 4371 2088 4419 de
2118 4372 2298 4431 littore,
2333 4382 2572 4435 quatenus

1448 4434 1644 4483 eminet.
1693 4438 1806 4495 Rex,
1825 4452 1888 4484 ex
1905 4452 2038 4485 more
2056 4436 2235 4486 veteris
2253 4437 2344 4486 aevi
2359 4454 2452 4502 pro
2467 4437 2572 4487 viro
