3050 4934
1201 258 1543 325 LIBER.
1598 259 1701 325 11.

469 402 606 470 Hei
633 405 816 485 mihi,
846 406 1052 491 qualis
1082 410 1261 473 erat!
1308 419 1623 493 quantum
1650 418 1938 475 mutatus
1968 412 2053 475 ab
2082 411 2193 476 illo

292 502 426 567 275
469 503 788 584 Hectore,
821 508 934 592 qui
961 509 1136 573 redit
1162 510 1430 574 exuvias
1461 510 1731 575 indutus
1762 510 2028 590 Achilli,

467 603 595 671 Vel
625 606 932 673 Danaum
965 608 1290 693 Phrygios
1311 608 1641 694 jaculatus
1670 614 2004 697 puppibus
2034 614 2259 698 ignes!

467 706 888 791 Squalentem
917 710 1208 788 barbam,
1241 722 1310 775 et
1339 723 1677 775 concretos
1710 715 2023 798 sanguine
2054 717 2290 792 crineS,

467 806 891 895 Vulneraque
921 810 1030 875 illa
1056 834 1316 896 gerens,
1349 835 1498 897 quae
1527 816 1767 879 circum
1793 815 2071 900 plurima
2096 840 2315 883 muros

469 908 750 995 Accepit
778 912 1048 996 patrios.
1129 913 1323 977 Ultro
1351 914 1516 979 flens
1544 916 1689 1000 ipse
1719 917 1991 981 videbar

285 1009 425 1074 280
469 1010 880 1096 Compellare
910 1017 1140 1093 virum,
1169 1026 1240 1079 et
1265 1028 1537 1081 moestas
1562 1038 1946 1102 expromere
1975 1040 2206 1083 voces:
2230 1098 2235 1103 ,

471 1111 538 1177 Ο
568 1111 684 1177 lux
715 1114 1094 1193 Dardaniae,
1129 1138 1281 1202 spes
1313 1139 1354 1181 o
1382 1117 1701 1182 fidissima
1730 1119 2084 1196 Teucrfim,

465 1213 638 1286 Quoe
667 1224 866 1279 tantae
896 1226 1165 1282 tenuere
1195 1220 1440 1283 morae‘?
1485 1220 1725 1303 quibus
1757 1220 2013 1286 Hector
2039 1222 2125 1285 ab
2156 1222 2285 1285 oris

465 1313 870 1399 Exspectate
901 1317 1128 1382 venis?
1173 1329 1249 1383 ut
1278 1329 1344 1384 te
1374 1329 1528 1403 post
1556 1319 1759 1384 multa
1788 1330 2051 1385 tuorum

465 1413 748 1493 Funera,
781 1429 934 1501 post
963 1419 1174 1483 varios
1204 1418 1667 1504 hominumque
1693 1423 2006 1506 urbisque
2037 1421 2295 1487 labores

289 1516 424 1580 285
469 1515 737 1581 Defessi
766 1518 1196 1604 adspicimus!
1243 1542 1392 1604 quae
1421 1542 1621 1585 causa
1649 1522 1917 1605 indigna
1946 1544 2213 1587 serenos

459 1616 762 1682 Foedavit
788 1619 1050 1684 vultus?
1096 1632 1212 1684 aut
1239 1619 1528 1685 cunhaec
1560 1620 1830 1686 vulnera
1858 1645 2057 1687 cerno
2074 1608 2115 1687 ’ζ’

461 1718 580 1784 Ille
607 1719 808 1798 nihil3
839 1732 974 1785 'nec
1003 1744 1105 1785 me
1135 1731 1537 1804 quaerentem
1566 1744 1732 1785 vana
1760 1732 2089 1800 moratur3

467 1820 603 1885 Sed
632 1822 916 1903 graviter
946 1822 1226 1905 gemitus
1257 1822 1384 1885 imo
1415 1823 1500 1886 de
1527 1833 1795 1907 pectore
1828 1823 2099 1899 ducens,

461 1919 621 1986 Heu
647 1922 828 2006 fuge,
857 1932 1010 1987 nate
1041 1923 1190 2001 dea,
1223 1933 1422 2006 teque
1449 1922 1577 1999 his,
1612 1923 1724 2000 ait,
1756 1925 1937 2007 eripe
1966 1923 2260 1989 flammis.

281 2022 428 2085 290·
461 2020 694 2085 Hostis
723 2021 926 2087 habet
952 2046 1209 2087 muros:
1258 2025 1390 2087 ruit
1419 2023 1552 2087 alto
1581 2046 1621 2087 a
1650 2022 1925 2088 culmine
1956 2023 2184 2108 Troja.

462 2122 580 2187 Sat
606 2123 836 2207 patriae
869 2124 1258 2208 Priamoque
1291 2125 1537 2188 datum.
1614 2124 1687 2187 Si
1720 2124 2041 2207 Pergama
2070 2126 2308 2190 dextra

466 2222 757 2289 Defendi
783 2236 1078 2309 possent,
1111 2228 1306 2289 etiam
1327 2224 1452 2289 hac
1483 2223 1757 2290 defensa
1783 2225 2079 2290 fuissent.

461 2324 666 2389 Sacra
683 2347 980 2408 suosque
1013 2326 1132 2389 tibi
1160 2326 1569 2390 commendat
1599 2325 1809 2410 Troja
1839 2326 2161 2391 Penates:

279 2556 456 2603 batur.
491 2552 588 2601 vid.
613 2569 720 2629 sup.
743 2554 777 2613 i,
801 2556 914 2603 483.
971 2558 1092 2603 Ater
1123 2556 1235 2620 plus
1267 2572 1412 2619 quam

1477 2554 1638 2615 merit,
1674 2566 1723 2606 et
1752 2572 1883 2605 nunc
1906 2558 2102 2607 demum
2125 2559 2187 2607 ad
2216 2559 2453 2608 auxilium
2476 2560 2599 2610 Tro-

279 2633 550 2694 respersus,
585 2618 894 2680 inquinatus.
929 2620 989 2667 cf.
1018 2633 1188 2668 versus
1222 2620 1409 2668 Home·
1470 2620 1602 2682 J‘anis
1640 2622 1897 2671 ferendum
1932 2622 2171 2672 adveniat.
2242 2624 2405 2672 Etiam
2440 2624 2493 2674 in
2528 2626 2605 2674 his
2642 2639 2652 2647 ·

279 2683 412 2731 ricos
444 2682 665 2745 nint*
691 2684 869 2745 401sq
815 2700 916 2757 sqq.
979 2685 1249 2733 Tumentee:
1284 2684 1416 2747 οἷδᾷν

276 2746 544 2795 similiter
529 2762 581 2795 ιιι
604 2746 768 2795 fabula
788 2746 1064 2821 OEdnpodis.

349 2810 622 2861 274—279.
670 2810 876 2858 Nobiles
903 2826 1084 2869 versus,
1115 2828 1178 2859 ex
1210 2828 1268 2860 eo
1308 2813 1417 2861 loco

277 2874 432 2931 ducti,
473 2874 556 2937 qui
587 2890 795 2949 magnos
831 2874 1031 2925 affectus
1061 2877 1241 2925 babere
1275 2876 1410 2935 solet,

277 2939 491 2988 sortunae
559 2938 745 2987 ristinae
781 2948 832 2987 et
866 2940 1120 3002 praesentis
1151 2955 1410 3015 compara-

278 3004 432 3051 tione.
537 3002 664 3051 unii·
669 3018 778 3051 esse
802 3004 1001 3053 Servius
1023 3004 1200 3053 docuit.
1251 3006 1412 3060 Quam

275 3067 504 3116 diversus
525 3068 588 3115 ab
611 3082 670 3115 ea
703 3067 884 3131 specie,
907 3084 1004 3131 qua
1033 3068 1225 3117 redibat
1253 3069 1410 3118 victor

279 3131 510 3189 Patrocli,
551 3142 604 3179 et
639 3147 740 3181 una
771 3135 876 3194 jam
916 3142 1060 3181 antea
1093 3148 1217 3181 nave
1253 3131 1407 3181 Achi-

277 3212 454 3245 vorum
476 3196 690 3245 incensa.
763 3200 855 3249 Qut·
876 3200 1013 3254 redit,
1038 3212 1128 3261 pro
1149 3197 1306 3260 qualis
1327 3212 1406 3245 re-

275 3260 430 3318 dibat,
454 3260 619 3335 paullo
640 3258 943 3309 insolentius.
988 3265 1194 3310 Exuvias
1214 3264 1406 3319 Achilli,

277 3341 419 3374 arma
459 3324 684 3373 Achillea
733 3326 956 3374 Patroclo
999 3326 1229 3373 detracta.
1305 3328 1407 3373 Da·-

275 3393 418 3438 παίω·
431 3392 676 3451 puppibus,
699 3388 752 3437 in
775 3404 926 3439 naves
948 3389 1264 3438 Achivorum.
1307 3390 1406 3437 Re-

277 3453 432 3519 spicit
465 3452 731 3516 ναυμαχίαν
768 3453 908 3501 Iliad.
951 3470 1062 3516 rsq
1006 3470 1106 3516 sqq.
1143 3462 1194 3501 et
1220 3472 1270 3511 π,
1302 3455 1406 3501 122.

279 3520 523 3567 (ἶσαι-γεω
553 3522 772 3580 sanguine
795 3520 958 3575 crines,
981 3517 1162 3566 foedum
1193 3518 1404 3580 quidem,

273 3582 366 3631 sed
387 3582 520 3645 quod
553 3583 804 3630 horrorem
831 3597 930 3630 non
951 3581 1114 3630 minus
1136 3596 1280 3643 quam
1314 3582 1404 3630 mi-

274 3646 574 3695 serationem
611 3646 770 3694 facere
806 3654 965 3708 queat.
1033 3646 1188 3693 Porro
1220 3649 1409 3695 vulnera

273 3710 482 3759 omnino
513 3709 566 3757 in
587 3710 766 3773 pugnis
795 3726 908 3758 cum
928 3709 1131 3759 Achivis
1161 3710 1302 3760 factis
1323 3727 1403 3759 ac-

275 3784 424 3838 cepta
452 3774 838 3849 interpretabar3
880 3789 1011 3823 nunc
1051 3775 1272 3838 intelligo
1305 3775 1406 3823 haec

273 3854 378 3889 non
409 3838 674 3887 convenire
704 3855 818 3888 cum
839 3838 1042 3897 caeteris,
1072 3855 1180 3901 quae
1201 3839 1401 3887 misera-

271 3903 464 3952 tionem
495 3902 656 3951 facere
687 3902 894 3960 debent3
931 3902 1200 3966 meliusque
1231 3902 1404 3951 referri

271 3983 336 4017 a
375 3966 440 4015 ad
481 3966 542 4014 τὸ
585 3965 857 4029 αἰκίζεσθαι,
900 3967 1182 4016 vulneribus
1226 3967 1404 4015 foedato

271 4048 336 4080 co
519 4030 633 4079 coesi
676 4031 907 4080 Hectoris
943 4032 1006 4079 ab
1040 4030 1404 4079 accurrentibus

273 4098 354 4144 Ac
389 4096 510 4143 ivis.
559 4094 656 4143 vid.
702 4095 761 4143 11.
799 4114 852 4157 χ,
893 4096 1016 4149 3693
1063 4094 1304 4156 simulque
1343 4094 1404 4143 ad

271 4159 569 4208 laniatione·
607 4159 750 4209 tracti
787 4160 917 4209 circa
953 4174 1119 4208 muros
1157 4158 1402 4222 corporis3

271 4224 670 4287 quandoquidem
692 4223 933 4287 adiectum
955 4226 1126 4272 circum
1148 4240 1297 4272 muros
1311 4240 1402 4285 pa-

275 4291 408 4336 tries.

341 4354 618 4400 281—285.
651 4352 841 4407 Quasi'
827 4368 1084 4403 immemor
1101 4351 1248 4401 caedis
1269 4351 1402 4400 Hec-

273 4415 412 4473 toris,
453 4432 568 4466 eum
609 4418 846 4480 objurget,
888 4417 1016 4479 quod
1055 4426 1154 4465 tam
1193 4416 1279 4464 diu
1317 4418 1402 4464 ab·

1480 2685 1697 2734 Ennium
1722 2698 1835 2734 ante
1865 2688 2029 2735 oculos
2058 2687 2243 2745 habuit,
2266 2704 2403 2751 euJus
2434 2704 2605 2739 versus

1478 2764 1554 2812 ap.
1583 2751 1800 2799 Macrob.
1834 2750 1897 2809 vi,
1930 2754 1975 2809 2,
2016 2754 2055 2799 O
2084 2754 2163 2799 lm:
2196 2753 2361 2815 stoja,
2389 2770 2606 2816 germane

1477 2816 1655 2861 Hector
1670 2819 1691 2861 Ι
1740 2818 1867 2867 Quid
1886 2819 1955 2863 ita
1976 2834 2078 2865 cum
2100 2825 2177 2864 tuo
2198 2820 2400 2865 lacerato
2418 2836 2605 2879 corpore

1477 2880 1653 2925 miser?
1690 2881 1805 2935 Aut,
1828 2884 1908 2940 qui
1939 2888 1983 2927 te
2004 2884 2073 2927 εὲι·
2092 2884 2453 2942 respectantibus
2476 2890 2601 2929 trac-

1479 2948 1631 2989 tavere
1658 2946 1785 2989 nobis
1800 2946 1825 2989 P
1870 2946 1975 2991 Lux
1995 2954 2161 2992 autem
2184 2961 2282 2992 non
2308 2944 2371 2993 ad
2390 2945 2603 3019 gloriam

1476 3005 1799 3063 referendum,
1836 3008 1923 3055 sed
1962 3007 2023 3055 de
2058 3008 2214 3057 salute
2250 3007 2601 3072 accipiendum,

1475 3069 1517 3117 si
1551 3069 1749 3132 quidem
1772 3086 1834 3118 ex
1857 3072 2125 3121 Homerico
2157 3070 2279 3133 φάος
2300 3088 2601 3148 expressum,

1461 3148 1584 3258 juo
1600 3134 1643 3183 is
1676 3135 1767 3183 hoc
1800 3151 1947 3184 sensu
1976 3136 2263 3200 plerumque
2286 3136 2453 3186 utitur.
2502 3141 2599 3187 De-

1613 3198 1845 3256 cladibus,
1886 3210 1943 3248 ut
1981 3200 2230 3263 eleganter
2205 3211 2451 3266 poertae3
2487 3220 2533 3250 v.
2558 3220 2600 3251 e.

1476 3262 1602 3309 Hor.
1642 3261 1679 3309 ii
1713 3263 1874 3311 Carm.
1912 3266 1959 3322 4,
2002 3266 2076 3323 11,
2113 3268 2334 3313 Tradidit
2352 3265 2573 3328 sessiele
2574 3295 2597 3305 -

1473 3329 1603 3374 viora
1628 3329 1728 3373 tous·
1749 3329 1976 3390 Pergama
2002 3331 2177 3377 Graiis.

1542 3391 1813 3439 290—292.
1866 3394 1981 3440 Ruit
2020 3396 2115 3441 alto
2156 3412 2187 3441 a
2226 3397 2421 3443 culmine
2464 3394 2605 3457 Trqia

1475 3452 1649 3516 (etiam
1686 3453 1771 3501 inf.
1802 3471 1846 3503 v.
1882 3456 2019 3517 603,)
2056 3474 2119 3505 ex
2156 3458 2439 3516 Homerico,
2475 3460 2605 3520 quod

1473 3518 1653 3581 saepius
1667 3518 1890 3576 occurrit,
1904 3538 1995 3569 κατ
1996 3520 2179 3583 ’bens-
2205 3525 2303 3570 Sat.
2332 3524 2601 3583 Habetpn-

1473 3582 1569 3631 tria
1590 3592 1642 3630 et
1665 3582 1888 3631 Priamus
1911 3584 2077 3632 omnia
2098 3600 2205 3645 quoe
2218 3594 2255 3631 a
2281 3594 2327 3631 te
2350 3584 2455 3631 ad
2442 3600 2603 3646 ipsum

1472 3646 1833 3696 defendendum
1867 3646 1977 3695 fleri
2014 3663 2070 3695 ac
2102 3646 2323 3711 praestari
2362 3656 2602 3710 poterant.

1474 3714 1635 3759 Etiam
1688 3714 1788 3770 leae,
1845 3713 2099 3768 δεικτικῶς,
2156 3710 2389 3759 Hectoris
2438 3726 2601 3769 manu,

1471 3776 1520 3824 h.
1544 3791 1585 3823 e.
1610 3791 1733 3823 mea.

1536 3838 1808 3889 293—297.
1845 3842 2043 3888 Penates
2064 3848 2179 3889 sunt
2211 3840 2371 3901 Trojae
2402 3837 2601 3903 publici,

1469 3902 1617 3967 patrii
1645 3902 1728 3961 dii,
1756 3903 1893 3951 urbis
1919 3903 2085 3952 tutela.
2142 3907 2288 3953 Sacra
2323 3911 2375 3951 et
2404 3905 2603 3951 Penates

1467 3976 1676 4029 possunt
1694 3983 1785 4041 pro
1802 3968 1973 4017 eadem
1989 3983 2041 4016 re
2066 3968 2251 4027 haberi,
2283 3975 2339 4015 ut
2370 3966 2467 4024 illa,
2492 3967 2599 4029 qui-

1467 4031 1560 4079 bus
1594 4031 1789 4093 generis
1826 4030 1961 4079 notio
1995 4032 2138 4090 inest,
2170 4031 2479 4081 declarentur
2511 4046 2603 4095 per

1468 4094 1573 4143 hos.
1632 4095 1713 4143 Sic
1736 4110 1866 4159 saepe
1888 4112 2025 4144 sacra
2047 4096 2287 4154 universe,
2312 4096 2375 4143 de
2397 4095 2601 4145 deorum

1470 4158 1757 4217 simulacris,
1789 4160 1937 4208 etiam
1966 4160 2027 4207 de
2057 4160 2135 4209 his
2165 4160 2286 4225 ipsis
2319 4160 2598 4209 Penatibus.

1473 4223 1599 4271 Mox
1622 4234 1782 4271 mnen
1804 4228 1946 4273 vittas
1970 4226 2238 4287 Vestamque
2262 4233 2309 4273 et
2340 4228 2489 4288 ignem
2519 4242 2598 4274 ea-

1470 4303 1598 4335 erum
1616 4296 1866 4346 memorat,
1884 4303 1994 4349 quae
2010 4304 2122 4337 cum
2142 4289 2409 4338 Penatibus
2430 4304 2597 4353 aspor-

1471 4350 1623 4407 tavit3
1657 4351 1759 4399 haec
1782 4350 1932 4414 igitur
1953 4366 2043 4415 per
2063 4369 2200 4401 sacra
2228 4352 2475 4401 declarare
2512 4370 2596 4401 vo-

1470 4415 1599 4464 luit?
1638 4416 1803 4463 Potuit
1824 4418 1970 4465 sane!
2008 4416 2101 4465 Est
2126 4426 2289 4465 tannen
2320 4416 2455 4481 prior
2476 4417 2601 4465 ratio
