3050 4934
462 249 590 311 218

1348 191 1875 310 AENEIDos

633 395 944 479 Agnovit,
976 393 1087 458 tali
1115 393 1470 478 fugientem
1497 407 1601 459 est
1630 405 2117 460 vocesecutus:

635 495 817 580 Quid
845 507 1066 560 natum
1096 495 1311 572 toties,
1341 495 1624 560 crudelis
1656 508 1729 560 tu
1757 517 2041 580 quoque,
2071 492 2251 558 falsis

635 597 844 662 Ludis
874 599 1304 682 imaginibus?
1351 619 1468 661 cur
1497 597 1757 661 dextrae
1777 597 2056 682 jungere
2086 596 2385 659 dextram

633 699 790 764 Non
821 701 1036 776 datur,
1067 722 1144 765 ac
1171 722 1358 764 veras
1389 701 1615 764 audire
1645 711 1713 763 et
1740 698 2018 763 reddere
2048 699 2285 761 voces?

461 801 589 864 410
632 800 908 865 Talibus
939 803 1214 877 incusat,
1247 822 1673 884 gressumque
1704 801 1788 864 ad
1817 799 2055 863 moenia
2084 796 2315 861 tendit.

633 902 729 967 At
760 901 988 966 Venus
1019 903 1299 965 obscuro
1325 901 1701 984 gradientes
1731 922 1882 964 aere
1914 900 2145 983 sepsit,

635 1002 727 1066 Et
755 1002 956 1067 multo
987 1000 1244 1066 nebulae
1274 1002 1515 1066 circum
1545 1002 1669 1066 dea
1699 1001 1869 1065 fudit
1899 1001 2169 1076 amictu;

632 1104 918 1168 Cernere
949 1125 1030 1167 ne
1060 1103 1205 1187 quis
1237 1124 1374 1179 e08,
1406 1125 1536 1166 neu
1565 1103 1710 1187 quis
1742 1102 2117 1185 contingere
2145 1109 2395 1184 posset,

633 1204 932 1269 Molirive
961 1225 1228 1281 moram,
1259 1215 1374 1267 aut
1403 1203 1701 1268 veniendi
1733 1224 2286 1288 poscere-causas.

459 1308 587 1371 415
631 1306 787 1390 Ipsa
817 1304 1118 1388 Paphum
1147 1303 1435 1368 sublimis
1467 1305 1627 1380 abit,
1661 1305 1983 1388 sedesque
2014 1303 2235 1367 revisit

633 1409 821 1471 Laeta
849 1427 1038 1484 suas;
1085 1406 1196 1470 ubi
1228 1404 1541 1489 templum
1568 1404 1679 1482 illi,
1712 1415 2098 1488 centumque
2130 1403 2365 1466 Sabaeo

631 1509 862 1572 Thure
893 1507 1106 1572 calent
1133 1529 1289 1583 arae,
1321 1507 1641 1589 sertisque
1670 1506 2041 1570 recentibus
2069 1502 2313 1568 halant.

716 1609 1109 1692 Corripuere
1141 1609 1307 1671 viam
1335 1608 1605 1683 interea,
1639 1629 1769 1691 qua
1801 1608 2027 1671 semita
2056 1616 2406 1669 monstrat:

2551 1503 2640 1636 ἦ

629 1711 906 1794 Jamque
939 1708 1428 1774 adscendebant
1457 1706 1707 1785 collem,
1738 1708 1849 1792 qui
1878 1705 2192 1792 plurimus
2224 1706 2372 1769 urbi

458 1815 587 1878 420
632 1812 951 1887 Imminet,
983 1811 1423 1892 adversasque
1454 1809 1797 1892 adspectat
1828 1809 2115 1892 desuper
2144 1827 2347 1870 arces.

631 1914 915 1977 Miratur
943 1909 1177 1996 molem
1207 1909 1483 1986 AEneas,
1514 1909 1789 1993 magalia
1816 1909 2179 1994 quondam3

631 2013 916 2078 Miratur
943 2023 1192 2097 portas,
1225 2011 1722 2095 strepitumque,
1752 2021 1821 2074 et
1853 2019 2057 2074 strata
2086 2010 2352 2073 viarum.

457 2246 685 2290 Incestum
706 2247 868 2288 autem
889 2238 1050 2301 cog-ita
1076 2239 1234 2287 levem
1257 2238 1394 2286 illum
1418 2248 1468 2286 et
1489 2253 1573 2286 vo·

458 2306 576 2354 latui
599 2304 822 2362 similem,
847 2303 1175 2352 columbarum
1197 2301 1365 2350 instar.

521 2369 632 2420 407.
683 2371 845 2417 Toties.
889 2367 1078 2431 Saepius
1107 2365 1255 2430 igitur
1281 2367 1452 2414 Venus
1474 2367 1577 2426 jam

457 2444 572 2482 ante
603 2442 718 2482 nato
749 2433 854 2481 visa
884 2432 1079 2487 fuerat..
1117 2431 1200 2480 Sic
1227 2429 1341 2478 AEn.
1376 2429 1429 2486 ii,
1465 2430 1577 2487 589,

461 2503 610 2552 Quum
641 2502 754 2545 mihi
783 2513 846 2555 se,
881 2513 968 2544 non
1000 2503 1106 2544 ante
1138 2498 1280 2543 oculis
1309 2501 1404 2542 tam
1431 2497 1576 2551 clara,

455 2561 694 2611 videndam
740 2563 933 2618 Obtulit,
968 2569 1015 2608 et
1041 2576 1164 2622 pura
1191 2576 1277 2620 per
1315 2565 1487 2606 noctem
1529 2562 1578 2606 in

457 2630 557 2676 lues
578 2625 762 2688 refulsit
783 2629 921 2673 Alma
939 2641 1108 2686 parm
1129 2635 1220 2672 etc.

521 2693 630 2738 409.
666 2694 738 2738 Ac
770 2705 900 2736 veras
929 2691 1092 2736 audire
1123 2696 1171 2735 et
1198 2689 1388 2736 reddere
1419 2703 1545 2735 voees
1558 2707 1577 2741 ,-

457 2769 554 2802 non
577 2769 640 2802 ex
661 2754 820 2802 aliena
840 2767 1050 2816 persona
1069 2751 1265 2809 adscita,
1289 2751 1376 2799 sed
1395 2761 1450 2799 ut
1471 2765 1573 2798 ma-

457 2829 532 2866 ter
555 2817 821 2866 manifesta.

521 2883 631 2929 412.
668 2883 836 2930 Densa
857 2882 985 2928 nube
1015 2878 1326 2928 circumfudit
1346 2895 1441 2927 eos.
1497 2879 1579 2927 Ab

459 2946 679 2994 Homero
697 2961 808 2994 eum
821 2947 913 2992 hoc
933 2943 1136 2992 traxisse
1151 2953 1322 2991 notum
1339 2953 1427 3000 est,
1447 2943 1577 3006 apud

455 3025 598 3074 quem
631 3025 760 3074 saepe
793 3010 886 3056 hoc
916 3008 1150 3055 occurrit:
1187 3007 1411 3070 inprimis
1442 3023 1574 3054 com-

455 3089 575 3138 para
615 3073 694 3122 Od
775 3107 788 3118 .
829 3090 874 3130 η,
921 3074 991 3128 14,
1034 3073 1240 3128 39-43,
1282 3071 1342 3118 de
1385 3071 1575 3134 Ulysse,

455 3137 647 3200 quando
725 3135 872 3183 lcinoi
905 3150 934 3182 r
997 3135 1090 3182 'am
1125 3133 1300 3190 intrat;
1341 3135 1402 3182 ad
1435 3138 1575 3197 cujus

455 3217 596 3248 exem
631 3200 734 3248 lum
767 3207 898 3248 totus
999 3213 1102 3246 neae
1135 3197 1195 3246 ad
1229 3199 1577 3262 Carthaginem

455 3265 594 3312 et-Di
629 3279 772 3311 onem
801 3263 961 3312 aditus
987 3271 1062 3311 est
1087 3277 1358 3325 expressus.
1411 3263 1575 3312 Facile

454 3345 571 3378 vero
607 3327 854 3404 principes
891 3327 1035 3388 huius
1070 3326 1422 3390 phantasmatis
1457 3343 1571 3375 auc-

455 3403 586 3442 tores
605 3408 710 3456 ipse
730 3392 978 3440 oculorum
995 3405 1180 3448 sensus,
1199 3391 1390 3439 nebulis
1405 3407 1462 3439 ac
1479 3407 1573 3439 nu-

455 3457 596 3506 bibus
627 3456 786 3505 vicina
810 3457 918 3503 loca
947 3453 1310 3512 obducentibus,
1334 3455 1455 3503 illud
1485 3455 1573 3504 do-

454 3537 564 3570 cere
577 3521 747 3570 debuit
759 3540 772 3577 ς
797 3520 951 3569 multo
963 3520 1118 3596 magis
1129 3535 1240 3568 cum
1255 3519 1372 3567 deos
1383 3535 1575 3581 quoque

455 3587 584 3634 nube
623 3586 826 3634 amictos
864 3594 915 3633 et
947 3585 1099 3633 oculis
1133 3583 1394 3632 subductos
1428 3583 1575 3646 vulgo

455 3659 724 3700 narrarent.

517 3717 628 3772 413,
653 3717 763 3762 414.
802 3717 1086 3777 Contingere,
1104 3713 1219 3770 vim,
1244 3712 1470 3773 injuriam
1491 3713 1569 3760 in-

453 3779 580 3827 ferre
623 3779 682 3827 iis
725 3788 954 3840 tauquam
988 3777 1215 3832 advenis3
1259 3777 1572 3824 barbarorum

453 3843 742 3908 populorum
765 3857 912 3890 more.
957 3843 1120 3889 Moliri
1139 3855 1308 3888 moram
1363 3839 1569 3888 ondero-

451 3907 556 3956 sius
599 3922 743 3969 quam
789 3905 963 3961 facere,
1009 3903 1237 3951 excitare.
1351 3914 1397 3952 st
1441 3904 1575 3953 enim

453 3981 640 4020 struere
663 3970 740 4019 vel
763 3983 960 4017 movere
978 3967 1140 4032 poetis
1161 3970 1324 4016 moliri.

517 4033 788 4085 415—-417-
807 4033 991 4082 Versus
1005 4048 1068 4080 ex
1084 4033 1316 4090 Homero,
1331 4031 1569 4081 sedorna·

454 4099 550 4148 tius
567 4098 785 4164 expressi
805 4098 978 4163 Odyss.
999 4101 1039 4155 θ,
1062 4099 1156 4147 362
1173 4114 1242 4159 sq.
1287 4098 1357 4144 At
1374 4111 1436 4144 ex
1455 4097 1569 4145 vir-

449 4163 567 4226 gilio
581 4163 766 4211 Statius
781 4179 813 4224 5
823 4163 974 4211 Theb.
989 4163 1065 4220 61,
1077 4165 1170 4210 Illa
1178 4163 1366 4222 Paphon
1379 4169 1571 4210 vetera-2

451 4235 712 4289 centumque
745 4229 920 4275 altaria
953 4229 1169 4287 linquens.
1233 4224 1378 4279 Quod
1408 4235 1572 4273 autem

449 4290 606 4339 thuris
619 4300 668 4338 et
681 4300 918 4339 sertorum
933 4289 1106 4337 odores
1117 4286 1448 4337 exhalantium
1461 4299 1569 4336 tan-

449 4364 553 4403 tum
575 4354 633 4402 fit
653 4353 854 4412 mentio,
877 4369 977 4401 non
1000 4353 1305 4402 victimarum
1323 4367 1570 4411 casarum,

449 4418 568 4468 satis
589 4418 730 4468 docte
751 4417 1044 4481 interpretes
1063 4418 1282 4468 referunt
1304 4417 1365 4466 ad
1387 4433 1572 4466 morem

1642 2251 1887 2286 saa-orum
1898 2237 2121 2296 Veneris,
2135 2236 2263 2299 quod
2280 2252 2376 2285 arae
2388 2236 2553 2300 nullus
2567 2237 2766 2300 sanguis

1642 2301 1994 2360 offimdebatur,
2048 2302 2260 2350 maxime
2316 2301 2387 2348 Pa
2418 2301 2515 2348 hiae
2562 2302 2763 2350 Veneri.

1640 2365 1787 2414 Alius
1794 2382 1907 2414 cum
1916 2366 2171 2429 elegantias
2182 2379 2329 2414 sensu
2408 2365 2475 2423 id,
2484 2365 2613 2427 quod
2621 2365 2764 2413 deam

1643 2429 1925 2478 deliciarum
1957 2439 2008 2478 et
2035 2429 2298 2494 voluptatis
2331 2429 2561 2478 arbitram
2591 2429 2765 2477 decere

1643 2494 1811 2557 possit,
1825 2495 2032 2543 referat:
2069 2493 2308 2556 quomodo
2324 2493 2469 2551 enim,
2486 2492 2661 2556 inquit,
2680 2493 2767 2542 aut

1641 2559 1948 2607 victimarum
1970 2558 2139 2606 nidore
2161 2557 2247 2606 illa
2266 2557 2511 2616 delectari,
2531 2567 2614 2606 aut
2634 2557 2767 2606 inter

1643 2623 1817 2672 odores
1836 2623 1993 2671 thuris
2008 2631 2058 2670 et
2078 2622 2251 2670 florum
2268 2622 2417 2670 istum
2440 2622 2659 2670 nidorem
2676 2623 2763 2670 de-

1642 2687 1856 2735 siderare
1895 2689 2089 2750 potest?
2140 2689 2275 2734 Laeta
2314 2686 2494 2761 accipe,
2536 2685 2763 2748 quoniam

1640 2751 1821 2824 gaudet
1842 2751 2025 2814 Papho.
2082 2751 2359 2798 Laetabatur
2382 2760 2527 2798 etism
2551 2749 2680 2812 quod
2701 2751 2765 2798 de

1642 2814 1973 2864 incolumitate
2010 2814 2099 2862 filii
2138 2817 2263 2863 bene
2297 2815 2535 2878 sperabat.
2604 2815 2765 2862 Sabaeo

1644 2879 1739 2926 vid.
1765 2881 1884 2927 Geo.
1908 2879 1959 2938 ii,
1989 2879 2094 2929 117.

1708 2945 1818 2990 418.
1854 2945 2093 3006 Corripere
2113 2947 2246 3000 viam,
2266 2942 2458 2991 doctius
2478 2957 2637 3005 quam,
2656 2946 2761 3000 ἔων,

1642 3007 1690 3054 h.
1734 3023 1776 3055 e.
1816 3007 2055 3065 celeriter,
2094 3007 2287 3070 raptim,
2323 3007 2498 3064 facere,
2536 3007 2761 3070 exigere3

1642 3071 1713 3119 sic
1730 3076 1956 3133 corripere
1965 3089 2170 3135 gressum
2181 3089 2197 3117 :
2220 3070 2409 3120 doctius
2426 3072 2573 3120 etiam
2588 3088 2633 3128 v,
2655 3072 2762 3129 144,

1640 3140 1898 3248 mucre
1911 3153 2117 3248 campzm
2131 3151 2307 3183 currus.
2350 3135 2585 3184 Similiter
2601 3151 2765 3198 rapere

1690 3216 1717 3247 c
1776 3215 1825 3248 m
1846 3215 2035 3249 occurri

1704 3267 1814 3322 419,
1838 3267 1949 3314 420.
1990 3267 2081 3317 Qui
2095 3267 2324 3326 plurimus
2349 3267 2457 3312 urbi
2478 3267 2679 3312 imminet
2700 3264 2763 3313 ad

1640 3329 2024 3391 magnitudinem
2044 3331 2203 3376 refero
2224 3328 2403 3376 montis
2420 3330 2511 3377 sub
2532 3328 2655 3393 ipsis
2676 3344 2761 3377 ur—

1640 3391 1715 3439 bis
1750 3393 1990 3441 moenibus
2020 3391 2311 3440 accubantis.
2381 3391 2679 3456 Simpliciter
2708 3393 2761 3441 in

1638 3455 1826 3530 vulgari
1862 3455 2078 3504 oratione
2120 3453 2343 3510 dixisses,
2381 3454 2615 3504 Imminet
2648 3456 2761 3506 urbi

1638 3518 1775 3568 collis
1807 3520 2107 3582 aliquantum
2140 3517 2313 3574 editus,
2348 3527 2401 3565 et
2432 3519 2639 3583 Byrsam
2671 3521 2759 3570 de-

1637 3583 1806 3647 spicit:
1831 3585 1962 3632 hunc
1977 3585 2079 3645 ¹iam
2102 3580 2465 3630 adscendet-ant.
2518 3583 2617 3632 Pro
2628 3601 2757 3647 mog-

1635 3665 1692 3696 no
1724 3656 1879 3697 monte
1920 3657 2065 3712 poeta
2102 3646 2287 3695 diceret
2324 3650 2512 3695 multum
2554 3655 2759 3707 montem,

1636 3721 1692 3760 ut
1724 3714 1845 3761 Geo.
1867 3711 1939 3770 iii,
1976 3714 2052 3770 52,
2086 3714 2290 3774 plurima
2328 3715 2493 3768 cervix,
2527 3711 2673 3788 longa
2710 3723 2761 3762 et

1637 3792 1809 3825 crassa.
1878 3778 2123 3826 Caeterum
2158 3785 2303 3841 poeta
2345 3776 2437 3824 hoc
2480 3787 2657 3826 sumsit
2695 3793 2761 3827 ex

1638 3841 1957 3906 topographia
1972 3842 2123 3889 Carth
2188 3840 2296 3889 'nia
2342 3840 2490 3890 Tales
2507 3841 2641 3890 enim
2656 3841 2757 3890 eol-

1639 3904 1713 3954 les
1729 3907 1927 3970 a‘speros
1944 3915 1995 3953 et
2006 3904 2153 3954 diffie*
2176 3920 2229 3953 es
2246 3904 2427 3968 inipso
2440 3905 2576 3954 aditu
2590 3905 2754 3954 isthmi

1638 3969 2755 4097 “mmmmm-0¹2&

1637 4113 1679 4146 c.
1704 4099 1782 4155 24,
1806 4100 2060 4147 Britannia
2082 4099 2355 4146 Hiberniam
2378 4101 2562 4160 aspicit.

1702 4163 1811 4220 421,
1832 4165 1941 4211 422.
1972 4163 2055 4211 Sic
2075 4163 2276 4226 Ulysses
2292 4163 2551 4212 Phaeacum
2568 4163 2755 4220 urbem,

1638 4226 1810 4290 Odyss.
1831 4245 1876 4285 η,
1898 4229 1960 4275 43
1978 4243 2079 4290 sqq.
2098 4243 2243 4292 quem
2258 4235 2413 4275 totum
2430 4226 2591 4274 locum
2610 4237 2758 4290 poeta

1636 4300 1750 4338 ante
1763 4291 1927 4340 oculos
1943 4292 2125 4340 habuit.
2170 4292 2408 4354 Magnum
2420 4289 2613 4340 aedificii
2630 4305 2755 4354 opus

1636 4356 1760 4404 bene
1792 4371 1903 4404 cum
1939 4355 2065 4404 casis
2098 4365 2147 4403 et
2180 4355 2385 4418 tuguriis
2414 4354 2750 4418 'componiturz

1636 4434 1695 4468 ea
1724 4429 1839 4470 sunt
1860 4423 2074 4483 magalia,
2132 4418 2392 4469 Dixeritne
2421 4429 2581 4468 autem
2607 4427 2755 4483 poeta
