3050 4934
461 298 591 364 342

1355 288 1875 357 AENEIDOS

464 452 591 515 525
639 448 863 521 Quum
893 454 1064 509 tacet
1096 442 1298 506 omnis
1331 462 1508 525 ager,
1544 439 1855 524 pecudes,
1888 438 2209 521 pictaeque
2242 434 2559 513 volucre-⁰2,

638 550 935 631 Quaeque
964 545 1144 609 lacus
1174 543 1302 607 late
1332 542 1636 624 liquidos,
1667 561 1945 623 quaeque
1974 560 2211 623 aspera
2240 538 2451 602 dumis

641 650 828 715 Rura
857 658 1102 722 tenent,
1136 666 1358 709 somno
1388 644 1621 727 positae
1653 642 1775 705 sub
1806 650 2000 705 nocte
2032 637 2241 704 silenti

638 754 676 792 ⁸*
693 750 1018 815 Lenibant
1048 770 1259 823 curas,
1293 755 1359 810 et
1389 744 1590 808 corda
1620 741 1819 807 oblita
1846 740 2219 806 laborum.*

639 852 733 916 At
761 875 890 915 non
919 848 1140 913 infelix
1169 848 1360 912 animi
1395 844 1765 921 Phoenissa,
1794 864 2008 928 neque
2040 864 2322 926 unquam

468 957 596 1021 530
643 954 928 1018 Solvitur
955 954 1022 1015 in
1054 972 1334 1025 somam,
1367 944 1649 1011 oculisve
1680 957 1791 1010 aut
1819 954 2085 1029 pectore
2115 955 2369 1009 noctem

641 1054 936 1139 Accipit:
983 1052 1376 1136 ingeminant
1407 1070 1619 1125 curae3

1666 1068 2023 1129 rursusque
2055 1067 2403 1130 resurgens

641 1158 839 1220 Saevit
869 1176 1069 1231 amor,
1101 1172 1463 1235 magnoque
1487 1150 1725 1212 irarum
1758 1148 2030 1213 fluctuat
2058 1158 2245 1212 oestu.

644 1260 752 1322 Sic
781 1258 947 1321 adeo
975 1256 1234 1329 insistit,
1271 1272 1617 1334 secumque
1648 1251 1740 1313 ita
1770 1250 1969 1314 corde
1998 1248 2279 1313 volutat:

645 1360 775 1437 En,
806 1359 964 1442 quid
997 1360 1166 1441 ago?
1213 1376 1524 1419 rursusne
1556 1374 1791 1438 procos
1822 1354 2011 1417 irrisa
2038 1354 2289 1437 priores

473 1464 598 1525 535
645 1460 1013 1544 Experiar?
1063 1458 1563 1540 Nomadumque
1594 1466 1810 1539 petam
1842 1456 2165 1519 connubia
2196 1454 2492 1539 supplex,

645 1563 835 1635 Quos
866 1583 990 1645 ego
1024 1562 1137 1622 sim
1171 1560 1362 1623 toties
1386 1560 1522 1641 jam
1553 1557 1906 1640 dedignata
1935 1558 2243 1620 maritos?

646 1663 873 1727 Iliacas
901 1663 1098 1746 igitur
1125 1660 1389 1736 classeS,
1423 1670 1619 1742 atque
1648 1656 1873 1723 ultima
1901 1657 2233 1722 Teucrfim

645 1765 846 1828 «Iussa
874 1765 1155 1846 sequar?
1202 1762 1436 1846 quiane
1468 1759 1708 1824 auxilio
1729 1760 1917 1843 juvat
1947 1771 2097 1822 ante
2124 1758 2392 1835 levatoS,

646 1864 787 1930 Aut
814 1866 982 1929 bene
1013 1864 1190 1947 apud
1219 1882 1534 1926 memores
1567 1861 1803 1924 veteris
1836 1872 1965 1925 stat
1993 1862 2201 1945 gratia
2228 1846 2424 1925 facti?

475 1968 602 2031 540
648 1967 815 2040 Quis
846 1988 948 2028 me
977 1977 1213 2039 autem,
1246 1962 1348 2026 fac
1379 1960 1565 2037 velle,
1600 1962 1800 2037 sinet3
1848 1962 2176 2026 ratibusve
2208 1962 2503 2045 superbis

649 2067 924 2132 Invisam
957 2066 1274 2148 accipiet?
1317 2064 1531 2127 nescis
1560 2063 1715 2139 heu,
1746 2062 2024 2147 perdita,
2060 2063 2335 2126 necdum

651 2167 1154 2233 Laomedontem
1183 2165 1382 2228 sentis
1419 2165 1707 2248 perjuria
1738 2166 1995 2248 gentis?

651 2268 831 2342 Quid
865 2270 1044 2332 tum?
1095 2266 1230 2329 sola
1260 2264 1416 2350 fuga
1444 2276 1675 2329 nautas
1708 2266 2063 2329 comitabor
2093 2266 2402 2329 ovantes?

648 2368 784 2445 An,
817 2366 1036 2452 Tyriis
1069 2368 1368 2450 omnique
1399 2388 1591 2430 manu
1623 2367 1862 2450 stipata
1888 2388 2200 2442 meorum,

477 2474 605 2537 545
650 2470 946 2535 Inferar?
993 2482 1080 2547 et,
1112 2493 1278 2554 quos
1308 2469 1575 2533 Sidonia
1604 2469 1711 2533 vix
1741 2470 1903 2533 urbe
1931 2466 2174 2545 revelli,

477 2680 586 2727 quae
617 2664 774 2727 ipsam
805 2678 969 2710 rerum
1004 2662 1218 2724 quietem
1309 2661 1438 2707 irare
1461 2659 1597 2707 vide-

477 2740 585 2785 tur3
619 2729 712 2776 hoc
735 2736 898 2774 tamen
919 2725 1148 2790 inprimis
1172 2725 1254 2774 lau
1289 2724 1430 2781 anda,
1454 2724 1597 2785 quod,

477 2808 590 2841 curn
611 2806 740 2855 soepe
763 2790 815 2837 in
833 2806 892 2837 ea
913 2800 964 2837 et
981 2789 1064 2838 alii
1083 2798 1240 2853 poetae
1257 2787 1599 2846 laboraverint,

477 2856 591 2905 huic
623 2854 851 2919 inprimis
883 2854 991 2903 loco
1023 2854 1108 2902 illa
1139 2850 1601 2901 convenientissima

477 2930 566 2977 est,
583 2928 640 2967 ut
655 2928 767 2983 post
784 2917 894 2967 illos
911 2918 962 2966 in
981 2918 1230 2993 superiore
1252 2917 1358 2964 loco
1380 2916 1597 2980 prodigi-

477 2999 617 3033 orum
647 2994 700 3031 et
720 2982 845 3031 sacri
876 2983 1053 3045 mag-ici
1083 2992 1306 3038 terrores,
1331 2995 1462 3028 nunc
1491 2978 1597 3027 ani-

477 3062 611 3095 mum
627 3048 821 3095 diverso
838 3046 982 3093 modo
1005 3044 1206 3099 afficiat3
1243 3052 1392 3106 utque
1410 3043 1598 3092 deleni-

478 3122 584 3159 tum
597 3112 686 3158 hac
705 3109 944 3157 suavitate
959 3109 1174 3156 animum
1189 3108 1396 3170 legentis
1409 3108 1601 3156 miserae

481 3174 695 3223 Didonis
727 3188 944 3220 summus
976 3171 1155 3219 amoris
1183 3181 1330 3220 aestus
1352 3172 1600 3234 animique

1487 3238 1600 3283 Jam

479 3238 724 3287 cruciatus
763 3244 900 3284 tanto
939 3236 1094 3298 magis
1135 3236 1476 3347 percellant.N
1561 3300 1573 3311 ·

1478 3310 1602 3349 oens

478 3303 580 3351 Jos.
621 3300 888 3348 wartonus
930 3300 1023 3348 hoc
1063 3300 1351 3349 observavit.

477 3365 674 3415 silentia
704 3365 878 3413 miram
909 3364 1198 3412 suavitatem
1231 3364 1438 3413 habent:
1473 3368 1601 3413 silvo

475 3439 524 3479 et
558 3444 742 3492 aequora
775 3432 1003 3491 quierant,
1027 3438 1247 3477 cessante
1283 3429 1374 3476 sub
1405 3439 1601 3477 noctem

479 3504 652 3544 vento:
675 3492 810 3556 sessa
834 3510 1036 3555 corpora,
1065 3493 1220 3551 docte,
1243 3492 1480 3551 homines,
1505 3492 1602 3541 nisi

479 3558 680 3608 omnino
706 3556 973 3606 animantia
994 3556 1162 3606 malis:
1197 3560 1343 3604 medio
1363 3560 1603 3605 volvantur

477 3626 633 3672 sidera
655 3626 802 3683 lapsu,
825 3638 973 3671 cursu
993 3636 1083 3686 per
1111 3622 1322 3669 mediam
1353 3620 1464 3669 coeli
1485 3637 1599 3685 par·

479 3696 594 3745 tem,
629 3686 692 3735 ad
723 3686 870 3735 rudes
901 3686 1154 3735 hominum
1187 3700 1384 3735 sensus:
1420 3690 1601 3747 posita,

477 3750 774 3815 composite,
797 3750 1117 3815 quiescentes,
1141 3751 1326 3814 sopite.

544 3817 656 3863 628.
707 3814 856 3863 Hunc
901 3828 1111 3872 versum,
1153 3815 1236 3876 qui
1281 3830 1310 3861 a
1353 3812 1603 3862 codicibus

478 3876 912 3944 praestantioribus,
937 3886 994 3925 ut
1026 3878 1267 3935 Mediceo,
1295 3878 1446 3935 abest,
1477 3894 1598 3940 quo-

477 3960 572 4019 que
594 3942 862 4008 pecudibus
885 3951 936 3989 et
957 3942 1233 3990 volucribus
1256 3952 1403 3989 noctu
1424 3960 1455 3990 a
1477 3946 1603 3990 euris

477 4007 675 4056 liberari
697 4006 942 4063 tribuitur,
967 4020 996 4055 a
1026 4020 1174 4055 manu
1197 4006 1356 4055 aliena
1381 4004 1601 4053 additum

477 4086 586 4121 esse
609 4079 813 4121 censent
831 4070 925 4119 viri
943 4070 1088 4119 docti.

543 4138 652 4185 ⁶29.
687 4136 874 4184 Eadem
907 4134 1163 4184 antithesis
1195 4148 1258 4181 ex
1292 4132 1430 4181 Iliad.
1457 4136 1494 4187 β
1519 4148 1597 4207 pr.

479 4216 510 4247 κ
533 4214 605 4261 pr.
631 4218 682 4256 ω,
707 4198 816 4257 677,
841 4208 1008 4247 notata
1030 4214 1060 4247 a
1081 4198 1202 4247 viris
1224 4197 1392 4255 doctis,
1412 4206 1462 4245 et
1481 4198 1599 4246 lunc

481 4262 660 4326 passim
693 4263 754 4310 ab
787 4264 896 4311 aliis
929 4263 1036 4312 alia.
1094 4267 1163 4312 Ae
1195 4280 1282 4311 non
1315 4262 1417 4310 scil.
1441 4262 1601 4325 carpit

479 4340 719 4401 soporem,
752 4326 904 4374 ἀνι-εἳ.
972 4330 1174 4376 Solvitur
1204 4331 1254 4375 in
1287 4344 1472 4384 emanas,
1511 4340 1597 4374 ex-

478 4388 656 4454 quisite
675 4404 768 4463 pro
797 4388 920 4437 solvi
950 4406 1134 4448 somno,
1161 4390 1337 4452 quiete.
1405 4392 1597 4439 Noctem

477 4468 570 4519 pro
583 4461 772 4514 ‘quiete
807 4453 965 4501 noctis
1001 4470 1057 4501 ac
1095 4466 1266 4502 somno
1305 4452 1444 4503 dixit.
1513 4458 1595 4502 In-

1659 2662 1895 2770 {Ifmt’nant
1933 2674 2069 2716 σανα,
2110 2666 2281 2721 utpote
2320 2655 2373 2707 in
2414 2657 2575 2707 noctis
2614 2658 2789 2708 solitu-

1718 2737 1795 2771 ne.

1732 2788 2002 2835 533—536.
2029 2788 2215 2834 Insistit
2230 2796 2395 2835 mente
2412 2796 2463 2835 et
2475 2786 2787 2851 cogitatione,

1664 2860 1721 2899 ut
1741 2852 1819 2911 sit,
1844 2852 1915 2900 ita
1946 2851 2077 2915 apud
2098 2866 2153 2899 se
2180 2851 2375 2915 cogitat.
2442 2851 2669 2900 Orator-ie
2696 2868 2785 2916 pa-

1666 2916 1775 2963 thos
1808 2916 1861 2964 in
1890 2916 1968 2963 his
1995 2915 2203 2964 Didonis
2226 2916 2387 2964 verbis
2414 2924 2688 2972 nactam,
2712 2916 2785 2965 fa-

1664 2980 1758 3027 cile
1802 2988 2022 3028 nostrum
2064 2980 2267 3042 quisque
2348 2996 2403 3028 er
2444 2996 2498 3029 se
2538 2979 2787 3045 intellig-it.

1665 3046 1831 3104 Irrita,
1866 3054 1922 3093 ut
1953 3044 2183 3101 irrideat-3
2226 3044 2329 3109 epit
2364 3052 2477 3092 eton
2510 3045 2571 3092 ab
2612 3044 2789 3093 essUtu

1664 3108 1737 3156 rei
1756 3124 1819 3157 ex
1830 3124 1965 3157 more
1981 3116 2249 3173 poetarum.
2292 3110 2460 3157 Procae
2471 3116 2518 3157 ee
2530 3110 2791 3157 Nomadum

1666 3170 1762 3221 vid.
1788 3189 1894 3237 sup.
1918 3190 1964 3220 v.
1992 3174 2069 3230 36,
2095 3172 2172 3223 37.

1732 3236 1841 3287 537.
1902 3238 2077 3285 Ultima
2120 3238 2341 3284 Tener-am
2370 3238 2525 3293 Ima,
2556 3246 2675 3285 sunt
2707 3236 2787 3284 in·

1667 3300 1769 3349 fimi
1793 3300 1989 3365 generis
2006 3300 2285 3349 hominibus
2308 3300 2413 3348 dari
2434 3300 2591 3349 solita.
2652 3300 2791 3349 Bene

1668 3366 1901 3429 Pompon.
1940 3366 2049 3413 Sab.
2076 3367 2203 3413 Puta
2220 3368 2341 3427 quod
2374 3367 2587 3426 quuatur
2614 3366 2681 3412 od
2700 3368 2789 3413 πει·-

1665 3433 1947 3506 geram,
1968 3432 2101 3491 quasi
2122 3432 2256 3491 quod,
2274 3433 2317 3477 εἰ
2338 3432 2522 3492 naviget
2545 3444 2647 3476 cnm
2675 3430 2789 3477 Tro-

1652 3491 2314 3613 μηδιὲᾈὲζῖἓνὸιῖεᾝΐετο
2330 3556 2589 3620 quicquam
2601 3570 2789 3621 eopro-

1666 3622 1879 3679 fecerim,
1911 3622 2040 3684 quod
2076 3621 2197 3685 ipsis
2231 3630 2345 3669 ante
2383 3620 2567 3669 auxilio
2596 3620 2789 3679 fuerim,

1666 3702 1731 3735 sc.
1758 3701 1785 3734 e
1808 3686 2061 3749 naufragio
2084 3701 2167 3734 eos
2194 3684 2500 3749 excipiendo.
2569 3688 2701 3734 maer
2721 3701 2788 3734 sc.

1667 3766 1747 3798 me
1791 3750 1929 3813 sequi
1974 3750 2192 3797 classem.
2265 3751 2324 3797 In
2370 3764 2467 3798 να.
2514 3750 2789 3798 540-548.

1668 3816 1925 3890 verborum
1970 3813 2202 3889 dilectum
2248 3816 2465 3889 observa.
2552 3814 2793 3877 'bojanos

1666 3878 2791 4005 mffrffimffifflmsfflmhr

1669 4006 1955 4070 Neptunum
1980 4014 2031 4054 et
2053 4006 2350 4069 Apollinem,
2372 4020 2489 4054 mox
2510 4004 2564 4053 in
2590 4006 2787 4054 Hercu-

1665 4071 1775 4129 lem,
1802 4080 1920 4119 nota
1938 4079 2065 4119 sunt.
2138 4073 2349 4128 ovantes,
2372 4070 2621 4125 letantem
2656 4068 2786 4117 invi-

1664 4134 1802 4183 diose
1848 4143 1897 4183 et
1936 4136 2041 4183 hoc.
2109 4134 2336 4182 Vidimus
2376 4148 2482 4197 sup.
2525 4134 2636 4191 294,
2674 4134 2788 4191 295,

1664 4198 1899 4261 bojanos
1915 4198 2051 4247 laetos
2068 4198 2275 4261 imperio
2294 4198 2558 4246 discessum

1729 4265 1839 4313 545.
1875 4262 2073 4325 laser-ar,
2098 4264 2307 4324 sequar?
2343 4278 2463 4325 quos
2484 4276 2550 4325 pa

1665 4342 1695 4375 a
1716 4326 1847 4391 'hro
1869 4327 2093 4383 excitavi,
2116 4326 2295 4375 iterum
2318 4327 2524 4375 navibus
2548 4342 2787 4375 conscen-

1661 4390 1729 4440 sis
1751 4391 2008 4440 maritimis
2036 4391 2258 4439 cursibus
2288 4406 2453 4440 errare
2474 4390 2647 4440 faciam
2660 4393 2683 4439 2
2718 4406 2788 4440 sc.

1662 4464 1717 4503 ut
1740 4470 1851 4504 cum
1874 4455 2098 4517 TroJanis
2121 4454 2173 4503 in
2202 4455 2345 4504 Italia
2368 4455 2636 4505 considant.

2618 4277 2651 4310 0
2674 4271 2791 4311 811oe
