3050 4934
502 242 630 306 598
1398 250 1926 331 AENEIDQS

504 391 633 455 540
676 393 993 461 Priverno
1024 398 1288 482 antiqua
1320 399 1634 464 Metabus
1667 424 1815 465 cum
1843 401 2196 466 excederet
2228 400 2416 475 urbe,

676 493 1020 574 Infantem,
1053 498 1309 581 fugiens
1343 501 1556 563 media
1583 502 1754 565 inter
1781 500 2012 585 proelia
2040 500 2218 577 belli,

677 596 957 661 Sustulit
986 599 1215 664 exsilio
1244 602 1566 677 comitem,
1596 602 1948 685 matrisque
1979 602 2234 665 vocavit

673 695 954 761 Nomine
988 699 1330 778 Casmillae,
1360 711 1610 765 mutata
1637 713 1849 785 parte,
1883 700 2237 765 Camillam.

674 796 851 880 Ipse,
885 800 1030 863 sinu
1060 822 1199 883 prae
1232 823 1301 864 se
1331 813 1626 884 portans,
1650 803 1814 885 juga
1844 802 2041 885 longa
2068 803 2338 886 petebat

504 896 631 959 545
676 897 977 962 Solorum
1002 923 1367 979 nemorum;
1412 901 1544 966 tela
1574 903 1862 986 undique
1893 926 2064 967 saeva
2093 903 2498 986 premebant,

677 998 770 1062 Et
798 1000 1187 1065 circumfuso
1216 1001 1573 1066 volitabant
1605 1002 1800 1067 milite
1834 1002 2080 1067 Volsci.

678 1100 877 1178 Ecce,
910 1101 1084 1185 fugae
1112 1104 1348 1179 medie,
1383 1105 1644 1167 summis
1676 1103 2044 1167 Amasenus
2076 1104 2416 1167 abundans

674 1199 1037 1284 Spumabat
1066 1204 1258 1286 ripis;
1305 1214 1525 1267 tantus
1560 1226 1629 1267 se
1659 1205 1942 1267 nubibus
1975 1205 2182 1267 imber

674 1300 999 1385 Ruperat.
1075 1302 1217 1379 Ille,
1248 1305 1472 1368 innare
1503 1326 1766 1388 paranS,
1797 1303 2062 1369 infantis
2091 1325 2310 1368 amore

502 1402 631 1465 550
674 1401 1031 1480 Tardatur,
1066 1404 1345 1487 caroque
1378 1406 1561 1468 oneri
1591 1405 1792 1468 timet.
1871 1404 2110 1469 Omnia
2143 1426 2358 1469 secum

674 1502 985 1567 Versanti
1016 1506 1233 1567 subito
1262 1506 1369 1567 vix
1396 1504 1539 1567 haec
1571 1505 1894 1568 sententia
1923 1505 2128 1568 sedit:
2155 1568 2162 1575 ,

672 1602 910 1667 Telum
939 1604 1235 1680 immane,
1266 1626 1461 1667 manu
1491 1600 1706 1666 valida
1735 1606 1914 1687 quod
1946 1603 2114 1669 forte
2145 1606 2418 1688 gerebat

673 1701 987 1779 Bellator,
1023 1702 1299 1768 solidum
1329 1704 1517 1767 nodis
1549 1714 1618 1768 et
1647 1706 1884 1769 robore
1916 1718 2134 1782 cocto;

672 1802 849 1867 Huic
880 1814 1119 1880 natam,
1151 1804 1319 1867 libro
1350 1816 1414 1867 et
1446 1804 1722 1868 silvestri
1757 1807 1992 1870 subere
2025 1806 2330 1881 clausam,

502 1906 627 1967 555
670 1903 989 1988 Implicat,
1022 1914 1219 1988 atque
1248 1903 1532 1969 habilem
1560 1905 1790 1969 mediae
1821 1904 2220 1987 circumligat
2249 1906 2488 1983 hastae3

675 2004 893 2078 Quam
922 2006 1155 2069 dextra
1184 2006 1432 2088 ingenti
1460 2004 1704 2069 librans
1735 2007 1826 2067 ita
1853 2006 1939 2069 ad
1971 2005 2220 2069 aethera
2249 2005 2456 2071 fatur:

671 2102 888 2181 Alma,
920 2106 1041 2168 tibi
1067 2105 1260 2181 hanc,
1292 2126 1626 2169 nemorum
1655 2104 1914 2182 cultrix,
1950 2105 2229 2170 Latonia
2261 2109 2465 2191 virge,

678 2203 831 2289 Ipse
863 2216 1051 2287 pater
1080 2203 1383 2269 famulam
1414 2228 1648 2282 voveo3
1695 2218 1808 2269 tua
1837 2208 2047 2290 prima
2073 2229 2193 2291 per
2223 2230 2414 2272 auras

671 2302 841 2367 Tela
868 2315 1096 2385 tenens
1128 2305 1409 2390 supplex
1436 2306 1696 2370 hostem
1725 2306 1914 2390 fugit.
1990 2307 2266 2393 Accipe,
2297 2320 2525 2385 testor,

504 2406 631 2469 560
676 2405 849 2469 Diva
881 2416 1078 2483 tuam,
1110 2429 1259 2491 quae
1286 2429 1459 2470 nunc
1490 2408 1707 2470 dubiis
1739 2410 2159 2473 committitur
2188 2412 2386 2473 auria.

678 2506 890 2583 Dixit,
922 2519 989 2571 et
1018 2507 1307 2572 adducto
1336 2520 1706 2572 contortum
1732 2508 1967 2573 hastile
1996 2509 2240 2573 lacerto

674 2608 1005 2673 Immittit:
1055 2631 1331 2673 sonuere
1363 2610 1588 2686 undae3
1637 2612 1936 2694 rapidum
1966 2632 2164 2693 super
2194 2633 2446 2674 amnem

674 2708 907 2773 Infelix
937 2707 1104 2792 fugit
1133 2710 1200 2773 in
1219 2709 1439 2793 jaculo
1472 2710 1788 2775 stridente
1821 2709 2108 2774 Camilla.

673 2809 770 2874 At
796 2810 1133 2886 MetabuS,
1164 2832 1397 2895 magna
1426 2812 1698 2895 propius
1722 2812 1856 2895 jam
1889 2822 2163 2896 urgente
2196 2822 2478 2889 caterva,

504 2912 631 2976 565
675 2910 815 2975 Dat
848 2934 991 2976 sese
1023 2911 1241 2988 fluvio,
1274 2921 1469 2994 atque
1500 2910 1756 2975 hastam
1787 2936 1934 2976 cum
1963 2914 2207 2996 virgine
2239 2916 2443 2977 victor

507 3136 612 3169 esse
648 3120 853 3178 videtur,
878 3135 990 3168 cum
1021 3121 1236 3171 narratio
1257 3136 1369 3169 cum
1402 3122 1509 3185 ipso
1533 3123 1624 3169 AE-
1695 3122 1922 3181 Clau-im,
1949 3123 2218 3173 involutam
2239 3126 2434 3174 cortice.
2491 3130 2726 3186 Habilem,
2753 3130 2825 3178 ita

506 3184 664 3232 neidis
698 3194 985 3247 argumento
1018 3184 1217 3233 omnino
1240 3200 1337 3233 non
1361 3184 1479 3233 satis
1512 3202 1624 3233 coa·
1694 3196 1748 3235 ut
1781 3188 1964 3245 haberi,
1989 3188 2198 3246 tractari,
2223 3205 2312 3252 pro
2338 3190 2500 3251 jaculo
2523 3191 2680 3239 emitti
2705 3209 2822 3241 cum

507 3247 667 3297 luerit.
1692 3252 1834 3299 hasta
1871 3261 2063 3315 posset:
2105 3253 2175 3301 sic
2208 3253 2240 3310 i,
2281 3255 2388 3311 318,
2427 3258 2622 3302 habilem
2657 3272 2822 3304 orcum

574 3315 683 3360 543.
719 3312 915 3360 Tribuit
940 3312 1087 3375 igitur
1108 3323 1255 3377 poeta
1277 3314 1430 3377 patris
1453 3315 1625 3361 volun·
1695 3315 1930 3370 vidimus;
1967 3333 2114 3363 ensem
2147 3317 2212 3373 ix,
2247 3318 2368 3372 3053
2399 3322 2580 3379 galeam
2611 3319 2732 3367 ibid.
2771 3336 2820 3369 v.

507 3377 611 3434 tati,
631 3376 759 3439 quod
778 3376 993 3425 emollita
1013 3378 1346 3440 pronuntiatio
1364 3377 1629 3427 serioribus
1695 3381 1804 3427 365.
1860 3381 1937 3427 De
1973 3380 2168 3443 alligata
2189 3396 2336 3444 porro
2367 3382 2532 3444 puella
2561 3383 2822 3445 ingeniose

508 3441 730 3490 aetatibus
752 3441 930 3498 attulit,
954 3450 1022 3497 ut,
1056 3456 1146 3504 pro
1172 3445 1369 3489 Casmilo
1393 3444 1626 3499 Camillus,
1695 3460 1738 3491 v.
1761 3446 1869 3501 558,
1891 3446 2000 3500 559,
2024 3454 2105 3492 tua
2128 3449 2220 3492 tela
2243 3454 2396 3493 tenens
2413 3450 2617 3507 supplet.
2657 3448 2822 3497 Hasta

506 3522 597 3570 pro
624 3508 825 3553 Camila
854 3508 1050 3554 Camilla
1084 3505 1341 3553 diceretur.
1400 3507 1511 3553 Vox
1547 3506 1630 3553 ina
1693 3516 1856 3554 autem
1879 3507 2116 3569 illigatum
2140 3509 2330 3572 pondus
2353 3509 2405 3557 in
2427 3510 2629 3559 alteram
2655 3511 2818 3575 ripam

509 3586 538 3618 a
561 3570 780 3633 Pelasgis
800 3570 853 3618 in
881 3570 1071 3617 Italiam
1104 3569 1239 3617 illata
1262 3570 1485 3617 Etruscis
1507 3586 1625 3631 quo-
1695 3570 1992 3627 transmittit,
2014 3582 2068 3619 ut
2089 3572 2195 3635 ipse
2217 3573 2384 3621 liberis
2406 3575 2630 3623 manibus
2656 3586 2816 3625 trans-

508 3650 601 3696 que
624 3634 717 3682 fuit
738 3635 1053 3697 frequentata,
1078 3634 1161 3696 qui
1185 3634 1486 3683 Mercurium
1506 3636 1625 3682 Cas·
1695 3644 1860 3681 natare
1897 3636 2062 3698 possit.
2129 3639 2366 3684 Famulam
2400 3638 2527 3685 dixit
2557 3655 2814 3689 consecra-

507 3698 679 3746 milum
728 3698 1049 3762 appellarunt,
1098 3708 1326 3761 tanquam
1370 3701 1630 3746 ministrum
1695 3708 1820 3753 tam3
1879 3699 1991 3761 quia
2035 3700 2247 3749 ministri
2300 3702 2515 3759 deorum,
2571 3701 2814 3767 ὑπηρέται,

509 3763 724 3810 deorum.
1693 3764 1867 3819 δοῦλοι,
1892 3764 1987 3811 diis
2009 3781 2062 3813 se
2083 3776 2382 3813 consecrant.

572 3828 681 3874 544.
716 3828 844 3888 Juga
866 3830 1012 3889 longa,
1036 3841 1136 3875 non
1170 3826 1435 3889 longinqua
1466 3835 1515 3875 et
1545 3842 1623 3874 re-
1759 3828 2030 3876 560-563.
2066 3832 2234 3877 Dubiis
2257 3834 2399 3887 anri-5,
2431 3845 2521 3893 per
2553 3846 2672 3892 quas
2705 3832 2818 3897 ipsa

504 3900 651 3947 mota,
676 3890 761 3938 sed
781 3890 925 3952 long-o
950 3900 1106 3938 tractu
1127 3890 1421 3938 continuata.
1691 3891 1853 3939 infans
1875 3893 2022 3941 dubia
2043 3893 2200 3941 salute
2221 3894 2386 3943 fertur.
2439 3898 2634 3943 Sonuere
2651 3900 2818 3951 unde,-

572 3957 681 4004 549.
716 3957 941 4015 Ruperat,
966 3964 1194 4017 eruperat
1214 3970 1279 4003 se.
1693 3955 1739 4002 h.
1765 3970 1850 4003 aer
1869 3972 2019 4020 super
2041 3957 2198 4015 undis,
2221 3958 2364 4005 sibilo
2387 3974 2475 4021 per
2497 3959 2684 4007 hastam
2713 3971 2814 4009 tra-

572 4022 679 4067 551.
718 4020 844 4066 Cum
873 4018 1037 4066 omnia
1068 4032 1233 4067 secum
1260 4028 1515 4076 versasset,
1551 4022 1628 4066 vix
1684 4022 1865 4080 jectam
1899 4020 2038 4068 facto.
2099 4022 2307 4070 Hastam
2335 4032 2499 4070 autem
2521 4022 2592 4070 sic
2613 4024 2816 4073 missam

505 4088 601 4132 ἧσο
622 4086 851 4131 sententia
870 4085 991 4130 sedit
1019 4086 1181 4139 subito,
1206 4098 1315 4143 quae
1334 4082 1498 4130 subito
1518 4082 1624 4130 ani·
1726 4092 1824 4140 uta,
1849 4093 1905 4132 ut
1933 4086 2074 4133 alteri
2105 4086 2257 4133 littori
2281 4102 2340 4135 ea
2371 4086 2669 4149 infigeretur.
2727 4092 2812 4137 In-

506 4162 637 4195 mum
661 4146 888 4195 subierat.
1676 4098 1832 4209 felix,-
1888 4149 1966 4197 vel
2015 4160 2240 4214 respectu
2295 4150 2550 4215 praesentis
2593 4152 2816 4202 eaminae

570 4213 857 4259 552—559.
906 4214 1082 4259 Robore
1122 4218 1256 4268 cocto,
1296 4210 1395 4273 igni
1433 4210 1621 4269 durato,
1689 4212 1790 4269 fati,
1812 4213 1888 4261 vel
1921 4213 2050 4276 quod
2077 4217 2178 4276 jam
2207 4215 2291 4263 ina
2309 4224 2454 4265 aetate
2487 4224 2676 4265 tantum
2699 4217 2818 4266 vim

505 4284 731 4336 praeusto.
814 4278 971 4323 Telum
1014 4278 1454 4329 immane—Hui&
1508 4286 1626 4325 nota
1690 4276 1952 4325 discrimen
1975 4278 2144 4327 adiret.

504 4346 761 4386 structurae
811 4338 1214 4396 immutationem,
1272 4356 1380 4403 quae
1428 4340 1506 4388 vel
1563 4342 1624 4388 ob
1756 4342 2028 4391 565—568.
2061 4345 2215 4392 Victor
2231 4358 2430 4407 compos
2449 4344 2550 4391 voti
2569 4344 2650 4404 (ut
2665 4360 2813 4409 saepe,

501 4400 813 4461 negligentia·
838 4402 1051 4465 speciem
1076 4404 1313 4453 suavitate
1344 4420 1441 4453 non
1475 4415 1621 4453 caret.
1691 4422 1733 4452 v.
1769 4424 1810 4453 c.
1849 4406 1951 4463 viii,
1989 4408 2093 4467 61),
2131 4406 2231 4455 scil.
2270 4408 2470 4455 flumine
2506 4410 2721 4469 trajecto,
2764 4420 2818 4458 et
