3050 4934
515 242 646 304 394·

1413 241 1941 306 AENEIDOS

693 389 928 472 Regna
959 391 1116 454 meis
1147 389 1320 467 fatis,
1355 390 1549 454 Latio
1578 391 1917 455 considere
1948 389 2269 468 Teucros,

694 490 1141 574 Errantesque
1170 492 1354 569 deos,
1385 493 1759 575 agitataque
1788 493 2049 556 numina
2077 489 2323 576 Trojae.

693 591 866 654 Tum
901 591 1158 656 Phoebo
1185 603 1254 657 et
1283 593 1526 657 Trivioe
1556 593 1763 656 solido
1793 593 1877 656 de
1908 614 2224 656 marmore
2256 593 2565 678 templum

567 693 651 754 70
697 693 1058 769 Instituam,
1090 692 1424 776 festosque
1455 691 1596 758 dies
1627 695 1712 758 de
1742 693 1995 756 nomine
2028 693 2289 759 Phoebi.

695 793 797 856 Te
829 815 1089 877 quoque
1120 815 1354 877 magna
1381 805 1645 858 manent
1674 795 1891 878 regnis
1922 793 2281 878 penetralia
2308 795 2587 871 nostris3

695 893 825 956 Hic
854 915 978 976 ego
1009 915 1285 976 namque
1317 905 1464 958 tuas
1496 907 1731 972 sortes,
1762 915 2127 978 arcanaque
2158 893 2314 972 fata,

699 993 896 1058 Dicta
923 1017 1085 1058 meae
1112 997 1314 1078 genti,
1344 1019 1605 1079 ponam,
1636 995 1969 1078 lectosque
2000 997 2297 1072 sacrabo,

697 1093 909 1172 Alma,
944 1097 1134 1160 viros,
1211 1097 1408 1160 Foliis
1442 1108 1693 1162 tantum
1722 1119 1805 1161 ne
1834 1097 2117 1161 carmina
2144 1096 2414 1172 manda3

569 1199 652 1259 75
696 1197 806 1260 Ne
837 1199 1098 1261 turbata
1129 1197 1346 1262 volent
1373 1199 1619 1282 rapidis
1650 1196 1931 1261 ludibria
1958 1198 2203 1260 ventis:

697 1298 851 1381 Ipsa
881 1321 1075 1362 canas
1107 1321 1243 1362 oro.
1323 1299 1548 1362 Finem
1578 1299 1761 1362 dedit
1790 1321 1903 1362 ore
1933 1296 2261 1381 loquendi.

784 1396 900 1473 At,
935 1399 1174 1462 Phoebi
1201 1400 1488 1462 nondum
1517 1400 1794 1483 patiens,
1826 1399 2113 1462 immanis
2144 1401 2209 1462 in
2238 1409 2425 1464 antro

701 1499 1072 1564 Bacchatur
1101 1511 1304 1577 vates,
1335 1523 1637 1584 magnum
1668 1501 1723 1562 si
1750 1501 2255 1584 pectore-possit

703 1601 1096 1665 Excussisse
1125 1603 1354 1665 deum:
1403 1613 1585 1666 tanto
1614 1602 1819 1684 magis
1850 1599 1955 1664 ille
1984 1600 2217 1683 fatigat

571 1705 656 1766 80
701 1703 800 1765 Os
830 1703 1152 1779 rabidum,
1180 1703 1320 1767 fera
1347 1704 1549 1768 corda
1578 1704 1872 1778 domanS,
1902 1702 2219 1786 fingitque
2248 1703 2625 1786 premendo.

617 1864 628 1874 ,
702 1805 894 1867 Ostia
913 1805 1180 1888 jamque
1209 1805 1442 1868 domus
1473 1815 1744 1888 patuere
1775 1804 2061 1887 ingentia
2086 1813 2347 1866 centum

701 1905 950 1988 Sponte
983 1927 1124 1982 sua,
1155 1907 1450 1988 vatisque
1481 1905 1701 1968 ferunt
1730 1925 2047 1988 responsa
2072 1925 2194 1987 per
2220 1925 2452 1967 auras:

702 2007 767 2069 O
799 2005 1060 2069 tandem
1089 2007 1338 2088 magnis
1367 2005 1581 2089 pelagi
1612 2004 1918 2070 defuncte
1951 2004 2243 2088 periclis!

701 2107 836 2170 Sed
868 2117 1044 2169 terra
1068 2109 1368 2190 graviora
1392 2118 1675 2172 manent.
1754 2105 1829 2169 In
1858 2127 2061 2189 regna
2092 2103 2324 2168 Lavini

573 2209 657 2268 85
703 2206 1104 2270 Dardanidae
1133 2209 1426 2284 venient3
1473 2209 1655 2272 mitte
1683 2207 1853 2271 hanc
1878 2208 1963 2270 de
1996 2217 2261 2290 pectore
2289 2229 2545 2271 curam:

703 2307 837 2370 Sed
867 2329 994 2369 non
1023 2317 1102 2386 et¹
1122 2309 1374 2372 venisse
1405 2307 1643 2373 volent.

1721 2307 1928 2384 Bella,
1958 2307 2227 2371 horrida
2255 2307 2448 2384 bella,

705 2408 798 2471 Et
826 2407 1146 2504 Thybrim
1175 2408 1376 2474 multo
1409 2420 1813 2494 spumantem
1846 2409 2157 2492 sanguine
2188 2429 2404 2472 cerno.

529 2603 614 2662 xii,
639 2604 714 2654 97.
775 2605 872 2652 Pro
889 2603 978 2666 sac
1004 2621 1082 2651 nos
1104 2607 1348 2662 considere,
1373 2619 1516 2666 quam
1536 2618 1647 2666 gra·

531 2668 655 2716 viter
675 2667 782 2726 ista,
807 2685 850 2716 v.
877 2668 954 2724 67,
977 2669 1066 2714 681

595 2733 672 2788 69,
699 2731 774 2780 70.
811 2731 890 2779 Ad
914 2731 1147 2804 templum
1176 2729 1225 2778 in
1252 2730 1439 2778 Palatio
1460 2731 1520 2778 ab
1545 2730 1647 2778 Au·

527 2803 670 2858 gusto
699 2795 880 2844 factum
897 2795 1090 2858 respici,
1117 2804 1168 2842 ut
1193 2793 1378 2842 AEneas
1400 2809 1461 2841 ex
1482 2803 1645 2858 poste·-

529 2873 692 2908 rorum
727 2875 936 2922 persona
975 2868 1088 2906 vota
1123 2857 1280 2915 faciat,
1311 2861 1412 2920 jam
1451 2857 1649 2906 Servius

529 2923 727 2972 notavit.
781 2925 938 2972 Festos
960 2925 1070 2980 dies,
1095 2922 1234 2970 ludos
1257 2922 1566 2985 Apollinares
1589 2923 1650 2969 ab

529 2987 698 3034 eodem
722 2986 984 3034 institutos.

595 3051 800 3101 71—73.
831 3049 1004 3097 Libros
1020 3047 1280 3111 Sibyllinos
1301 3058 1354 3097 et
1369 3049 1647 3112 quindecim

531 3113 660 3162 viros
690 3113 752 3160 iis
783 3112 1114 3175 inspiciendis.
1172 3113 1360 3161 Servati
1383 3124 1545 3162 autem
1577 3113 1647 3161 illi

529 3177 636 3224 libri
677 3175 890 3240 primum
933 3176 986 3223 in
1025 3175 1282 3239 Capitolio,
1324 3180 1385 3225 ab
1425 3180 1648 3240 Augusto

529 3255 645 3290 vero
669 3240 762 3287 sub
783 3239 1028 3303 Apollinis
1056 3240 1263 3288 Palatini
1298 3241 1402 3290 basi
1435 3241 1643 3298 conditi;

529 3315 584 3353 ut
606 3319 668 3352 ex
692 3305 890 3351 Sueton.
925 3313 1108 3362 notum,
1143 3305 1311 3353 Octav.
1339 3307 1392 3354 31
1416 3326 1428 3362 ;
1467 3305 1645 3354 Tibull.

527 3369 578 3426 ii,
604 3371 648 3426 5,
677 3370 720 3426 1,
755 3369 923 3417 Pkoebe
941 3365 1068 3428 fave,
1102 3385 1238 3416 novus
1272 3373 1535 3433 ingreditur
1567 3379 1647 3418 tua

527 3436 696 3496 templa
734 3434 942 3480 sacerdos
956 3451 974 3487 ,·
1019 3433 1122 3480 haec
1164 3433 1314 3495 igitur
1355 3443 1472 3482 sunt
1504 3451 1644 3496 pene-

527 3501 684 3546 trulia-

588 3561 793 3614 ⁷4—76.
813 3557 1116 3623 Exsequitur
1129 3561 1313 3612 AEneas
1324 3562 1506 3611 Heleni
1521 3577 1645 3626 prae-

525 3635 722 3690 ceptum
743 3641 849 3690 sup.
875 3626 944 3683 iii,
969 3628 1064 3674 443
1087 3643 1156 3688 sq.
1182 3627 1292 3677 457.
1349 3630 1462 3688 Ipsa
1493 3643 1645 3674 canas.

530 3691 676 3739 Nunc
707 3689 857 3752 igitur
891 3705 1026 3738 more
1060 3705 1148 3739 suo
1181 3691 1352 3740 relicto
1388 3707 1485 3739 non
1520 3690 1648 3739 foliis

526 3754 747 3803 inscribit
769 3753 912 3811 dicta,
933 3755 1021 3804 sed
1041 3769 1126 3803 ore
1145 3759 1341 3817 profert.

591 3819 815 3892 77—80.
867 3818 1052 3866 Ornate
1090 3819 1280 3867 omnia:
1328 3835 1359 3866 a
1392 3819 1647 3868 domandis

525 3880 1643 4009 ss3m30331⁰⁸2339352w„3532¹22‚‘ffinslz

526 4011 640 4060 vina
659 4011 734 4060 vis
765 4009 1046 4058 crederetur
1077 4025 1254 4074 corpus
1285 4011 1502 4068 mortale,
1536 4019 1641 4058 tan-

526 4091 670 4137 quam
713 4073 788 4122 sui
829 4087 928 4122 non
968 4089 1138 4137 capax,
1251 4074 1407 4122 aviter
1451 4089 1641 4122 vexare.

526 4141 790 4186 Bacchatur
817 4153 906 4202 pro
941 4137 1152 4200 simplici
1217 4138 1425 4186 iscurrit.
1477 4141 1642 4201 Fingi-

525 4211 602 4249 ιω·
626 4217 777 4263 equus
799 4217 828 4249 a
850 4203 1082 4264 magistro
1095 4205 1352 4264 premendo,
1371 4204 1419 4250 h.
1443 4218 1482 4250 e.
1506 4218 1641 4265 pres-

525 4280 608 4313 sus
647 4265 812 4322 frenis,
853 4281 1172 4330 compressus,
1213 4268 1477 4323 coercitus;
1527 4283 1644 4329 ergo

509 4331 656 4391 fingit
691 4333 932 4388 premendo
968 4346 1060 4394 pro
1099 4331 1291 4394 premit.
1355 4332 1451 4380 Est
1479 4341 1643 4379 autem

525 4390 776 4440 brevitatis
810 4391 916 4440 laus
946 4393 998 4440 in
1033 4402 1159 4441 tanto
1185 4399 1362 4456 magis.-
1395 4394 1641 4444 subintell-

1715 2603 1803 2652 sed
1828 2609 2009 2664 quanto
2029 2601 2184 2664 magis
2210 2601 2295 2650 illa
2322 2602 2595 2662 bacchatur,
2620 2601 2827 2664 adeoque

1715 2665 1993 2722 reluctatur,
2019 2674 2145 2713 tauto
2166 2670 2311 2728 magis
2333 2675 2423 2713 etc.

1782 2733 1859 2788 81,
1898 2732 1975 2776 82.
2028 2733 2159 2777 Ostia
2199 2733 2367 2788 domm,
2409 2729 2571 2779 aditus
2608 2731 2671 2779 ad
2706 2731 2827 2779 inte·

1713 2793 1868 2842 riores
1898 2809 2117 2842 recessus
2158 2793 2313 2842 antri:
2357 2793 2452 2842 vid.
2488 2809 2547 2842 su
2582 2830 2595 2842 .
2635 2797 2699 2842 45
2730 2811 2827 2860 sqq.

1716 2857 1939 2905 Putanda
1968 2869 2129 2906 autem
2162 2873 2292 2906 nunc
2316 2867 2391 2906 est
2422 2857 2605 2922 Sibyla
2636 2858 2831 2923 adytum

1714 2922 1945 2984 ingressa,
1977 2921 2070 2969 deo
2104 2921 2263 2985 plena,
2302 2937 2365 2970 ex
2394 2923 2539 2986 adyto
2567 2923 2673 2970 haec
2704 2923 2828 2972 voci-

1713 2985 1872 3043 ferari,
1919 3001 2037 3033 voce
2079 3001 2167 3048 per
2210 3002 2329 3036 cava
2374 2987 2503 3035 antri
2546 2999 2831 3042 resonantez

1712 3051 1923 3098 AEneam
1978 3059 2139 3098 autem
2194 3060 2307 3098 ante
2362 3051 2488 3100 fores
2542 3051 2833 3100 substitisse.

1712 3114 1855 3170 Quod
1894 3113 2113 3175 sequitur
2150 3114 2432 3162 vaticinium
2473 3127 2549 3163 est
2586 3115 2720 3164 inter
2756 3115 2833 3163 in-

1712 3177 1927 3241 signiora
1965 3187 2122 3242 poetae
2164 3177 2283 3236 loca,
2328 3195 2439 3228 cum
2482 3179 2837 3228 sententiarum

1710 3242 1963 3353 gravitate,
2002 3241 2394 3306 phantasmatum
2428 3243 2747 3302 sublimitate,
2786 3255 2839 3292 et

1744 3306 1945 3354 octrinae
1988 3305 2190 3370 poeticae
2232 3307 2385 3372 copia,
2431 3317 2535 3356 tum
2575 3309 2837 3357 verborum

1712 3371 1941 3434 pondere,
1966 3369 2217 3433 dignitate,
2241 3381 2293 3418 et
2316 3381 2516 3426 ornatu;
2552 3370 2703 3420 etiam
2726 3388 2833 3420 ora—

1714 3434 1859 3482 tionis
1894 3449 2021 3482 nova
2054 3433 2316 3482 inflexione
2351 3444 2403 3482 et
2437 3435 2736 3485 variatione:
2782 3445 2837 3484 ut

1710 3499 1997 3610 plerumque
2031 3498 2137 3546 loca
2167 3515 2274 3561 quae
2301 3499 2529 3548 vaticinia
2564 3509 2835 3564 exponunt,

1731 3561 2003 3610 elicissimae
2040 3562 2158 3612 artis
2200 3563 2253 3610 in
2292 3563 2451 3627 poetis
2494 3579 2602 3612 esse
2646 3565 2835 3622 solent3

1712 3625 2099 3688 quandoquidem
2146 3627 2391 3690 poeticum
2438 3627 2671 3692 spiritum
2713 3627 2837 3676 nihil

1713 3699 1789 3738 est
1822 3691 1951 3752 quod
1972 3706 2109 3764 aeque
2143 3691 2348 3754 recipiat
2380 3707 2525 3754 quam
2560 3691 2837 3741 futurarum

1710 3769 1875 3803 rerum
1897 3755 2053 3802 deseri
2093 3754 2173 3802 tio.

1777 3819 1982 3866 83—86.
2081 3819 2177 3867 icta
2206 3819 2310 3868 hoec
2342 3818 2611 3868 secundum
2650 3819 2834 3868 Heleni

1708 3882 2073 3946 praedictionem
2094 3897 2200 3958 sup.
2236 3881 2305 3941 iii,
2328 3885 2424 3931 458
2446 3899 2548 3946 sqq.
2604 3885 2667 3932 In
2692 3900 2836 3947 regna

1710 3947 1895 4013 Lavini.
1916 3947 1978 3994 ad
2003 3946 2289 4002 Lavinium:
2324 3947 2415 3996 hoc
2450 3947 2649 3996 tandem
2675 3948 2833 3996 mani-

1708 4010 1885 4059 festum
1918 4010 1978 4058 de
2019 4010 2178 4058 aditus
2218 4011 2279 4060 ad
2320 4011 2344 4059 1
2351 4011 2516 4060 taliam
2552 4010 2663 4059 loco
2700 4011 2827 4060 vati·

1709 4075 1905 4124 oinium.
1976 4074 2186 4136 Reliqua
2219 4076 2414 4139 egregie
2458 4075 2519 4124 ad
2562 4076 2831 4132 horrorem.

1710 4140 1889 4202 partim
1924 4155 2087 4187 rerum
2122 4139 2361 4203 exemplis
2383 4149 2435 4188 et
2468 4139 2731 4188 verborum
2752 4157 2831 4188 or-

1712 4213 1842 4260 natu,
1888 4201 2065 4278 partim
2116 4203 2475 4268 comparatione
2527 4219 2640 4252 cum
2688 4205 2835 4253 rebus

1708 4267 1947 4329 Trojams,
1982 4283 2187 4330 quarum
2226 4278 2407 4330 quanta
2445 4267 2521 4316 vis
2558 4267 2620 4315 ad
2661 4267 2834 4316 AEneae

1707 4331 1923 4379 animum
1945 4331 2053 4395 ipsa
2075 4331 2408 4380 recordatione
2432 4347 2539 4380 esse
2560 4331 2799 4380 debebat!

1774 4395 1979 4444 87—89.
2012 4397 2043 4443 J
2048 4411 2125 4443 am
2162 4395 2380 4444 Homero
2422 4395 2729 4458 frequentata
2762 4395 2833 4444 rei
