3050 4934
481 263 610 328 500
1369 255 1901 324 AENEIDOS

483 410 616 475 680
660 409 856 474 Stans
887 407 1062 473 celsa
1091 407 1158 471 in
1187 409 1436 492 puppi3
1483 407 1773 492 geminas
1802 405 1911 469 cui
1938 415 2237 487 tempora
2264 401 2553 486 flammas

661 510 851 573 Laeta
877 517 1164 584 vomunt,
1195 508 1607 591 patriumque
1637 507 1929 590 aperitur
1956 504 2197 568 vertice
2230 503 2435 568 sidus.

662 610 861 674 Parte
891 607 1016 672 alia
1045 609 1254 672 ventis
1283 617 1352 672 et
1381 606 1483 671 dis
1515 605 1819 690 Agrippa
1848 604 2151 668 secundis

656 710 932 774 Arduus
966 730 1198 792 agmen
1229 729 1467 792 agens;
1515 709 1644 783 cui,
1675 705 1827 770 belli
1856 706 2110 788 insigne
2144 706 2519 787 superbum,

659 809 994 892 Tempora
1023 807 1234 872 navali
1263 806 1517 888 fulgent
1544 817 1828 870 rostrata
1858 827 2117 869 corona.

486 911 616 974 685
661 910 837 974 Hinc
868 930 996 992 ope
1025 909 1389 983 barbarica,
1422 909 1745 990 variisque
1778 905 2109 970 Antonius
2141 907 2359 981 armis,

661 1009 894 1074 Victor
923 1010 1009 1073 ab
1038 1006 1320 1072 Aurorae
1349 1006 1609 1092 populis
1640 1016 1708 1070 et
1736 1005 1953 1070 littore
1984 1007 2208 1082 rubro,

663 1111 1036 1194 AEgyptum
1063 1110 1364 1192 viresque
1395 1107 1687 1171 Orientis
1718 1117 1787 1170 et
1816 1105 2039 1170 ultima
2066 1127 2283 1170 secum

662 1211 906 1275 Bactra
935 1209 1150 1287 vehit3
1199 1209 1622 1292 sequiturque
1654 1205 1887 1288 (nefas)
1918 1205 2239 1289 AEgyptia
2278 1207 2539 1291 conjux.

666 1311 822 1375 Una
851 1332 1074 1374 omnes
1105 1331 1321 1385 ruere,
1355 1329 1430 1372 ac
1460 1318 1671 1371 totum
1700 1327 2024 1390 spumare,
2056 1308 2344 1372 reductis

489 1413 620 1478 690
663 1411 1064 1476 Convulsum
1093 1410 1288 1474 remis
1315 1408 1677 1490 rostrisque
1706 1407 2122 1483 tridentibus,
2154 1429 2397 1490 aequor.

663 1509 824 1576 Alta
851 1519 1121 1594 petunt:
1169 1508 1404 1592 pelago
1433 1509 1665 1572 credas
1696 1508 1920 1571 innare
1949 1507 2239 1571 revulsas

662 1610 1007 1696 Cycladas,
1039 1620 1154 1673 aut
1181 1619 1434 1673 montes
1463 1629 1851 1673 concurrere
1882 1609 2209 1673 montibus
2240 1606 2442 1686 altos;

662 1712 884 1776 Tanta
913 1711 1080 1775 mole
1111 1710 1230 1774 viri
1261 1709 1875 1794 turritis·puppibus
1904 1709 2169 1772 instant.

664 1813 962 1897 Stuppea
987 1811 1240 1876 flamma
1269 1833 1466 1874 manu
1494 1809 1771 1894 telisque
1802 1808 2057 1872 volatile
2086 1808 2331 1872 ferrum

490 1915 620 1979 695
665 1913 1046 1998 Spargitur3
1094 1934 1248 1976 arva
1274 1931 1442 1975 nova
1469 1911 1811 1994 Neptunia
1840 1910 2021 1973 coede
2048 1910 2431 1974 rubescunt.
2465 1912 2522 1975 ,5

667 2014 929 2098 Regina
957 2015 1022 2076 in
1051 2013 1280 2078 mediis
1309 2013 1522 2096 patrio
1552 2021 1740 2076 vocat
1768 2010 2024 2094 agmina
2053 2009 2284 2088 sistro;

663 2113 967 2178 Necdum
997 2113 1191 2176 etiam
1219 2113 1508 2195 geminos
1540 2135 1579 2176 a
1609 2122 1795 2196 tergo
1824 2109 2091 2194 respicit
2120 2131 2391 2194 angues·

491 2293 772 2360 prospicere
802 2293 1062 2406 satagebat.
1119 2295 1265 2342 Italos
1291 2293 1540 2358 praeclare,
1562 2302 1620 2341 ut

495 2362 762 2409 barbaricas
779 2373 882 2420 opes
942 2356 1112 2415 monii,
1127 2374 1173 2406 v.
1193 2359 1302 2414 685,
1323 2367 1616 2432 opponerem

495 2432 545 2472 et
561 2423 716 2471 multo
730 2421 982 2486 augustior
999 2436 1162 2470 rerum
1181 2421 1369 2486 species
1388 2437 1440 2470 in
1463 2422 1619 2469 altero

493 2503 670 2536 versu:
713 2489 826 2535 Cum
859 2488 1091 2548 patribus,
1123 2489 1388 2548 populoque,
1420 2489 1615 2534 Penati-

495 2555 577 2600 bus
603 2559 651 2599 et
677 2553 857 2614 magnis
886 2549 964 2598 dis
977 2567 994 2597 .·
1027 2559 1085 2597 ut
1111 2565 1307 2598 causam
1335 2548 1619 2612 reipublicae

496 2631 528 2664 a
547 2624 721 2664 senatu
751 2614 1028 2679 populoque
1059 2613 1282 2662 Romano
1310 2613 1619 2661 commissam

494 2679 624 2728 tueri
661 2678 906 2727 videretur
941 2677 1208 2752 Augustus.
1281 2679 1536 2725 Penatibus
1570 2683 1619 2724 et

491 2746 669 2806 magnis
685 2743 787 2791 dis.-
809 2757 872 2790 ex
905 2741 1100 2789 licative
1120 2741 1328 2790 alterum
1351 2739 1613 2802 adjectum,

491 2821 596 2871 pro,
626 2816 688 2918 3
710 2823 868 2918 curri2
897 2805 1134 2862 euntibus,
1171 2804 1360 2868 magnis
1390 2803 1512 2852 diis:
1550 2803 1609 2852 cf.

493 2886 552 2919 su
587 2905 601 2919 .
706 2885 777 2928 ιιι,
867 2904 880 2917 .

553 2887 670 2992 ΞΒΟ,
695 2935 804 2981 681.
845 2936 1059 2981 Geminas
1079 2936 1155 2982 eus·
1182 2941 1382 2992 tempora
1403 2935 1616 2994 flammae

495 2999 633 3046 Lata
661 3005 854 3046 munt.
913 2997 1178 3060 Perper-am
1209 2994 1273 3044 ad
1303 2995 1474 3044 oculos
1507 2997 1614 3044 Au-

493 3061 624 3122 gusti
643 3060 885 3122 fulgentes
900 3059 1052 3108 refert
1068 3059 1269 3107 Servius
1287 3069 1338 3108 et
1354 3059 1452 3107 alii.
1507 3060 1615 3108 Ha-

493 3123 602 3172 buit
631 3133 778 3187 poeta
807 3123 860 3170 in
893 3123 1057 3172 animo
1081 3123 1335 3172 Diomedis
1363 3123 1615 3182 cassidem,

497 3187 640 3236 Iliad.
667 3205 704 3246 ε,
739 3190 772 3234 4
789 3203 860 3250 sq.
917 3188 1054 3236 Laeta
1069 3187 1132 3235 ad
1150 3186 1460 3250 splendorem
1474 3203 1615 3252 spec-

495 3260 596 3306 ηις
633 3260 688 3300 ut
709 3251 792 3299 lib.
817 3251 850 3308 i,
869 3251 978 3298 591.
1037 3251 1134 3298 Sed
1157 3266 1245 3298 eur
1255 3255 1462 3314 geminas
1472 3253 1611 3311 flam-

494 3332 592 3364 mas
610 3315 768 3363 dixit?
807 3313 1013 3378 Accipio
1031 3313 1216 3362 dictum
1232 3314 1424 3378 poetica
1443 3314 1612 3372 forma,

494 3395 608 3428 cum
640 3378 840 3427 deberet
866 3382 1050 3442 gemina
1083 3387 1285 3440 tempora
1327 3393 1614 3427 memorare.

495 3444 558 3492 ln
591 3443 772 3492 vertice
803 3446 1028 3504 aperitur,
1057 3442 1203 3500 lucet,
1237 3457 1266 3490 a
1333 3451 1438 3490 aret
1475 3442 1611 3506 (pro-

491 3507 598 3572 prie
611 3508 673 3556 de
686 3506 875 3555 oriente
888 3505 1088 3568 sidere),
1099 3505 1240 3554 stella
1247 3459 1394 3564 thgia,
1405 3506 1615 3554 Caesaris

491 3572 641 3635 capiti
661 3571 863 3646 appingi
885 3570 1060 3619 solitu
1095 3570 1148 3618 in
1181 3569 1464 3618 memoriam
1493 3569 1611 3618 stel-

491 3636 552 3683 1ae
580 3635 784 3692 crimtae,
809 3635 860 3682 in
891 3650 1036 3698 quam
1065 3634 1194 3682 inter
1211 3633 1354 3682 ludos
1383 3634 1613 3682 funebres

491 3699 682 3748 habitos
701 3699 866 3747 anima
886 3698 1096 3747 Caesaris
1115 3698 1294 3747 abiisse
1313 3697 1502 3746 credita
1521 3707 1611 3746 est.

556 3763 830 3810 682-684.
887 3765 1032 3811 Parte
1076 3765 1174 3810 alia
1219 3761 1342 3810 aciei
1388 3762 1547 3826 Agrip

489 3828 696 3876 classem
713 3826 816 3888 agit
830 3830 977 3874 ventis
990 3829 1212 3874 mundis.
1269 3825 1515 3874 Adversus
1586 3852 1607 3862 -

491 3901 596 3940 erat
611 3891 674 3940 ad
696 3891 922 3953 quintum
945 3905 1098 3952 usque
1119 3889 1252 3937 diem
1273 3898 1462 3938 ventus.
1503 3893 1608 3938 Na-

491 3959 586 4004 vali
629 3971 804 4012 corona.
850 3969 958 4016 quae
991 3953 1162 4001 eadem
1198 3961 1415 4011 rostrata,
1439 3953 1611 4002 rostris

491 4035 554 4068 ex
581 4035 700 4068 auro
723 4018 912 4076 vallata,
937 4033 1034 4080 qua
1066 4016 1230 4081 paullo
1258 4026 1372 4065 ante
1401 4017 1611 4066 donatus

490 4083 650 4132 fuerat
665 4085 717 4131 in
736 4081 864 4131 bello
879 4081 1059 4140 Siculo,
1077 4079 1207 4129 victo
1225 4081 1338 4128 Sex.
1356 4081 1607 4145 Pompeio.

493 4147 700 4196 Doctius
721 4157 884 4195 autem
907 4145 1034 4194 dixit
1055 4153 1256 4207 tempora
1277 4153 1491 4194 rostrata.

555 4211 828 4258 685—688.
855 4209 936 4258 Ex
951 4209 1155 4258 adverso
1171 4224 1434 4273 expressus
1451 4211 1607 4258 Auto-

491 4273 602 4322 nius
615 4293 629 4322 ε
665 4291 746 4336 opo
764 4277 1020 4332 barbarica,
1038 4289 1152 4322 cum
1172 4273 1328 4337 copiis
1348 4289 1414 4324 ex
1433 4275 1604 4323 barba-

489 4337 560 4385 ris
571 4337 772 4412 populis
788 4337 996 4386 diversis
1006 4338 1162 4399 (unde
1173 4340 1474 4400 variam)
1489 4355 1605 4387 con-

489 4410 698 4466 scriptis,
739 4411 916 4463 praeter
955 4401 1188 4464 legiones,
1225 4417 1344 4464 quas
1385 4404 1605 4454 habebat.

2509 1856 2608 1937 7,-

2463 1978 2504 2015 >j
2555 1992 2556 1995 ,

1691 2293 1845 2341 Victor
1867 2297 1927 2340 ab
1949 2295 2144 2340 Aurora
2160 2295 2345 2354 populis
2370 2301 2417 2341 et
2446 2295 2601 2340 littore
2628 2297 2767 2343 rubro
2784 2314 2802 2342 .·

1682 2357 1729 2404 h.
1756 2355 1877 2414 Eoo,
1901 2356 2087 2415 Indico,
2107 2355 2377 2418 magnifice,
2402 2371 2465 2404 ex
2482 2357 2689 2406 sollenni

1684 2427 1873 2468 etatum
1892 2435 2041 2468 more.
2101 2420 2223 2468 Vult
2243 2420 2415 2484 proelia
2448 2436 2559 2468 cum
2594 2373 2801 2479 Punffi]

1682 2484 1858 2546 quibus
1892 2483 2056 2532 oriens
2092 2492 2195 2531 tum
2227 2485 2443 2548 parebat,
2470 2485 2647 2544 dicere,
2674 2485 2804 2534 inter

1683 2563 1792 2611 quae
1824 2547 2057 2596 nonnulla
2088 2547 2225 2596 fixere
2268 2547 2388 2596 satis
2432 2548 2606 2596 felicia.
2690 2550 2803 2598 Pari

1684 2612 1828 2660 modo
1858 2615 2041 2660 Bactra
2068 2615 2244 2670 ultima,
2266 2611 2321 2660 in
2348 2612 2677 2663 remotissimo
2702 2613 2799 2662 ori·

1684 2685 1797 2724 ente
1815 2675 1921 2734 sits,
1942 2675 2175 2724 nominat.
2212 2675 2405 2724 Habuit
2420 2677 2669 2726 Antonius
2680 2693 2799 2726 ιιιιι·

1682 2739 1769 2788 ilia
1804 2757 1835 2788 a
1870 2755 1986 2802 rege
2022 2739 2287 2788 Medorum
2324 2740 2576 2790 submisso.
2652 2744 2797 2798 Voluit,

1682 2803 1818 2852 ducit
1838 2803 2003 2866 copias
2024 2819 2089 2852 ex
2112 2803 2329 2867 AEgypto
2351 2813 2402 2852 et
2418 2805 2553 2852 Asis.

1746 2869 2017 2916 689—-69L
2038 2868 2633 2932 Reductisremispropriez
2658 2869 2798 2918 ovid.

1684 2931 1805 2980 Met.
1830 2932 1897 2988 xi,
1916 2932 2027 2988 461,
2050 2935 2276 2980 reducunt
2288 2930 2513 3007 adsertio
2530 2941 2717 2994 pectora
2728 2951 2801 2983 re·

1682 3012 1789 3043 moe.
1826 2995 1953 3042 Tum
1970 3012 2104 3044 ruere
2116 2995 2311 3044 videtur
2328 2997 2511 3044 dicttun
2534 2996 2801 3055 transitive,

1682 3075 1747 3108 sc.
1782 3073 1915 3108 mare
1940 3059 2089 3107 remis
2118 3060 2308 3124 etipsa
2334 3060 2513 3118 carina,
2537 3069 2594 3110 ut
2628 3077 2735 3126 sup.
2768 3062 2799 3118 i,

1685 3125 1762 3181 35,
1785 3140 1968 3184 spumas
1987 3127 2101 3172 salis
2122 3141 2213 3172 are
2235 3128 2442 3173 nemi.
2487 3127 2605 3172 Aua
2622 3134 2800 3187 petunt.

1683 3188 1927 3251 Compara
1950 3187 2193 3236 Plutarch.
2216 3205 2263 3251 p.
2284 3189 2395 3246 946,
2417 3189 2473 3236 Β.
2494 3189 2551 3238 C.

1745 3251 2017 3300 693—695.
2080 3253 2231 3300 Tanta
2272 3255 2396 3300 mole.
2465 3253 2669 3316 Spectat
2712 3255 2801 3303 hoc

1680 3315 1891 3364 maxime
1926 3313 1989 3362 ad
2022 3315 2329 3364 Antonianas
2354 3331 2520 3374 naves,
2552 3317 2617 3366 sd
2648 3317 2799 3368 denos

1679 3393 1925 3428 remorum
1964 3378 2159 3426 ordines
2200 3389 2525 3443 assurgentes.
2603 3385 2804 3445 St-ppeo

1668 3445 1857 3503 flammo
1874 3461 1889 3489 .·
1923 3441 1986 3489 ad
2004 3457 2167 3490 rerum
2186 3443 2457 3502 veritatem,
2480 3460 2593 3493 cum
2616 3447 2681 3494 ab
2698 3451 2800 3495 An-

1680 3505 1813 3554 tonio
1844 3505 2028 3554 relicte
2062 3521 2213 3554 naves
2246 3508 2563 3582 pertinaciter
2618 3525 2801 3574 ugnsre

1676 3570 2805 3688 ffiffssmifftgffitoeffjs.{making}

1676 3697 1769 3810 gio:
1782 3697 1916 3760 ipsos
1932 3697 2073 3760 ignes
2095 3697 2317 3756 missiles,
2338 3708 2390 3747 et
2410 3700 2609 3750 navium
2630 3701 2798 3752 incen-

1748 3826 1861 3884 696,
1896 3825 2007 3876 697.
2056 3828 2246 3876 Acerbe
2286 3827 2389 3876 haec
2424 3829 2487 3876 de
2524 3829 2797 3893 Cleopatra.

1678 3890 1847 3938 Potuit
1880 3890 2021 3947 forte,
2098 3891 2195 3939 uod
2237 3901 2399 3966 tamen
2440 3892 2629 3968 ignoro,
2668 3894 2801 3944 sistri

1672 3969 1939 4066 iffir‘ffi
1973 3969 2123 4067 2¹23.
2144 3955 2491 4068 {ww
2504 3957 2799 4072 3⁶.ssss..ssss

1674 4082 1803 4145 quod
1835 4081 1956 4146 ipsa,
1981 4099 2093 4131 cum
2117 4085 2258 4132 turba
2278 4083 2551 4148 spadonum
2572 4094 2625 4133 et
2654 4086 2795 4134 femi-

1676 4161 1849 4195 narum
1878 4146 2009 4195 ludis
2030 4156 2081 4196 et
2110 4147 2301 4196 choreis
2324 4157 2541 4206 vacante,
2564 4148 2619 4196 in
2640 4149 2799 4198 medis

1674 4211 1827 4260 classe
1850 4221 2095 4260 versatur:
2132 4211 2264 4260 sistri
2298 4221 2461 4261 autem
2482 4228 2600 4262 usus
2622 4213 2675 4261 in
2700 4214 2795 4262 las-

1672 4275 1797 4324 civia
1821 4275 2162 4339 AEgyptiorum
2190 4275 2433 4338 frequens.
2490 4279 2701 4326 Necdum
2719 4294 2793 4326 re-

1672 4343 1809 4402 spicit
1845 4356 2019 4414 ongum
2034 4358 2049 4387 .·
2090 4340 2301 4389 necdum
2337 4351 2545 4390 mortem
2584 4341 2799 4390 futuram

1674 4404 1867 4453 admota
1888 4403 1981 4452 sibi
2014 4403 2183 4469 aspide
2212 4404 2459 4469 prospicit,
2484 4415 2569 4456 aut
2600 4405 2795 4469 cogitet.

3038 4697 3040 4704 .
3028 4437 3042 4632 ————--.
3039 4385 3042 4428 -
3039 4335 3042 4374 —
3040 4299 3042 4304 .
