3050 4934
1193 243 1535 311 LIBER
1581 245 1679 309 ΙΙ.

2474 250 2601 313 247

294 392 418 456 160
459 393 569 458 Tu
597 394 796 459 modo
825 396 1158 479 promissis
1190 418 1488 475 maneas3
1540 406 1925 481 servataque
1956 420 2201 476 serves,

464 494 696 581 Troja,
724 496 956 574 fidem3
1005 497 1060 560 si
1086 519 1242 560 vera
1271 497 1498 575 feram,
1531 499 1586 562 si
1611 520 1846 581 magna
1873 501 2248 583 rependam.

548 597 780 661 Omnis
812 620 966 683 spes
997 597 1325 675 Danafim,
1357 609 1425 662 et
1453 599 1655 683 coepti
1683 598 1927 663 fiducia
1955 598 2109 664 belli

457 698 742 764 Palladis
773 701 1028 765 auxiliis
1061 723 1317 785 semper
1347 701 1549 764 stetit.
1628 700 1875 785 Impius
1906 723 1989 765 ex
2021 724 2153 785 quo

455 799 752 884 Tydides
786 802 904 867 sed
935 802 1126 878 enim,
1159 801 1607 886 scelerumque
1637 804 1934 867 inventor
1967 802 2223 880 UlixeS‚

287 901 412 964 165
457 900 682 966 Fatale
711 904 1007 987 aggressi
1038 914 1294 967 sacrato
1323 904 1601 969 avellere
1633 903 1874 988 templo

460 1002 844 1081 Palladium,
878 1006 1062 1069 caesis
1096 1028 1360 1069 summae
1392 1007 1776 1070 custodibus
1808 1007 1999 1084 arcis,

459 1104 852 1191 Corripuere
885 1128 1134 1173 sacram
1163 1108 1462 1191 effigiem,
1493 1109 1921 1193 manibusque
1949 1110 2235 1173 cruentis

459 1205 808 1291 Virgineas
839 1210 982 1273 ausi
1013 1209 1181 1272 divae
1210 1211 1587 1294 contingere
1618 1212 1849 1289 vittas;

459 1307 570 1371 Ex
597 1306 707 1371 illo
737 1308 942 1373 fluere
973 1331 1049 1375 ac
1080 1320 1258 1374 retro
1289 1310 1601 1395 sublapsa
1629 1312 1859 1375 referri

287 1410 368 1472 17
371 1410 416 1471 0
464 1408 634 1493 Spes
666 1409 994 1487 Danafim,
1027 1410 1252 1475 fractae
1283 1413 1476 1489 virae,
1509 1435 1740 1477 aversa
1769 1413 1914 1478 deae
1942 1436 2147 1477 mens.

458 1509 608 1576 Nec
639 1512 852 1576 dubiis
883 1534 962 1577 ea
993 1513 1179 1597 signa
1207 1514 1392 1577 dedit
1419 1513 1722 1579 Tritonia
1749 1516 2077 1578 monstris.

457 1612 592 1677 Vix
618 1614 904 1698 positum
935 1616 1165 1679 castris
1197 1614 1643 1695 simulacrum;
1690 1638 1913 1681 arsere
1941 1638 2233 1683 coruscoe

460 1713 846 1779 Luminibus
879 1714 1152 1781 flammae
1183 1718 1477 1794 arrectiS,
1511 1716 1851 1801 salsusque
1882 1739 2003 1801 per
2032 1728 2213 1782 artus

458 1815 678 1879 Sudor
707 1816 816 1894 iit;
862 1804 1094 1901 tei-que
1125 1819 1270 1903 ipsa
1299 1818 1437 1883 solo
1467 1818 1782 1901 (mirabile
1814 1819 2020 1901 dictu)

289 1918 414 1981 175
459 1917 767 1995 Emicuit,
800 1941 1218 2003 parmamque
1249 1919 1464 1985 ferens
1495 1919 1881 2005 hastamque
1912 1931 2313 1985 trementem.

459 2018 812 2104 Extemplo
844 2021 1158 2085 tentanda
1185 2019 1342 2105 fuga
1371 2023 1547 2086 canit
1577 2044 1843 2106 aequora
1872 2020 2187 2099 Calchas;

461 2119 609 2184 Nec
641 2142 838 2204 posse
865 2118 1194 2205 Argolicis
1225 2124 1518 2187 exscindi
1551 2123 1873 2207 Pergama
1904 2122 2071 2201 telis,

463 2220 702 2286 Omina
731 2224 798 2285 ni
827 2233 1130 2307 repetant
1157 2222 1384 2307 ArgiS‚
1415 2246 1780 2309 numenque
1812 2226 2151 2303 reducant,

459 2322 662 2395 Quod
691 2322 928 2407 pelago
955 2334 1025 2389 et
1053 2325 1268 2389 curvis
1299 2346 1519 2389 secum
1551 2347 1831 2390 avexere
1862 2326 2117 2390 carinis,

351 2498 462 2557 160,
484 2498 590 2545 161.
627 2500 820 2547 Servata
841 2499 1036 2561 egregie
1059 2499 1316 2561 adjectum,
1340 2509 1409 2557 ut,

279 2562 412 2625 quod
443 2561 748 2611 revelaturus
781 2562 859 2619 sit,
893 2562 954 2611 ad
976 2563 1296 2625 Trojanorum
1331 2580 1408 2611 sa-

279 2626 434 2676 lutem
527 2626 712 2675 ttinere
733 2626 970 2675 videatur.
1037 2630 1091 2675 Sa·
1111 2644 1220 2676 vera
1238 2625 1410 2689 seram,

279 2706 374 2755 pro
395 2708 428 2738 v
571 2691 600 2749 ',
623 2690 796 2739 dicam.

367 2757 460 2803 162
502 2770 605 2818 sqq.
674 2756 908 2804 Fabulam
969 2754 1204 2804 instruxit
1259 2755 1414 2804 Sinon

281 2820 416 2868 hunc
463 2819 568 2868 fere
611 2820 663 2867 in
696 2819 923 2869 modum:
973 2834 1150 2882 equum
1185 2835 1291 2869 esse
1325 2820 1410 2867 do-

281 2885 478 2933 narium
533 2884 776 2933 Minerva
825 2884 1122 2933 destinatum
1165 2884 1228 2932 ad
1272 2884 1413 2933 deam

279 2948 585 3013 placandam,
609 2950 740 3012 quod
761 2949 1034 2997 Palladium
1067 2964 1130 2997 ex
1151 2952 1257 3012 ejus
1286 2958 1408 2997 tem-

315 3014 366 3063 lo
399 3014 562 3062 fuerat
590 3015 736 3062 subre
771 3024 890 3062 tum.
963 3014 1094 3063 Iram
1125 3014 1230 3062 deae
1263 3012 1414 3061 fuisse

317 3078 580 3127 eclanum
623 3094 656 3143 p
799 3078 872 3136 'is,
917 3077 1185 3128 171—175.
1263 3077 1414 3126 Omni

275 3146 384 3207 jam
429 3142 592 3205 Trojae
633 3142 883 3219 capiendae
921 3159 946 3191 s
981 3158 1010 3191 e
1054 3142 1256 3199 sublata,
1297 3142 1410 3190 Cal-

279 3208 513 3256 chantem
553 3222 801 3256 monmsse
845 3216 900 3255 ut
973 3222 1138 3255 omum
1178 3206 1410 3264 redirent,

281 3272 521 3335 novisque
554 3271 710 3337 captis
739 3272 970 3337 auspiciis
993 3270 1262 3319 Palladium
1285 3272 1408 3319 Tro-

273 3340 380 3400 jam
413 3337 722 3394 reveherent,
759 3350 1029 3400 novamque
1061 3335 1414 3399 profectionem

281 3401 777 3450 insumerent—182.
817 3402 1014 3451 Interea
1033 3399 1125 3449 dea
1145 3400 1300 3449 videri
1325 3400 1408 3447 de-

281 3465 394 3516 buit
413 3466 620 3515 donario
639 3466 752 3529 equi
783 3466 880 3515 sibi
911 3466 1070 3514 dicato
1088 3465 1410 3527 acquiescere.

281 3534 488 3580 Fiducia
519 3542 596 3580 est
626 3532 796 3581 eadem
826 3546 934 3593 quoe
962 3546 1074 3595 spes
1107 3540 1266 3579 certa:
1307 3532 1414 3579 belli

281 3596 428 3645 docte
447 3596 702 3658 adiectum,
723 3596 785 3645 de
809 3596 924 3644 belli
946 3595 1108 3651 exitu3
1135 3606 1192 3643 ut
1211 3604 1263 3643 et
1281 3597 1415 3643 stetit

285 3676 380 3726 pro
401 3660 605 3725 vulgari,
629 3662 790 3725 posita
809 3659 902 3709 fuit
923 3660 990 3708 in.

356 3726 466 3773 164.
522 3725 788 3774 Diomedes
831 3726 880 3773 h.
925 3725 959 3772 1.
1003 3728 1170 3785 impius
1213 3732 1415 3787 propter

285 3789 562 3839 Palladium
591 3789 820 3839 ablatum.
887 3788 1234 3837 Celebritatem
1269 3789 1416 3835 habet

283 3855 380 3903 hoc
415 3854 672 3903 Diomedis
709 3864 760 3903 et
802 3852 993 3917 Ulyssis
1033 3852 1222 3901 facinus
1263 3852 1417 3900 multo

284 3934 444 3982 magis
465 3934 556 3983 per
583 3934 802 3983 gemmas
832 3917 1040 3966 artificio
1061 3915 1250 3965 nobiles
1271 3930 1416 3979 quam

285 4000 626 4097 Pel1-65—168.
677 4046 978 4097 Gravissime
1021 4046 1227 4109 sing-uls,
1268 4044 1416 4093 etiam

284 4112 418 4175 quod
445 4115 590 4161 vittas
608 4115 842 4175 virgineas
873 4112 978 4160 deae
1003 4120 1268 4167 memoratg
1301 4124 1416 4157 nam

285 4186 364 4225 est
396 4175 520 4225 nihil
543 4176 678 4225 aliud
709 4190 854 4239 quam
875 4176 1018 4225 deam
1042 4173 1282 4239 virginem
1307 4174 1412 4236 (su—

283 4256 378 4305 pra
397 4242 662 4303 ἱειιιιφεαιη)
689 4241 946 4304 attingere,
969 4249 1285 4296 contrectare,
1311 4254 1412 4285 ma-

285 4305 434 4353 nibus
455 4305 522 4353 im
559 4306 676 4355 mis.
740 4308 879 4353 Vitta
901 4306 948 4353 h.
973 4306 1004 4353 1.
1030 4319 1136 4353 esse
1159 4304 1340 4352 debent
1363 4300 1416 4349 in

285 4385 344 4417 ca
377 4369 450 4418 ite
541 4370 752 4427 inervaeg
790 4370 1007 4433 adeoque
1039 4368 1134 4417 suit
1168 4368 1274 4417 sine
1308 4382 1412 4414 cas-

285 4434 330 4481 si
367 4450 422 4481 e:
465 4450 596 4491 nam,
633 4450 696 4483 ne
729 4434 876 4483 vittas
911 4434 1053 4497 signo
1093 4434 1170 4481 vel
1205 4448 1301 4480 arae
1336 4430 1412 4477 in-

1467 2500 1625 2561 J‘ectas
1648 2499 1905 2561 intelligas,
1930 2509 2064 2548 vetat
2082 2501 2334 2564 epitheton
2355 2507 2599 2567 virgime-t,

1475 2563 1605 2625 quod
1628 2564 1690 2611 ad
1712 2563 1866 2627 ipsam
1889 2564 2029 2612 deam
2052 2575 2253 2628 spectat.

1547 2627 1654 2684 169,
1682 2626 1788 2677 170.
1821 2629 2021 2685 Ornate,
2060 2638 2115 2676 ut
2140 2631 2243 2691 jam
2276 2630 2397 2679 Geo.
2426 2631 2460 2690 i,
2490 2634 2600 2681 200.

1479 2690 1559 2739 Ex
1596 2691 1682 2739 illo
1728 2700 1944 2755 tempore
1979 2708 2092 2768 spes
2130 2694 2259 2741 bona
2301 2696 2602 2745 Achivorum

1479 2756 1705 2803 evanuit:
1756 2759 1915 2817 fluere,
1962 2756 2199 2815 diffluere,
2245 2758 2421 2808 dilabi:
2478 2768 2604 2810 retro

1477 2823 1695 2882 sublapsa
1724 2820 1889 2881 resen-t·
1918 2837 2007 2885 pro
2037 2822 2275 2886 prosaico,
2305 2832 2438 2871 retro
2469 2824 2601 2884 ferri,

1477 2884 1590 2943 labi,
1616 2886 1676 2933 de
1698 2885 1825 2932 mole
1848 2901 1955 2947 quae
1975 2885 2027 2933 in
2050 2886 2203 2935 altum
2228 2896 2332 2936 erat
2354 2898 2536 2937 evecta.

1548 2947 1653 3000 171.
1710 2949 1855 2997 Unde
1903 2952 2111 2999 Tritonia
2158 2951 2318 2999 Pallas
2354 2952 2486 3001 dicta
2522 2953 2601 3013 sit,

1472 3015 1575 3075 jam
1598 3024 1789 3063 veteres
1814 3014 2114 3077 ignorarunt.
2172 3016 2215 3063 E
2238 3016 2460 3080 pluribus
2496 3032 2604 3079 quae

1478 3088 1811 3127 memorantur
1871 3080 2030 3128 causis
2074 3080 2284 3129 maxime
2339 3082 2605 3145 probabilis

1478 3152 1567 3201 est,
1610 3143 1737 3205 quod
1771 3160 1799 3191 a
1830 3146 1986 3205 τριτὼ,
2026 3145 2155 3207 quod
2197 3144 2421 3195 AEolibus
2456 3162 2515 3195 ca
2549 3156 2605 3196 ut

1478 3217 1567 3265 est,
1596 3208 1663 3255 sit
1693 3208 1936 3273 appellata
1967 3206 2283 3272 Τριτογένεια,
2319 3211 2481 3275 capite
2548 3228 2601 3261 o-

1477 3272 1553 3320 vis
1589 3282 1715 3320 nata.
1786 3272 1889 3320 Alii
1923 3273 2066 3321 modo
2101 3275 2163 3322 ab
2198 3290 2355 3333 amne,
2392 3276 2538 3323 modo
2575 3292 2605 3325 a

1477 3336 1655 3399 palude
1678 3352 1765 3384 seu
1783 3337 1963 3401 Libyae,
1988 3354 2075 3385 seu
2100 3338 2316 3398 Boeotiae,
2340 3355 2427 3387 seu
2445 3340 2600 3389 Thes-

1477 3400 1625 3459 saliae,
1654 3416 1743 3449 seu
1770 3400 2018 3463 Arg-olidis
2051 3401 2251 3450 ductum
2284 3419 2462 3451 nomen
2498 3420 2604 3453 esse

1477 3465 1662 3513 volunt.
1720 3468 1933 3513 Monstra
1953 3466 2000 3512 h.
2026 3466 2057 3513 l.
2082 3474 2287 3514 ostenta.

1562 3528 1828 3579 172-175.
1886 3532 2056 3576 Arsere
2097 3546 2293 3577 corusce
2334 3532 2607 3580 Luminibus

1467 3596 1667 3654 flamma
1688 3597 1898 3649 arrectis,
1924 3602 2106 3650 ornate,
2130 3593 2257 3641 oculi
2284 3594 2489 3641 Palladii
2516 3612 2602 3643 ex-

1477 3672 1641 3706 arsere
1693 3656 1792 3705 ira:
1857 3658 2029 3704 lumina
2080 3666 2265 3704 arrecta
2317 3656 2606 3719 exquisitius

1479 3738 1625 3785 quam
1658 3730 1845 3775 erecta3
1888 3731 1945 3769 ut
1980 3736 2176 3784 semper
2207 3730 2365 3784 poeta,
2402 3738 2445 3769 v.
2480 3738 2520 3770 c.
2557 3740 2602 3770 v.

1481 3788 1599 3834 206:
1634 3790 1811 3849 erigere
1843 3788 2005 3841 οσιιίω,
2036 3788 2201 3843 vultus,
2235 3798 2289 3833 ut
2322 3794 2503 3843 contra,
2523 3790 2603 3834 de·

1978 3850 2131 3898 Porro
2160 3849 2429 3899 Palladium
2459 3850 2603 3897 suda·

1481 3916 1567 3973 vit,
1588 3914 1799 3964 subsiliit
1818 3913 1977 3979 clipeo
1997 3916 2230 3976 hastaque
2254 3924 2405 3969 mota3
2432 3914 2606 3975 quibus

1479 3978 2477 4105 *raazssa‘bsazeffisgffz‘xxsz.
2526 4058 2581 4091 ο,

1806 4080 1817 4091 ι
2478 4076 2492 4099 9
2581 4070 2602 4081 ²

1481 4118 1609 4167 nate,
1650 4124 1741 4172 pro
1774 4108 2119 4157 revertendum
2160 4122 2283 4155 esse.
2356 4110 2519 4155 Οπιίπα
2556 4112 2609 4156 m·

1479 4180 1691 4235 repetant
1712 4176 1857 4247 Argis
1878 4172 2077 4221 ductum
2102 4169 2308 4229 videtur,
2331 4180 2389 4219 ut
2406 4172 2607 4221 Servius

1481 4246 1533 4285 et
1566 4238 1863 4301 Pomponius
1888 4239 1991 4298 jam
2022 4245 2266 4293 notarunt,
2300 4236 2360 4284 ab
2392 4236 2603 4301 impera-

1483 4300 1669 4349 toribus
1704 4302 1953 4357 Romanis,
1993 4301 2075 4365 qui
2115 4300 2177 4347 ad
2214 4300 2431 4364 auspicia
2462 4317 2603 4365 repe·-

1481 4366 1630 4413 tenda
1652 4382 1707 4413 ac
1730 4366 2007 4414 renovanda
2026 4366 2233 4414 Romam
2258 4381 2607 4428 nonnunquam

1483 4446 1543 4477 ex
1568 4430 1739 4478 castris
1760 4429 1940 4478 reverti
1966 4430 2199 4488 solebant,
2225 4431 2265 4479 si
2292 4446 2333 4479 v.
2360 4448 2400 4478 c.
2427 4432 2607 4479 malum

1479 3856 1674 3909 mittere,
1698 3851 1909 3913 dejicere.
