3050 4934
1200 262 1543 330 LIBER
1589 261 1722 331 IV.
2491 276 2622 339 345

466 410 625 475 Non
653 432 833 476 arma
860 413 1241 497 expedient,
1272 424 1542 499 totaque
1571 438 1658 481 ex
1687 419 1854 482 urbe
1887 432 2265 503 sequentur,

464 510 945 598 Deripientque
974 524 1151 578 rates
1180 513 1287 578 alii
1314 515 1698 583 navalibus?
1743 519 1866 596 Ite,

386 604 397 611 ’
466 611 663 678 Ferte
695 614 807 679 citi
836 613 1149 693 flammas,
1180 616 1333 680 date
1364 617 1531 694 vela,
1563 617 1871 702 impellite
1901 642 2228 692 remos?-

290 714 419 777 595
465 714 648 787 Quid
679 712 953 798 loquor?
984 727 1101 780 aut
1128 716 1241 780 ubi
1267 721 1453 782 sum?
1502 719 1676 791 Quae
1703 730 1985 785 mentem
2005 724 2256 788 insania
2277 732 2486 790 mutat
2500 729 2616 791 2—-

465 813 703 879 Infelix
734 814 954 879 Dido!
1000 838 1173 881 nunc
1204 826 1269 881 te
1298 816 1473 883 facta
1498 820 1698 904 impia
1726 826 2046 905 tangunt?

464 913 639 979 Tum
671 915 913 993 decuit,
942 939 1145 1000 quum
1176 929 1437 1002 sceptra
1466 921 1897 986 dabas.—En
1929 925 2164 989 dextra
2193 926 2529 1011 fidesque!

466 1015 684 1089 Quem
714 1028 935 1081 secum
964 1019 1211 1101 patrios
1242 1021 1425 1083 aiunt
1450 1032 1718 1104 portare
1749 1023 2070 1089 Penates!

464 1116 681 1189 Quem
710 1119 989 1183 subiisse
1018 1118 1309 1185 humeris
1338 1122 1708 1187 confectum
1737 1135 1929 1189 aetate
1958 1136 2298 1210 parentem
2317 1132 2426 1191 1-

287 1218 421 1282 600
464 1218 533 1283 N
536 1240 621 1283 on
649 1220 835 1303 potui
862 1221 1210 1304 abreptum
1239 1222 1546 1289 divellere
1575 1245 1836 1309 corpus,
1857 1235 1936 1289 ⁴et
1966 1228 2156 1291 undis

464 1320 837 1405 Spargere?
880 1342 1013 1385 non
1043 1324 1275 1400 socioS‚
1308 1346 1440 1416 non
1467 1326 1682 1410 ipsum
1712 1328 2054 1391 absumere
2093 1327 2270 1391 ferro

460 1418 837 1499 Ascanium,
869 1423 1229 1508 patriisque
1258 1424 1656 1509 epulandum
1685 1447 1932 1512 ponere
1961 1430 2200 1507 mensis
2219 1432 2336 1493 2-
2427 1438 2436 1447 “

463 1521 713 1587 Verum
742 1544 983 1607 anceps
1014 1546 1256 1607 pugnae
1286 1525 1502 1590 fuerat
1532 1526 2205 1607 fortuna.-——Fuisset;

463 1622 681 1694 Quem
709 1624 910 1687 metui
936 1626 1295 1689 moritura?
1340 1625 1548 1689 Faces
1575 1629 1642 1689 in
1673 1639 1890 1691 castra
1920 1627 2234 1707 tulissem,

284 1724 419 1787 605
460 1722 973 1807 Implessemque
1004 1723 1182 1787 foros
1210 1724 1506 1801 flammis,
1539 1736 1892 1809 natumque
1924 1739 2308 1813 patremque

458 1824 626 1889 Cum
652 1845 895 1908 genere
924 1825 1314 1902 exstinxem,
1346 1837 1586 1890 memet
1615 1848 1816 1911 super
1845 1828 1991 1911 ipsa
2019 1829 2460 1894 dedissem.—

462 1923 599 2002 Sol,
631 1926 745 2009 qui
772 1936 1093 1990 terrarum
1122 1924 1393 1990 flammis
1427 1948 1632 2010 opera
1663 1930 1874 1993 omnia
1904 1926 2169 2006 lustraS,

459 2025 700 2110 Tuque
729 2025 962 2091 harum
989 2026 1313 2110 interpres
1343 2049 1648 2092 curarum
1679 2038 1747 2093 et
1773 2032 2034 2093 conscia
2063 2029 2264 2107 Juno‚

458 2126 951 2211 Nocturnisque
982 2126 1241 2192 Hecate
1270 2128 1473 2192 triviis
1504 2127 1754 2193 ululata
1781 2153 1903 2215 per
1933 2132 2154 2208 urbes,

284 2228 421 2292 610
464 2226 559 2292 Et
588 2226 775 2292 Dirae
804 2226 1095 2304 ultriceS,
1127 2238 1197 2292 et
1225 2228 1297 2293 di
1323 2229 1656 2294 morientis
1689 2230 1950 2309 Elissae,

387 2388 398 2393 -
459 2326 760 2413 Accipite
788 2328 955 2408 haec,
984 2331 1415 2413 meritumque
1443 2330 1628 2395 malis
1659 2333 1978 2397 advertite
2008 2356 2268 2411 numen,

462 2430 557 2496 Et
582 2440 839 2495 nostras
869 2430 1092 2496 audite
1119 2452 1373 2516 preces.
1452 2432 1525 2495 Si
1553 2444 1824 2517 tangere
1860 2445 2091 2517 portus

282 2633 489 2685 meliore
508 2651 597 2711 spe
617 2634 821 2693 sublata,
844 2635 1008 2685 futura
1036 2635 1102 2685 sit
1121 2634 1313 2685 miserae
1332 2650 1411 2684 re-
1547 2634 1820 2686 597—599.
1855 2638 1932 2684 En
1965 2640 2132 2685 dextra
2154 2640 2375 2699 fidesque,
2412 2654 2478 2687 sc.
2503 2642 2610 2702 ejus

280 2702 606 2822 εειειε,
624 2700 929 2813 ιιιὼε
944 2701 1410 2827 mu
1474 2700 2606 2829 w<33³30Q⁶532122mm

286 2839 381 2879 tur.
437 2832 657 2877 Abscissa
676 2828 835 2893 simpl.
856 2829 1039 2887 evulsa,
1052 2829 1101 2877 b.
1120 2842 1163 2876 e.
1184 2827 1412 2877 evellens.
1545 2830 1818 2877 eoo—602.
1870 2832 2125 2891 Abreptoem
2159 2834 2374 2879 divellere
2428 2848 2604 2893 eorpus,

282 2896 499 2943 luam&
518 2902 630 2957 post
646 2896 749 2950 ibit,
773 2902 831 2941 ut
843 2894 951 2941 Geo
966 2892 999 2950 i,
1020 2892 1126 2950 157,
1144 2894 1285 2941 Foloe
1301 2909 1411 2954 pre-
1480 2904 1666 2951 ornate,
1689 2892 1926 2941 dilaniare
1944 2910 2070 2943 eum.
2129 2897 2396 2957 Patriisqae
2414 2898 2605 2957 epulan-

280 2961 685 3007 nes—amenis.
740 2959 929 3005 Nom-ie
945 2961 1115 3020 regnis,
1144 2956 1279 3014 mihi,
1304 2966 1412 3005 tan·-
1479 2960 1588 3005 dum
1604 2974 1772 3019 ponere
1805 2962 2009 3007 mensis?
2039 2958 2243 3023 respicit
2264 2958 2494 3022 Thyeste
2527 2974 2588 3007 ve

280 3038 433 3086 quam
452 3020 649 3085 reginae.
708 3020 873 3069 munit
892 3032 1057 3070 autem
1074 3020 1293 3071 discessu
1310 3030 1416 3069 tuto
1480 3022 1628 3069 Terei
1650 3038 1853 3070 coenam.

280 3097 337 3137 et
359 3086 563 3151 impune
582 3086 709 3134 facto
730 3096 842 3149 post
858 3094 1018 3134 tantas
1034 3085 1087 3134 in
1104 3086 1412 3149 meinjurias.
1547 3086 1821 3134 603—606.
1856 3086 1938 3135 En
1970 3086 2210 3144 affectum,
2245 3088 2330 3149 qui
2359 3085 2504 3134 altius
2527 3102 2604 3135 as-

280 3154 449 3208 Arna,
484 3149 809 3199 instrumenta
850 3150 1067 3205 navalia3
1104 3159 1155 3199 et
1187 3151 1235 3215 b.
1269 3149 1301 3197 1.
1331 3150 1414 3197 alii
1478 3166 1680 3213 surgere
1698 3160 1784 3200 aut
1805 3151 2069 3215 procedere
2098 3152 2280 3211 nequit.
2339 3151 2418 3198 Ita
2440 3166 2484 3197 v.
2509 3150 2605 3201 60⁷

278 3214 675 3277 apem-alii
708 3217 950 3275 deripiat,
994 3214 1203 3279 rapient,
1245 3214 1414 3278 rapide
1480 3216 1605 3265 bene
1627 3214 1690 3263 ad
1706 3215 1838 3263 diras
1859 3216 2194 3269 convertitse3
2220 3223 2272 3261 at
2291 3223 2474 3276 quanta
2494 3230 2606 3263 cum

278 3280 511 3329 educent.
1478 3289 1586 3327 arte
1607 3279 1716 3327 illas
1730 3278 1792 3327 ad
1807 3279 2088 3342 religiosum
2106 3293 2162 3325 ac
2177 3293 2372 3326 sacrum
2393 3278 2606 3341 aliquem

348 3344 465 3401 ⁵96,
489 3342 599 3395 597.
636 3341 800 3391 Variis
820 3342 979 3392 modis
996 3344 1100 3391 haic
1122 3342 1279 3407 accipi
1299 3358 1412 3407 pos-
1478 3344 1731 3391 horrorem
1753 3342 2117 3405 attemperavit!
2149 3344 2290 3393 Ques·
2305 3346 2446 3391 metui
2467 3346 2606 3391 mori-

282 3417 407 3457 sunt
426 3416 479 3456 et
498 3408 633 3457 vario
662 3422 774 3457 cum
809 3406 999 3467 affectu,
1022 3406 1129 3457 sive
1148 3406 1276 3469 sota,
1308 3406 1414 3456 sive
1480 3415 1602 3466 eura,
1647 3408 1892 3472 praeelare,
1939 3420 2028 3469 pro
2075 3405 2274 3469 vulgari,
2321 3406 2440 3468 quid
2483 3406 2606 3454 mihi

266 3470 417 3535 sacta
454 3472 613 3535 legam
649 3480 702 3520 et
743 3469 857 3535 quia
883 3470 1025 3533 facta
1062 3483 1113 3520 et
1146 3472 1321 3520 AEneae
1366 3479 1417 3519 et
1480 3472 1796 3520 metuendum
1807 3470 1993 3526 fuisset,
2009 3484 2120 3517 cum
2133 3470 2258 3516 mori
2273 3470 2602 3517 decreverim!

284 3536 501 3585 Didonis
544 3552 651 3585 esse
690 3545 924 3601 possunt3
966 3546 1017 3585 et
1049 3536 1165 3600 quia
1203 3542 1413 3599 tangunt,
1482 3538 1540 3584 In
1563 3544 1730 3592 castra,
1753 3535 1800 3582 h.
1825 3534 1857 3581 1.
1879 3533 2111 3581 classem:
2137 3532 2198 3579 cf.
2214 3532 2284 3589 iii,
2301 3534 2410 3581 519.
2445 3536 2602 3590 Poros,

280 3598 617 3651 καθηγοῦντό
636 3616 739 3658 σου.
772 3616 887 3649 cum
919 3616 979 3649 ea
1008 3616 1117 3676 quae
1151 3600 1414 3663 atu'ngunt,
1482 3600 1764 3655 tabulatum,
1787 3612 1878 3660 pro
1889 3594 2246 3671 ipsis-navibus:
2299 3599 2604 3659 Came-mre,

280 3676 479 3729 urgent.
497 3664 688 3723 animat,
704 3674 823 3723 tum,
838 3680 947 3728 quae
963 3680 1181 3714 smmum
1196 3674 1411 3721 movent,
1476 3664 1565 3711 int.
1591 3663 1840 3722 Troianos.
1895 3661 2136 3707 Deduoem
2155 3672 2210 3707 m
2231 3674 2410 3722 ignem.

279 3729 561 3795 percellunt
602 3729 681 3779 vel
716 3729 979 3787 concitant,
1015 3738 1165 3786 metu,
1212 3738 1410 3785 terrore,
1543 3726 1813 3775 607—612.
1849 3722 1992 3779 Solis,
2030 3732 2258 3785 tanquam
2288 3723 2368 3771 dei
2402 3727 2600 3787 πανδερ-

278 3794 413 3852 odio,
446 3808 735 3857 quocunque
770 3793 867 3842 alio
902 3795 1191 3843 vehemente
1220 3792 1411 3841 affectu.
1478 3792 1602 3847 κοΰς,
1625 3788 1842 3851 adeoque
1865 3797 1916 3836 et
1935 3787 2128 3851 injuriae
2143 3787 2447 3853 inspectoris,
2473 3798 2530 3836 ut
2550 3788 2602 3836 in

279 3860 571 3921 Sequuntur
607 3858 769 3917 verba,
793 3860 908 3908 Tan
938 3860 1107 3916 decuit,
1126 3873 1263 3919 qum
1282 3872 1409 3917 scep-
1476 3852 1740 3903 foederibus
1775 3853 1848 3901 ita
1885 3853 1938 3901 in
1977 3852 2098 3901 diris
2135 3852 2370 3901 sollennia
2403 3851 2602 3900 mentio.

280 3932 365 3972 tra
404 3926 563 3971 dabas.
633 3922 715 3971 Ex
748 3922 971 3987 pluribus
1010 3923 1137 3971 hanc
1172 3920 1411 3969 rationem
1476 3920 1676 3967 Luem„
1697 3918 1759 3966 de
1781 3932 1954 3967 cursu:
1994 3917 2086 3965 vid.
2115 3932 2224 3981 sup.
2257 3933 2304 3967 v.
2329 3918 2374 3965 6.
2431 3918 2600 3964 Terra-

282 3988 507 4052 probem.
556 3986 894 4036 Exhorruerat
922 3986 1009 4035 ilh
1030 3985 1175 4035 modo
1196 4002 1251 4033 ac
1272 3984 1411 4031 dam·-
1476 4000 1578 4031 m
1595 4000 1746 4045 opera,
1765 3991 1823 4030 ut
1839 3982 1972 4044 ἔργα,
1991 3980 2188 4046 proprie
2211 3982 2274 4029 de
2301 3981 2446 4029 cultis
2467 3980 2602 4029 locis.

280 4060 502 4111 navent,
527 4067 569 4101 v.
586 4052 699 4109 595,
722 4052 1025 4100 atrocitatem
1041 4049 1259 4104 eonsilii;
1284 4046 1411 4104 silet,
1474 4050 1598 4095 Jm
1627 4046 1866 4108 ’γαμήλιος
1887 4048 2122 4107 (pronuba
2155 4062 2200 4094 v.
2243 4044 2376 4105 166‚)
2399 4046 2447 4093 h.
2471 4045 2504 4093 l.
2529 4052 2608 4093 est

280 4125 339 4165 et
358 4131 503 4165 moxz
537 4115 693 4171 Quasi
728 4130 847 4165 vero
882 4131 1013 4165 nuno
1044 4115 1241 4163 demum
1276 4112 1413 4160 nefas
1477 4116 1704 4173 interpres
1725 4120 1772 4159 et
1797 4114 1976 4159 conscia
2013 4126 2228 4157 curarum
2257 4112 2434 4167 karum,
2458 4109 2606 4171 hujm

278 4197 341 4229 ac
362 4180 525 4229 scelus
546 4180 987 4229 exhorrescendum
1016 4177 1137 4227 mihi
1158 4176 1249 4226 ait!
1286 4178 1414 4225 Tum
1479 4175 1659 4225 amoris
1677 4186 1759 4223 aut
1773 4173 2002 4237 conjugii,
2015 4174 2234 4237 adeoque
2248 4172 2386 4222 testis
2402 4172 2605 4239 perjurii

278 4246 525 4295 debebam
546 4245 903 4303 exhorrescere,
920 4259 1046 4301 cum,
1070 4241 1287 4290 defuncti
1308 4255 1411 4289 ma·
1480 4249 1534 4288 et
1570 4240 1775 4302 injurie.
1833 4240 2070 4301 luterpm
2109 4238 2256 4287 etiam
2287 4238 2420 4297 alias,
2464 4240 2604 4301 cujus

280 4309 367 4359 riu'
394 4309 629 4359 memoria
648 4309 853 4357 animoe
956 4308 1043 4364 lss,
1061 4306 1113 4354 in
1137 4305 1337 4355 thalami
1358 4320 1417 4355 ac
1480 4304 1760 4352 interventu
1793 4302 1978 4365 aliquid
2013 4302 2233 4360 efficitur,
2269 4303 2316 4350 h.
2338 4303 2370 4351 l.
2403 4303 2603 4367 nuptia,

280 4373 427 4437 regni
448 4374 731 4423 societatem
752 4324 993 4437 perfixdffm
1020 4370 1263 4435 hospitem
1286 4370 1411 4418 reci·
1478 4368 1656 4431 quibus
1677 4368 1768 4415 dea
1789 4376 1979 4431 preest.
2037 4370 2229 4425 Hecate,
2253 4368 2332 4416 cui
2357 4376 2503 4416 noctu
2523 4382 2600 4415 sa-

283 4438 498 4503 piebam.
1480 4448 1564 4481 cra
1597 4432 1904 4481 celebrantur
1941 4446 2052 4481 cum
2097 4432 2300 4489 ululatu,
2336 4434 2384 4480 h.
2419 4448 2462 4480 e.
2495 4446 2600 4479 car·

1404 4498 1433 4544 2
1459 4510 1491 4543 r
