3050 4934
505 234 646 302 286

1395 230 1927 298 AENEIDOS

678 385 892 450 Terra
920 385 1208 468 antiqua,
1239 393 1474 468 potens
1503 384 1722 462 armis,
1750 391 1947 466 atque
1976 382 2181 447 ubere
2210 378 2451 464 glebae:

514 489 636 552 165
681 487 956 551 OEnotri
981 485 1240 551 coluere
1269 486 1424 563 viri3
1468 505 1643 550 nunc
1670 485 1863 560 fama,
1894 485 2175 547 minores

677 588 928 653 Italiam
957 589 1202 652 dixisse
1233 588 1420 652 ducis
1451 587 1537 651 de
1565 586 1821 650 nomine
1852 595 2147 669 gentem:

677 689 809 754 Hae
835 690 1022 754 nobis
1051 689 1334 773 proprioe
1363 688 1593 766 sedes;
1638 687 1791 751 hinc
1822 685 2179 750 Dardanus
2208 693 2416 758 ortua,

675 791 1014 874 Iasiusque
1045 800 1257 874 pater,
1288 810 1497 871 genus
1528 812 1569 851 a
1597 810 1728 872 quo
1758 787 2053 871 principe
2083 795 2397 849 nostrum.

676 892 888 976 Surge
919 913 1064 976 age,
1097 901 1166 955 et
1193 889 1336 954 hoec
1363 889 1555 954 laetus
1584 888 1881 972 longaevo
1910 887 2083 951 dicta
2113 885 2369 971 parenti

512 994 634 1058 170
677 993 880 1058 Haud
913 992 1274 1057 dubitanda
1299 989 1510 1056 refer:
1559 988 1944 1072 Corythum,
1976 997 2317 1071 terrasque
2346 983 2639 1068 requirat

674 1093 1026 1158 Ausonias.
1107 1093 1366 1158 Dictaea
1393 1101 1593 1174 negat
1621 1091 1739 1154 tibi
1769 1090 2032 1174 Jupiter
2058 1109 2235 1152 arva.

673 1194 950 1259 Talibus
981 1195 1296 1259 attonitus
1325 1195 1478 1258 visis
1509 1214 1587 1256 ac
1616 1213 1777 1256 voce
1807 1191 2101 1267 deorum,

676 1297 849 1378 (Nec
881 1317 1080 1381 sopor
1107 1295 1268 1359 illud
1297 1305 1474 1371 erat3
1521 1295 1642 1358 sed
1668 1315 1885 1359 coram
1914 1311 2269 1375 agnoscere
2296 1287 2539 1364 vultus,

675 1396 1074 1482 Velatasque
1104 1419 1344 1475 comas,
1373 1397 1855 1483 praesentiaque
1884 1415 2000 1457 ora
2025 1392 2332 1468 videbam

508 1500 630 1564 175
674 1499 849 1563 Tum
879 1499 1134 1583 gelidus
1167 1509 1306 1563 toto
1334 1499 1639 1562 manabat
1668 1517 1947 1580 corpore
1978 1495 2181 1560 sudor
2198 1495 2243 1576 ς)

674 1601 972 1685 Corripio
1001 1623 1038 1664 e
1071 1601 1290 1665 stratis
1319 1621 1585 1684 corpus,
1615 1598 1947 1681 tendoque
1978 1595 2245 1681 supinas

673 1701 789 1767 Ad
818 1702 1052 1767 coelum
1083 1723 1232 1766 cum
1261 1723 1418 1768 voce
1447 1722 1699 1777 manus,
1730 1709 1799 1763 et
1826 1717 2095 1762 munera
2119 1695 2253 1761 libo

672 1804 1065 1868 Intemerata
1088 1803 1272 1868 focis.

1353 1801 1661 1868 Perfecto
1684 1800 1875 1864 laetus
1906 1799 2155 1862 honore

669 1903 1008 1970 Anchisen
1037 1904 1204 1969 facio
1233 1915 1504 1980 certum,
1538 1923 1805 1986 remque
1836 1901 2065 1966 ordine
2094 1899 2336 1984 pando.

505 2007 628 2069 180
671 2005 962 2091 Agnovit
987 2005 1236 2090 prolem
1267 2006 1657 2088 ambiguam,
1689 2003 2107 2088 geminosque
2138 2009 2480 2086 parentes·;

672 2107 890 2190 Seque
921 2129 1090 2171 novo
1119 2118 1410 2172 veterum
1441 2107 1791 2190 deceptum
1818 2125 2039 2169 errore
2069 2103 2378 2167 locorum.

672 2207 846 2271 Tum
875 2219 1220 2272 memorat:
1267 2207 1470 2284 Nate,
1501 2205 1714 2272 Iliacis
1744 2207 2029 2270 exercite
2058 2205 2231 2281 fatis,

670 2308 824 2372 Sola
853 2309 1008 2372 mihi
1039 2309 1200 2373 tales
1232 2331 1424 2373 casus
1455 2309 1831 2372 Cassandra
1860 2308 2159 2372 canebat.

668 2409 869 2474 Nunc
897 2420 1148 2496 repeto,
1181 2410 1322 2474 haec
1353 2411 1581 2494 generi
1609 2410 2006 2496 portendere
2034 2409 2260 2473 debita
2288 2418 2551 2486 nostr03

502 2503 626 2577 185'
670 2512 766 2577 Et
795 2535 970 2596 saepe
1000 2511 1418 2596 Hesperiam,
1452 2534 1629 2596 saepe
1660 2509 1828 2576 Itala
1857 2533 2061 2595 regna
2092 2532 2343 2574 vocare.

566 2679 672 2738 167,
703 2679 808 2726 168.
846 2678 1064 2727 Dardani
1097 2678 1234 2742 origo
1266 2694 1330 2726 ex
1365 2678 1510 2726 Italia
1542 2693 1619 2726 se-

497 2743 710 2791 cundum
740 2753 956 2792 veterem
985 2744 1205 2806 mythum
1235 2743 1402 2806 petita,
1433 2752 1482 2789 et
1511 2741 1619 2806 qui-

496 2807 611 2855 dem
651 2822 714 2856 ex
757 2807 970 2864 Etruria,
1007 2823 1036 2855 a
1074 2808 1290 2870 Corytho
1328 2823 1366 2854 s.
1409 2809 1624 2854 Crotona

497 2873 633 2920 urbe.
697 2873 851 2920 Iasius
879 2880 1018 2933 pater
1050 2872 1092 2919 si
1127 2870 1190 2919 de
1228 2871 1447 2919 Dardani
1517 2881 1622 2918 atre

497 2935 720 3000 accipias,
755 2936 939 2984 habent
970 2937 1118 2984 verba
1155 2953 1185 2983 a
1223 2953 1308 2997 quo
1342 2951 1440 2998 exp
1505 2935 1623 2982 itam

495 3000 962 3064 interpretationem.
1031 2999 1128 3046 Sed
1155 3013 1333 3062 magno
1361 3015 1471 3047 cum
1503 3015 1621 3047 con-

494 3080 640 3112 sensu
701 3063 860 3112 Italici
910 3074 962 3111 et
1013 3064 1173 3111 Graeci
1229 3063 1382 3127 mythi
1443 3063 1626 3112 Iasium

497 3127 715 3176 Dardani
755 3127 954 3174 fratrem
995 3127 1250 3184 tradidere,
1287 3143 1400 3175 cum
1441 3145 1537 3191 quo
1580 3128 1623 3176 is

493 3193 547 3240 in
571 3191 954 3239 Samothraciam
976 3191 1108 3249 abiit,
1133 3200 1190 3239 ut
1209 3192 1332 3240 adeo
1351 3199 1486 3254 pater
1506 3207 1621 3256 pos-

496 3255 706 3305 teritatis
736 3265 961 3317 respectu
991 3256 1150 3304 dictus
1179 3256 1258 3304 sit.
1316 3257 1477 3320 Igitur
1511 3272 1623 3304 cum

494 3339 526 3369 a
542 3337 628 3383 quo
643 3320 917 3368 necessario
939 3321 1000 3368 ad
1019 3323 1292 3369 Dardaniam
1311 3320 1622 3370 referendum

496 3385 574 3444 sit,
599 3384 671 3433 sic
700 3384 862 3432 locum
891 3399 1099 3449 expono,
1124 3395 1180 3434 ut
1205 3385 1388 3433 dictum
1421 3385 1487 3434 sit
1513 3401 1621 3450 pro,

494 3469 525 3499 a
555 3453 733 3512 quibus,
757 3464 859 3505 seu,
891 3453 1157 3506 Dardanus,
1183 3467 1282 3497 eum
1311 3453 1448 3508 Iasio,
1475 3469 1507 3498 a
1537 3467 1624 3512 quo

493 3519 719 3564 Dardano
749 3521 838 3562 etc.
893 3517 1117 3576 Ρήηοερσ
1138 3515 1185 3563 h.
1211 3515 1242 3562 1.
1265 3523 1434 3563 auctor
1455 3515 1623 3579 stirpis

496 3580 574 3629 vel
595 3578 802 3642 generis.

563 3645 668 3701 170,
715 3643 820 3693 171.
871 3647 1118 3708 Corythum
1150 3645 1212 3693 de
1251 3645 1268 3692 i
1305 3659 1361 3693 so
1403 3659 1520 3708 rege
1564 3659 1621 3691 ac

491 3708 742 3758 conditore
779 3709 1008 3757 Cortonoe
1042 3709 1222 3774 accipit
1306 3709 1457 3757 iuver.
1508 3708 1617 3756 Ital.

493 3775 611 3823 Ant.
636 3789 683 3838 p.
710 3773 820 3820 592.
877 3773 1076 3821 Scilicet
1095 3773 1256 3821 dictus
1277 3772 1498 3821 conditor
1529 3789 1621 3837 pro

491 3839 510 3886 i
545 3855 601 3886 sa
629 3839 764 3894 urbe,
790 3845 840 3883 et
869 3837 916 3884 h.
949 3838 980 3884 1.
1013 3853 1104 3900 pro
1133 3845 1236 3884 tota
1268 3837 1424 3894 Italia,
1449 3837 1621 3885 saltem

543 3902 695 3951 truria
724 3916 780 3949 ac
813 3900 1022 3949 finitimo
1047 3901 1204 3948 Latio.
1261 3903 1446 3948 Dictaea
1475 3918 1589 3949 arva
1604 3920 1621 3948 .-

491 3967 587 4016 vid.
613 3968 734 4014 Geo.
757 3965 822 4022 iv,
852 3966 958 4012 152.

560 4031 828 4082 172—191.
863 4029 1049 4076 AEneas
1071 4028 1439 4092 expergefactus
1463 4029 1619 4079 visum

491 4095 719 4158 religiose
745 4094 926 4158 expiat,
959 4108 1074 4142 mox
1097 4093 1226 4158 patri
1255 4093 1483 4156 exponit3
1519 4094 1617 4156 qui,

493 4160 704 4222 antiquie
725 4158 866 4206 famae
893 4157 1188 4216 recordatus,
1211 4172 1386 4222 parere
1407 4156 1514 4206 viso
1535 4161 1617 4221 ju-

489 4225 587 4273 bet.
649 4223 727 4270 Ita
749 4223 896 4270 Creta
916 4221 1195 4270 disceditur.

563 4288 668 4338 174.
696 4289 870 4335 Velatae
891 4303 1037 4335 come.
1075 4287 1198 4336 Erat
1217 4287 1339 4336 adeo
1358 4286 1616 4336 Penatium

491 4361 638 4418 caput
659 4351 782 4400 vitta
801 4351 1096 4400 redimitum.

560 4417 665 4468 177.
701 4419 900 4466 Munera
919 4419 1204 4476 intemerata,
1229 4417 1398 4467 vinum
1420 4432 1615 4481 purum,

1686 2691 1823 2790 ξιξ-ξε,
1870 2677 1963 2726 rite
2006 2677 2223 2725 libatum.
2292 2676 2437 2732 Quod
2480 2694 2659 2738 munus,
2704 2693 2821 2728 mox

1757 2808 1862 2864 180,
1900 2806 2005 2854 181.
2051 2805 2267 2880 Agnovit
2296 2805 2543 2868 duplicem
2576 2805 2817 2870 Trojano·

1686 2885 1795 2918 rum
1810 2879 1970 2918 ortum
1988 2886 2043 2918 ac
2062 2879 2279 2934 stu-pem,
2295 2869 2496 2918 alteram
2518 2885 2549 2918 a
2568 2871 2817 2929 Dardano,

1688 2935 1890 2983 alteram
1922 2935 2118 2982 ductam
2152 2951 2181 2982 a
2210 2934 2427 2991 Teucro;
2463 2935 2685 2998 adeoque
2720 2953 2817 2984 an-

1690 3003 1831 3063 bigmz
1848 3002 1999 3060 proles
2018 2999 2113 3063 ipsi
2134 3007 2252 3046 sunt
2272 2999 2486 3061 Trojani,
2504 3000 2589 3062 qui
2612 3011 2666 3048 et
2690 3001 2817 3050 Dar-

1691 3064 1807 3112 dani
1824 3074 1875 3112 et
1890 3064 2069 3112 Teucri
2088 3064 2163 3124 (et
2177 3063 2229 3110 hi
2250 3074 2367 3112 sunt
2383 3068 2557 3126 gemini
2574 3066 2817 3126 pamla)

1686 3143 1842 3192 genus
1872 3137 2024 3176 erant.
2089 3128 2307 3190 Agnovit
2390 3143 2471 3176 rro
2494 3129 2740 3178 Anchises
2764 3130 2818 3178 in

1688 3193 2053 3257 interpretando
2068 3191 2313 3256 Apollinis
2376 3192 2461 3240 elii
2478 3194 2692 3252 oraculo,
2706 3209 2818 3243 cum

1688 3261 1881 3320 antiqua
1902 3265 2049 3305 mter
2071 3267 2119 3304 et
2142 3261 2295 3318 prima
2318 3260 2455 3305 tellus
2484 3267 2615 3306 esset
2642 3260 2815 3323 exqui-

1686 3321 1852 3379 renda,
1872 3339 1919 3369 se
1936 3325 2169 3384 deceptum
2188 3337 2295 3370 esse
2317 3339 2426 3370 novo
2440 3339 2596 3371 errore
2614 3333 2817 3372 veternas

1688 3388 1893 3442 beorum,
1919 3387 1964 3433 h.
1990 3400 2031 3433 e.
2058 3401 2223 3434 errore
2253 3386 2383 3434 circa
2411 3387 2515 3435 loca
2538 3397 2709 3437 vetera
2736 3389 2813 3437 in-

1688 3450 2025 3513 terpretanda:
2059 3451 2189 3513 quod
2224 3450 2345 3499 duas
2380 3461 2547 3509 terras,
2581 3467 2611 3501 a
2638 3453 2815 3516 quibus

1688 3515 1854 3578 stirpis
1892 3515 2119 3577 Trojanae
2156 3523 2377 3564 auctores
2418 3516 2535 3565 olim
2571 3517 2814 3580 originem

1688 3579 1892 3627 traxisse
1924 3588 2065 3628 vetus
2096 3579 2226 3643 fama
2259 3591 2376 3638 erat,
2410 3596 2541 3629 nunc
2576 3595 2678 3629 non
2712 3582 2811 3631 dis-

1687 3643 1913 3702 tinxerat,
1948 3643 2033 3691 sed
2068 3643 2269 3692 alterius
2304 3645 2555 3704 adventus,
2592 3646 2815 3695 Dardani

1686 3707 1884 3765 scilicet,
1901 3723 1964 3770 ei}
1981 3708 2123 3756 Italia
2136 3709 2406 3768 immemor,
2424 3709 2477 3758 in
2494 3710 2651 3760 altera
2666 3719 2811 3770 terra,

1686 3773 1816 3820 unde
1834 3773 2025 3820 Teucer
2046 3773 2194 3830 venit,
2219 3783 2408 3822 tantum
2431 3775 2651 3824 haeserat.
2711 3775 2810 3840 Igi-

1687 3847 1767 3885 tur
1796 3846 1951 3885 vetera
1982 3841 2091 3896 loca,
2122 3847 2266 3886 terrae
2296 3849 2461 3888 vetere
2492 3839 2656 3903 aliqua
2684 3841 2815 3890 fama

1684 3902 1953 3959 celebrum,
1978 3911 2207 3964 tanquam
2231 3919 2303 3950 eae
2332 3903 2463 3952 unde
2484 3905 2687 3968 Trojani
2712 3904 2809 3954 ori-

1684 3966 1851 4030 ginem
1880 3967 2141 4022 haberent3
2176 3977 2229 4016 et
2248 3985 2385 4017 novus
2406 3985 2546 4026 error,
2571 3980 2813 4032 quatenus

1684 4046 1713 4079 a
1744 4047 1799 4079 se
1830 4045 1974 4088 nunc,
2000 4029 2217 4094 adeoque
2245 4033 2429 4081 seriore
2458 4049 2564 4081 aevo
2596 4045 2809 4084 erratum

1686 4105 1761 4144 est
1776 4096 1907 4144 circa
1926 4095 2031 4144 haec
2052 4095 2159 4144 loca
2180 4096 2543 4162 interpretanda
2562 4117 2575 4146 z
2612 4100 2707 4148 etsi
2730 4117 2808 4148 no-

1684 4177 1767 4208 vus
1794 4159 1939 4208 solito
1970 4175 2105 4210 more
2130 4171 2243 4226 post
2272 4171 2401 4212 vetus
2430 4171 2633 4212 omanis
2664 4179 2813 4213 causa

1680 4225 1936 4287 adjectum.

1751 4291 2019 4339 183—185.
2073 4291 2359 4341 Cassandrae
2394 4291 2641 4341 vaticiniis
2680 4309 2808 4341 nun-

1682 4369 1827 4417 quam
1850 4355 2049 4404 creditis
2070 4356 2263 4419 egregie
2286 4357 2441 4406 utitur
2460 4367 2619 4422 poen.
2676 4361 2812 4406 Tales

1682 4435 1829 4475 eam,
1846 4420 1971 4468 hanc
1994 4419 2147 4469 nostri
2168 4421 2365 4483 generis
2384 4421 2645 4480 formum,
2670 4431 2729 4471 ut
2749 4421 2809 4472 ad
