3050 4934
447 238 573 301 552

1344 240 1868 303 AENEIDOS

620 386 889 470 Anceps
916 399 1283 452 sustentata
1312 388 1449 464 diu,
1482 388 1854 471 fluctusque
1884 389 2144 472 fatigat:

443 488 572 550 305
617 487 927 563 Solvitur,
960 499 1156 571 atque
1190 490 1360 552 viros
1394 490 1622 552 mediis
1653 490 1924 572 exponit
1953 490 2020 552 in
2047 491 2280 567 undis3

612 588 963 672 Fragmina
991 611 1317 653 remorum
1345 611 1511 673 quos
1544 600 1612 653 et
1639 590 1960 653 fluitantia
1990 600 2278 654 transtra

612 689 1007 774 Impediunt,
1040 689 1443 773 retrahitque
1475 690 1713 774 pedem
1745 689 1931 754 simul
1960 691 2136 753 unda
2165 690 2488 756 relabens.

698 790 847 854 Nec
877 790 1179 854 Turnum
1212 792 1429 873 segnis
1459 792 1697 854 retinet
1723 812 1938 867 mora3
1989 792 2106 855 sed
2137 793 2310 875 rapit
2335 814 2487 856 acer

611 891 851 955 Totam
880 893 1081 955 aciem
1106 892 1171 955 in
1203 891 1527 967 TeucroS,
1560 902 1628 954 et
1653 902 1879 955 contra
1903 893 1970 955 in
1995 890 2213 955 littore
2249 892 2438 957 sistit.

432 993 563 1055 310
606 992 807 1076 Signa
838 1005 1101 1057 canunt.
1179 992 1437 1057 Primus
1469 1004 1714 1055 turmas
1745 993 1980 1055 invasit
2009 1002 2304 1075 agrestes

606 1092 884 1171 AEneaS,
918 1116 1106 1157 omen
1134 1116 1395 1177 pugnae,
1430 1094 1786 1176 stravitque
1821 1084 2118 1169 Latinos,
2283 1080 2298 1087 ’

608 1194 851 1259 Occiso
880 1193 1216 1269 Therone,
1250 1194 1457 1274 virum
1479 1194 1599 1276 qui
1627 1215 1968 1256 maxumus
2001 1192 2173 1256 ultro

604 1295 869 1359 AEnean
898 1295 1097 1379 petit:
1144 1294 1297 1358 huic
1328 1293 1548 1378 gladio
1577 1314 1826 1377 perque
1857 1314 2028 1357 aerea
2059 1304 2228 1370 suta,

606 1394 736 1459 Per
767 1397 1047 1459 tunicam
1078 1394 1482 1479 squalentem
1510 1416 1695 1469 aure,
1726 1393 1896 1458 latus
1927 1394 2146 1457 haurit
2173 1405 2494 1479 apertum.

436 1498 566 1561 315
607 1495 772 1560 Inde
804 1495 1059 1560 Lichan
1089 1495 1261 1571 ferit,
1295 1505 1632 1559 exsectum
1652 1495 1791 1578 jam
1820 1504 2024 1558 matre
2055 1506 2369 1577 peremta,

612 1597 705 1661 Et
736 1599 875 1675 tibi,
910 1596 1190 1673 Phoebe,
1224 1618 1499 1675 sacrum,
1531 1618 1724 1659 casus
1755 1596 2034 1659 evadere
2065 1594 2222 1659 ferri

605 1698 807 1771 Quod
838 1697 1021 1761 licuit
1054 1720 1279 1781 parvo.
1355 1696 1505 1761 Nec
1535 1695 1753 1779 longe,
1785 1695 2014 1759 Cissea
2043 1696 2302 1771 durum,

608 1798 1087 1882 Immanemque
1118 1797 1337 1881 Gyan,
1369 1808 1736 1861 sternentes
1767 1798 2022 1880 agmina
2051 1796 2253 1873 clava,

611 1900 873 1984 Dejecit
902 1898 1123 1963 letho:
1168 1897 1328 1963 nihil
1358 1898 1498 1963 illos
1533 1885 1840 1963 Herculis
1869 1918 2068 1973 arma,

435 2002 565 2065 320
606 2000 753 2065 Nec
782 2001 1013 2065 validae
1031 2002 1263 2085 juvere
1294 2022 1546 2076 manus,
1577 2000 1960 2083 genitorque
1991 1995 2389 2081 Melampus,

611 2100 867 2166 Alcidae
894 2124 1133 2177 comete,
1164 2124 1375 2185 usque
1406 2123 1640 2185 graves
1667 2121 1867 2183 quum
1897 2110 2074 2162 terra
2100 2098 2357 2164 labores

610 2202 924 2266 Praebuit.
990 2201 1169 2267 Ecce
1201 2202 1446 2279 Phar0,
1478 2224 1672 2266 voces
1703 2200 1859 2264 dum
1879 2201 2088 2285 jactat
2117 2201 2384 2277 inertes,

608 2302 995 2387 Intorquens
1017 2302 1307 2387 jaculum
1337 2302 1636 2366 clamanti
1667 2302 1836 2365 sistit
1863 2301 1928 2363 in
1959 2320 2094 2364 ore.

606 2402 719 2467 Tu
746 2426 1028 2488 quoque,
1059 2403 1405 2468 flaventem
1432 2404 1640 2487 prima
1667 2401 1970 2484 lanugine
2001 2400 2200 2465 malas

438 2507 567 2570 325
610 2505 792 2569 Dum
822 2506 1113 2591 sequeris
1145 2504 1427 2589 Clytium
1457 2502 1702 2579 infelix,
1733 2525 1902 2566 nova
1929 2502 2192 2585 gaudia,
2225 2501 2491 2586 Cydon;

614 2608 953 2672 Dardania
982 2617 1225 2670 stratus
1252 2607 1512 2679 dextra,
1547 2624 1816 2667 securus
1849 2625 2166 2679 amorum,

610 2710 749 2783 Qui
767 2709 1083 2793 juvenum
1112 2708 1229 2771 tibi
1254 2729 1511 2790 semper
1542 2716 1750 2781 erant,
1781 2706 2170 2781 miserande,
2194 2706 2486 2790 jaceres:

606 2812 701 2875 Ni
730 2810 1002 2875 fratrum
1032 2811 1271 2893 stipata
1301 2809 1538 2874 cohors
1568 2807 1738 2872 foret
1766 2808 1978 2883 obvia,
2011 2806 2252 2873 Phorci

436 3058 547 3092 sum
564 3050 643 3091 est
658 3040 827 3089 durior
840 3056 989 3089 arena
1010 3038 1146 3103 (02⁹),
1166 3054 1274 3101 quae
1294 3038 1556 3089 remeanti-

434 3108 527 3155 bus
560 3105 787 3154 fluctibun
820 3104 1107 3169 plerumque
1138 3104 1383 3162 densam,
1418 3114 1469 3153 et
1505 3104 1559 3153 in

434 3170 633 3219 modum
650 3168 757 3217 saxi
774 3168 1056 3227 indurescit,
1075 3169 1205 3231 quod
1220 3184 1251 3217 a
1266 3168 1430 3217 nautis
1447 3172 1556 3231 pul-

434 3238 566 3282 m'mu
601 3242 826 3283 vocatur:
864 3236 1079 3295 iniquum,
1121 3234 1338 3293 noxium,
1380 3233 1556 3283 exitio-

433 3314 569 3354 sum3
613 3297 689 3347 uti
713 3298 823 3360 quis
848 3300 898 3345 ἐπ
927 3300 1070 3346 locum
1099 3302 1302 3360 iniquum
1331 3301 1558 3347 adductus

430 3363 624 3411 dicitur.
649 3364 827 3411 Pendet
839 3379 1004 3423 anceps
1016 3370 1287 3419 sustentata,
1303 3376 1554 3425 suspensa,

432 3443 485 3475 se
514 3426 672 3485 librat,
697 3427 871 3491 agitem
896 3426 1123 3489 quoniam
1150 3426 1339 3473 sulcum
1367 3423 1556 3473 nullum

428 3490 692 3605 {zutpffliss
712 3506 814 3602 nep?
826 3491 1019 3615 liti-matt}
1036 3488 1203 3601 ctrina
1224 3489 1447 3601 smbi‘liem
1466 3489 1553 3600 hq-

620 3570 712 3603 em.
811 3572 841 3603 a
1018 3570 1073 3601 uc
1094 3570 1148 3601 ue
1169 3568 1322 3611 navis,
1374 3568 1458 3600 um
1479 3569 1510 3601 a
1528 3580 1552 3589 -

426 3619 646 3669 labentes
684 3636 740 3668 ac
784 3570 1067 3667 rec'gdentes
1111 3634 1195 3666 eos
1238 3616 1353 3681 agit,
1394 3626 1556 3665 versat

430 3682 513 3747 (cf.
540 3684 603 3730 ad
633 3683 715 3731 lib.
752 3683 851 3740 viii,
877 3683 981 3743 94),
1006 3682 1221 3745 adeoque
1242 3681 1417 3730 librata
1444 3682 1554 3744 ipsa

425 3748 479 3796 in
515 3746 731 3795 diversas
766 3755 931 3810 partes
966 3756 1211 3795 versatur:
1269 3747 1361 3793 hoc
1398 3746 1552 3808 magis

426 3810 686 3876 poeticum,
711 3826 855 3872 quam
876 3810 920 3858 si
931 3814 1105 3871 fluctus
1113 3808 1299 3873 fatigat
1318 3824 1507 3858 navem.

492 3874 600 3925 307.
646 3878 781 3922 (bada
814 3877 1033 3933 relabens,
1072 3874 1247 3922 fluctus
1263 3873 1403 3921 littus
1424 3872 1548 3921 allu-

426 3954 515 3988 ens
538 3948 588 3987 et
611 3954 673 3985 ex
694 3937 837 3986 allisu
856 3953 1107 3986 remeans:
1145 3938 1228 3999 qui
1249 3937 1366 3986 facit
1387 3947 1443 3985 ut
1460 3953 1548 4001 pc-

424 4002 537 4052 dem
560 4002 611 4051 in
632 4001 821 4050 lubrico
842 4002 993 4064 figere
1014 4010 1271 4064 nequeant.

1623 3040 1834 3101 squalens
1850 3055 1977 3097 auro,
1999 3054 2158 3087 aurea.
2207 3042 2424 3103 Squalere
2440 3040 2636 3090 videtur
2651 3052 2748 3091 tra·

1624 3102 1824 3151 ductum
1841 3102 2054 3167 primum
2073 3103 2134 3151 ad
2151 3104 2464 3168 superficiem
2481 3105 2678 3155 sordido
2691 3124 2750 3156 ae

1623 3167 1843 3229 squalido
1855 3166 2015 3216 colore
2029 3167 2106 3216 vel
2121 3167 2280 3217 nitore
2293 3168 2500 3233 impuro,
2509 3169 2753 3219 lutulento

1623 3241 1708 3281 aut
1724 3230 2080 3297 pulverulento,
2100 3230 2364 3290 inductam,
2388 3232 2546 3295 qualis
2567 3234 2620 3282 in
2645 3234 2748 3298 pia-

1621 3297 1749 3345 cium
1772 3312 1828 3345 ac
1851 3305 2136 3359 serpentum
2156 3306 2268 3345 cute
2301 3306 2388 3355 est,
2415 3307 2520 3345 tum
2550 3298 2750 3347 omnino

1621 3360 1682 3409 de
1711 3361 1870 3409 nitore
1899 3375 2200 3423 quocunque,
2230 3370 2286 3409 ut
2313 3360 2435 3410 auri.
2504 3362 2600 3411 Est
2627 3362 2749 3411 adeo

1619 3428 1825 3485 equalere
1847 3424 2037 3473 doctius
2059 3424 2242 3473 dictum
2265 3426 2311 3473 h.
2341 3426 2373 3474 l.
2406 3440 2554 3488 quam
2639 3426 2744 3475 len-

1619 3488 1748 3536 dere.
1829 3489 1907 3535 De
1952 3502 2070 3537 voce
2115 3492 2286 3545 haurit,
2332 3504 2423 3565 pro
2471 3442 2746 3547 mnffodit,

1619 3552 1792 3600 hausto
1821 3552 2073 3615 sangiune,
2097 3568 2204 3616 sup.
2235 3553 2312 3601 ad.
2343 3553 2394 3611 1i,
2421 3554 2532 3602 600.
2589 3558 2742 3617 Aper-

1620 3623 1716 3663 tum
1730 3634 1746 3664 .·
1781 3616 1824 3663 si
1839 3632 1929 3680 per
1946 3616 2192 3664 thoracem
2215 3616 2438 3665 adactum
2459 3616 2645 3667 ferrum
2667 3618 2745 3667 fu·

1618 3678 1670 3736 it,
1695 3679 1932 3727 nudatum
1953 3696 2130 3743 corpus
2153 3695 2259 3727 esse
2281 3696 2380 3728 non
2401 3690 2623 3744 poterat:
2657 3683 2748 3731 sed

1619 3760 1721 3791 voc.
1753 3752 1921 3799 ornat;
1955 3744 2072 3820 <lum
2092 3743 2270 3793 vulnus
2299 3744 2550 3807 infligitur,
2579 3747 2746 3810 aperi·

1619 3820 1711 3919 mrss
1719 3822 2196 3921 pgocoprpoeoassmm
2216 3872 2398 3936 quippe
2419 3873 2514 3921 deo
2536 3872 2746 3932 medico,

1615 3938 1879 4050 cujguls⁷op37
1883 3952 1946 3985 ex
1964 3936 2136 4049 πῶς
2157 3948 2299 3984 utero
2322 3946 2452 3985 esset
2471 3946 2744 4061 fflrtgamt,

1779 4034 1790 4047 .
1877 4016 1928 4048 ec
2033 4017 2094 4063 ge
2109 4020 2125 4047 .-
2159 4016 2263 4065 pro,
2299 4016 2391 4075 nec
2425 4016 2474 4049 m
2614 4016 2708 4065 pos

488 4069 761 4115 alo-314.
830 4066 1104 4115 Prudenter
1146 4074 1290 4129 poeta
1334 4064 1547 4129 primum
1612 4064 1896 4113 adverbium
1917 4063 2012 4112 loci
2033 4079 2125 4128 pro
2149 4078 2394 4129 temporis,
2419 4064 2632 4128 antime-

423 4131 632 4179 AEneam
651 4128 841 4179 fortiter
856 4139 1155 4193 pugnantem
1170 4127 1371 4177 inducit.
1424 4131 1544 4176 Tur-

423 4212 519 4243 mae
560 4204 777 4256 agrestes,
814 4194 1043 4242 Latinos:
1086 4193 1145 4241 cs.
1183 4209 1289 4257 sup.
1322 4192 1403 4251 vii,
1433 4194 1544 4250 573,

422 4259 531 4306 582.
594 4260 733 4305 Omen
750 4274 919 4319 pugna
944 4258 1005 4305 ad
1034 4272 1135 4320 sqq.
1168 4266 1383 4321 spectat:
1418 4265 1542 4305 stm-

420 4324 489 4367 m't
530 4322 732 4367 Latinos.
790 4322 937 4367 AErea
978 4330 1097 4379 suta,
1138 4322 1385 4370 thoracem
1417 4321 1538 4369 suti·
1607 4320 1821 4384 primum
1854 4330 1973 4369 tunc
2005 4336 2169 4369 amam
2214 4330 2442 4385 coeperst.

1677 4130 1787 4177 321.
1847 4132 1995 4190 Usqm
2025 4146 2177 4190 quum,
2201 4144 2354 4191 usque
2373 4129 2518 4185 dum;
2553 4128 2746 4179 tamdiu

1612 4208 1787 4314 ψὲῐῖἐ,
1813 4257 1921 4304 326.
1958 4258 2092 4305 Nova
2122 4258 2316 4319 gaudia,
2350 4256 2564 4313 delicia
2593 4272 2748 4320 quem

2525 4324 2746 4381 Secum,

421 4382 519 4429 lem
551 4397 613 4428 ex
658 4396 768 4437 aere,
814 4382 906 4429 hoc
940 4394 1027 4439 est,
1062 4400 1125 4431 ex
1162 4386 1303 4433 aereis
1334 4384 1542 4432 lamellis
1607 4384 1800 4442 oblim,
1825 4384 1878 4433 in
1901 4394 2071 4441 morte,
2095 4399 2195 4433 non
2223 4400 2398 4433 curans
2428 4400 2520 4433 nec
2550 4400 2749 4437 memor

420 4444 499 4491 vel
543 4444 795 4491 catenulis.
862 4445 1069 4493 Suberat
1114 4448 1312 4496 thoraci.
1364 4450 1542 4495 Tunica
1607 4448 1786 4497 amoris
1807 4464 2086 4511 puerorum,
2110 4448 2194 4511 qui
2217 4448 2304 4498 tibi
2333 4462 2527 4513 smper
2548 4460 2670 4499 erat.
