3050 4934
470 254 601 317 434

1358 248 1888 316 AENEIDOS

651 403 744 466 Et
772 424 945 466 nune
978 413 1191 466 servat
1218 400 1429 465 honos
1460 400 1682 464 sedem
1711 411 1889 474 tuus,
1921 419 2202 481 ossaque
2232 418 2464 462 nomen

648 503 976 586 Hesperia
1007 503 1073 564 in
1102 522 1358 585 magna,
1392 501 1447 564 si
1475 522 1608 583 qua
1637 510 1740 563 est
1768 521 1848 563 ea
1875 497 2102 582 gloria,
2137 499 2370 582 signat.

560 605 603 666 5
649 601 743 666 At
774 604 923 686 pius
953 602 1279 686 exsequiis
1310 602 1560 665 AEneas
1589 602 1713 664 rite
1745 599 1996 674 solutis,

544 717 551 745 f
648 702 916 787 Aggere
946 705 1306 787 composito
1336 701 1586 777 tumuli,
1619 711 1968 784 postquam
1996 699 2128 763 alta
2156 699 2464 783 quierunt

648 805 967 887 AEquora‚
999 804 1209 867 tendit
1238 805 1362 866 iter
1391 802 1549 866 velis
1556 821 1574 878 ,·
1607 811 1998 885 portumque
2030 800 2356 885 relinquit.

650 905 1016 988 Adspirant
1044 926 1221 968 aurae
1251 905 1318 967 in
1348 913 1628 978 noctem,
1659 924 1780 966 nec
1811 901 2090 966 candida
2119 923 2351 965 cursus

443 1031 513 1104 f
649 1005 842 1068 Luna
868 1014 1102 1088 negat3
1151 1002 1453 1087 splendet
1484 1001 1761 1067 tremulo
1793 1003 1916 1065 sub
1945 1002 2184 1066 lumine
2213 1013 2533 1094 PPRQ--
2564 1079 2587 1087 q

473 1222 603 1254 caeca
623 1206 821 1269 Virgilii
856 1205 1175 1254 admiratione
1210 1204 1340 1268 capti
1368 1203 1495 1260 sint;
1522 1213 1593 1252 ta-

474 1286 588 1318 men
595 1273 707 1332 Jure
723 1285 833 1318 meo
846 1285 924 1318 me
938 1270 1029 1317 hoc
1042 1269 1360 1334 pronuntiare
1373 1267 1595 1326 arbitror,

471 1335 526 1382 in
548 1334 626 1382 his
646 1332 1031 1396 argutationibus
1054 1348 1209 1396 pauca
1230 1347 1337 1380 esse
1362 1347 1470 1392 quae
1492 1330 1598 1380 viro

474 1397 767 1460 intelligenti
782 1412 835 1444 se
851 1398 1055 1460 probare
1068 1396 1271 1459 possint.
1320 1395 1597 1453 Actionem,

472 1461 624 1518 aiunt,
650 1464 711 1509 ab
744 1461 836 1508 hoc
869 1460 995 1524 libro
1034 1461 1297 1523 procedere
1327 1458 1546 1517 alteram,
1567 1475 1597 1507 a

471 1525 634 1588 priore
658 1525 926 1580 diversam3
962 1524 1090 1585 quod
1116 1525 1177 1571 ab
1210 1523 1397 1570 unitate
1418 1523 1594 1571 carmi-

471 1589 550 1636 nis
574 1588 699 1652 epici
734 1587 935 1635 omnino
970 1588 1223 1643 abhorret3
1258 1587 1405 1661 idque
1434 1587 1598 1650 ipsum

469 1661 665 1716 poetam
688 1667 785 1700 non
810 1651 1073 1714 ignorasse,
1096 1666 1210 1700 cum
1241 1651 1457 1698 ordlatur
1483 1667 1596 1699 nar-

468 1716 725 1774 rationem,
750 1732 794 1764 v.
817 1719 895 1772 44,
916 1717 995 1774 45,
1014 1716 1172 1778 Major
1182 1731 1336 1763 rerum
1354 1719 1466 1761 mihi
1487 1733 1595 1762 nas-

470 1785 594 1828 citur
628 1783 769 1833 ordo5
815 1779 963 1841 majus
998 1797 1108 1841 opus
1144 1797 1303 1828 moveo.
1358 1777 1516 1836 Quod,
1555 1779 1601 1826 si

470 1843 587 1907 quid
617 1843 763 1900 aliud,
800 1843 979 1892 frustra
1015 1843 1235 1891 sumitur.
1295 1843 1425 1890 Nam
1456 1854 1594 1890 ante-

470 1923 615 1969 quam
648 1907 709 1955 ad
747 1907 942 1955 Italiam
977 1907 1229 1956 accederet
1267 1907 1465 1964 AEneas,
1502 1907 1600 1954 iter

470 1971 619 2033 Troja
652 1971 834 2019 sactum
868 1980 975 2019 erat
1006 1970 1507 2025 commemorandum3
1545 1980 1596 2018 et

470 2035 597 2097 quod
615 2035 667 2083 in
686 2035 903 2083 Africam
920 2035 1136 2082 defertur
1152 2034 1334 2091 classis,
1354 2034 1480 2096 quod
1499 2033 1591 2081 ite-

466 2113 578 2146 rum
614 2099 892 2148 conscensis
925 2098 1131 2146 navibus
1167 2097 1383 2146 Siciliam
1412 2097 1596 2145 adeunt

469 2162 685 2223 Trojani,
708 2171 759 2209 et
794 2162 909 2208 inde
942 2161 1145 2225 profecti
1183 2161 1377 2209 tandem
1400 2161 1595 2210 Tiberis

470 2225 595 2273 ostia
624 2227 951 2280 invehuntur;
986 2241 1045 2273 ea
1066 2225 1231 2272 omnia
1262 2226 1325 2272 ad
1356 2240 1505 2272 unam
1533 2223 1592 2272 il-

468 2289 568 2337 lam
588 2289 831 2337 actionem
864 2304 963 2336 non
998 2289 1161 2336 minus
1180 2288 1431 2353 pertinent
1450 2305 1596 2350 quam

470 2353 779 2402 difficultates
797 2367 905 2415 quae
926 2367 1131 2400 escensu
1156 2353 1207 2400 in
1237 2352 1413 2401 Latino
1430 2353 1596 2400 littore

469 2416 596 2465 facto
618 2417 947 2466 suboriuntur.
1003 2416 1147 2471 Quod
1168 2414 1360 2465 diversa
1380 2426 1495 2465 sunt
1514 2432 1594 2464 re-

470 2497 577 2528 rum
602 2481 655 2528 in
675 2481 754 2528 bis
775 2497 831 2528 ac
862 2480 1193 2544 superioribus
1226 2481 1367 2529 libris
1390 2496 1591 2529 narran-

468 2545 639 2594 darum
662 2560 857 2608 genera,
883 2546 975 2592 hoc
998 2545 1159 2608 ipsum
1186 2545 1247 2592 ad
1270 2544 1518 2592 varietatis
1538 2558 1594 2591 ac

468 2610 623 2673 copiae
661 2609 855 2658 laudem
892 2609 1123 2672 pertinet.
1194 2609 1401 2665 Bellum,
1440 2608 1592 2666 aiunt,

467 2683 669 2747 propter
703 2673 917 2736 puellam
946 2673 1133 2720 AEneae-
1156 2687 1403 2746 nunquam
1440 2671 1594 2720 visam

466 2751 573 2848 1⁸53
588 2737 1094 2864 2322232331233
1115 2735 1591 2847 Sssffibssess‘uffl}

466 2865 655 2912 accedit
673 2864 891 2912 Laviniae
918 2864 1196 2926 conjugium
1234 2871 1461 2926 tanquam
1482 2863 1592 2938 pig·

468 2943 561 2976 nus
597 2928 793 2976 foederis
826 2943 939 2977 cum
977 2927 1153 2976 Latino
1190 2927 1253 2974 de
1287 2927 1365 2975 his
1396 2927 1594 2975 sedibus

466 2992 711 3040 concessis
752 2991 881 3039 facti.
943 2993 1004 3039 In
1046 2990 1238 3049 Latino,
1286 3000 1341 3038 ut
1384 2990 1590 3050 videtur,

466 3056 620 3104 multa
641 3065 757 3103 sunt
780 3069 887 3116 quae
902 3070 1159 3119 personam
1179 3054 1367 3118 epicam
1383 3055 1588 3102 dedece-

466 3129 564 3166 ant.
641 3119 797 3165 Recte
841 3119 932 3166 hoc
978 3131 1271 3176 moneretur,
1315 3118 1355 3166 si
1401 3119 1591 3183 epicam

466 3181 565 3239 ille,
605 3196 751 3243 quam
790 3181 974 3240 volunt,
1014 3197 1270 3246 personam
1309 3182 1586 3232 sustineret.

464 3245 825 3294 Adumbratum
860 3255 936 3294 est
964 3245 1017 3293 in
1048 3247 1226 3295 Latino
1256 3257 1475 3297 veterum
1508 3263 1584 3296 re-

463 3325 579 3374 gum
604 3309 897 3374 exemplum,
922 3326 1125 3374 quorum
1149 3311 1233 3360 vix
1262 3312 1357 3361 alia
1374 3312 1586 3361 auctori-

464 3383 540 3422 tas
562 3389 707 3436 quam
731 3383 786 3422 ut
804 3375 1119 3424 consiliorum
1148 3376 1317 3441 populi
1339 3375 1588 3440 principes

462 3437 674 3500 bellique
709 3438 857 3486 duces
892 3447 1044 3487 erant.
1103 3441 1149 3487 N
1156 3456 1210 3487 ec
1234 3455 1349 3488 vero
1371 3441 1588 3488 eminere

464 3517 577 3550 eum
597 3517 688 3565 par
710 3511 827 3560 erat,
850 3503 893 3551 si
926 3503 1125 3551 Turnus
1157 3504 1209 3550 in
1242 3504 1457 3551 medium
1484 3513 1590 3551 erat

461 3566 787 3624 adducendus,
814 3567 954 3630 isque
985 3583 1098 3616 cum
1120 3567 1281 3615 AEnea
1300 3582 1586 3630 comparan-

463 3628 567 3678 dus.
620 3631 807 3678 Causas
828 3631 958 3689 belli,
976 3631 1128 3688 aiunt,
1150 3631 1297 3680 nimis
1310 3645 1416 3678 esse
1435 3631 1588 3678 exiles

462 3709 517 3740 ac
542 3701 739 3742 tenues:
762 3709 970 3753 cervam,
988 3695 1165 3758 puellae
1187 3694 1351 3742 Silviae
1368 3692 1583 3753 delicias,

460 3771 577 3806 casu
600 3772 631 3804 a
647 3757 871 3819 Trojanis
892 3774 1081 3807 caesam.
1132 3759 1239 3806 Nec
1258 3768 1421 3806 tamen
1440 3772 1588 3806 causa

460 3821 564 3868 haec
596 3821 713 3869 belli
744 3820 852 3879 fuit,
874 3821 963 3870 sed
994 3821 1293 3885 exasperatis
1320 3824 1424 3883 jam
1448 3821 1583 3869 Lati-

462 3899 635 3933 norum
680 3884 856 3934 animis
910 3885 1081 3949 prima,
1127 3901 1221 3948 qua
1273 3895 1588 3948 erumperent

459 3947 822 4061 {ss-2⁰53...
843 3949 1586 4062 21³ih¹i05502¹ffi²iss¹2²322¹¹ssmzd

458 4075 545 4125 des
566 4076 821 4125 referenda
842 4085 970 4134 sunt,
990 4075 1165 4139 quibus
1186 4076 1461 4140 exasperati
1486 4078 1582 4125 La-

459 4139 673 4189 tinorum
695 4149 747 4188 et
767 4140 925 4188 Turni
955 4139 1105 4188 animi
1140 4156 1171 4189 a
1190 4141 1332 4190 novis
1364 4141 1417 4188 in
1440 4141 1585 4190 Latio

458 4204 655 4253 sedibus
673 4204 910 4265 Trojauos
928 4204 1203 4278 prohibent.
1249 4205 1461 4253 Potuere
1482 4206 1582 4253 uti-

458 4283 555 4331 que
577 4282 685 4316 esse
718 4267 771 4314 in
795 4267 1005 4316 AEneide
1034 4283 1145 4330 quae
1178 4268 1341 4318 minus
1374 4285 1430 4318 se
1464 4284 1579 4332 pro-

457 4333 631 4382 bnt-ent
652 4331 818 4389 Vario,
846 4331 1037 4390 Tuccae,
1064 4333 1337 4390 Maecenati,
1362 4333 1441 4382 vel
1471 4335 1579 4382 Au-

456 4403 621 4458 gusto:
654 4403 769 4443 sunt
790 4411 979 4458 quoque
1000 4397 1183 4460 passim
1205 4407 1372 4448 notata
1392 4415 1422 4447 a
1440 4399 1582 4448 uobis

1661 1203 1897 1252 nonnulla
1937 1219 2110 1267 parum
2149 1203 2394 1252 subtiliter
2431 1203 2647 1266 digesta:
2701 1204 2788 1252 sed

1661 1268 1765 1315 haec
1799 1267 2017 1331 profecto
2052 1282 2160 1329 quae
2199 1267 2353 1315 nostri
2387 1267 2477 1315 aevi
2515 1267 2674 1315 critici
2705 1283 2785 1315 re-

1660 1331 2008 1396 prehendenda
2039 1341 2288 1394 putarunt,
2323 1331 2418 1380 ista
2443 1339 2585 1379 aetate
2617 1331 2702 1378 vix
2735 1331 2790 1379 in

1661 1395 1956 1458 vituperium
1991 1405 2246 1452 venerunt,
2279 1404 2331 1442 et
2365 1411 2427 1444 ex
2461 1407 2640 1444 nostrae
2673 1395 2791 1444 vitae

1659 1459 1854 1507 fastidio
1875 1467 1927 1506 et
1957 1460 2206 1507 stomacho
2238 1458 2384 1507 ducta
2415 1469 2544 1507 sunt.
2611 1459 2665 1506 si
2700 1475 2790 1508 sex

1660 1523 1954 1586 posteriores
1991 1523 2104 1571 libri
2147 1537 2246 1570 non
2287 1538 2426 1585 aeque
2465 1522 2789 1572 delectatione

1661 1596 1834 1635 tenent
1855 1586 2043 1635 animos
2065 1601 2255 1648 magnoe
2279 1585 2516 1635 lectorum
2538 1585 2705 1652 partis,
2729 1603 2789 1635 ac

1663 1651 1877 1715 priores;
1911 1667 2106 1699 causam
2133 1653 2238 1712 ejus
2258 1651 2332 1698 rei
2365 1651 2506 1698 facile
2541 1653 2786 1713 assequor.

1662 1714 1744 1764 Ad
1782 1730 1871 1762 sex
1911 1715 2205 1779 posteriores
2241 1715 2391 1762 libros
2428 1714 2788 1778 intelligendos,

1662 1778 1897 1827 doctrinae
1933 1778 2064 1826 haud
2103 1778 2316 1840 vulgaris
2349 1779 2491 1842 copia
2526 1794 2790 1842 rerumque

1661 1842 1874 1905 antiquae
1900 1842 2056 1890 Italiae
2077 1842 2282 1890 scientia
2306 1841 2596 1904 requiritur;
2631 1843 2676 1891 is
2697 1857 2786 1892 au-

1662 1915 1764 1954 tem
1795 1907 1881 1968 qui
1914 1906 1968 1953 in
1999 1909 2146 1954 rebus
2179 1916 2400 1954 versatur
2433 1921 2606 1969 parurn
2641 1907 2789 1964 notis,

1659 1971 1878 2033 adeoque
1913 1970 2204 2027 difficilibus,
2227 1969 2315 2019 ubi
2350 1969 2529 2018 laboris
2563 1970 2792 2019 molestia

1661 2035 1959 2098 voluptatem
1991 2034 2256 2098 intercipit,
2280 2049 2379 2081 non
2412 2033 2552 2081 facile
2575 2036 2682 2096 ejus
2713 2036 2791 2083 rei

1658 2113 1854 2146 causam
1889 2098 1942 2145 in
1981 2114 2034 2147 se
2073 2099 2306 2146 latentem
2439 2097 2575 2155 oscit,
2610 2098 2700 2145 sed
2733 2099 2788 2146 in

1659 2171 1854 2210 auctore
1877 2161 1948 2209 rei
1971 2177 2079 2224 quae
2101 2161 2301 2210 taedium
2387 2161 2553 2209 erebat
2572 2162 2787 2226 reperit:

1661 2226 1782 2274 adeo
1803 2225 2000 2272 difficile
2023 2236 2099 2273 est
2129 2226 2182 2272 in
2213 2241 2267 2274 se
2293 2225 2604 2283 descendere,
2627 2235 2680 2274 et
2704 2229 2786 2288 Ju-

1659 2289 1778 2337 dicii
1799 2290 1876 2338 sui
1894 2305 2064 2338 causas
2087 2289 2342 2351 exquirere
2363 2289 2590 2337 occultas.

1733 2357 1772 2411 l,
1799 2356 1842 2400 2.
1883 2355 2068 2410 Caieta,
2093 2368 2200 2415 quae
2232 2352 2284 2400 in
2307 2351 2385 2400 his
2415 2352 2535 2400 locis
2563 2352 2786 2410 moritur,

1662 2417 1897 2465 memoria
1917 2416 1970 2464 in
1993 2418 2166 2464 AEneoe
2189 2415 2432 2464 erroribus
2462 2431 2560 2463 non
2583 2418 2789 2466 obscura

1661 2491 1790 2535 eratg
1839 2489 1887 2528 et
1921 2478 2240 2544 promontorii
2271 2489 2536 2544 portusque
2567 2489 2620 2528 et
2651 2482 2786 2530 urbis

1659 2560 1838 2593 nomen
1869 2544 1923 2592 in
1958 2545 2090 2592 Latii
2123 2553 2174 2592 et
2206 2544 2490 2608 Campaniae
2521 2543 2702 2592 finibus
2723 2547 2786 2593 ab

1659 2624 1720 2656 ea
1746 2609 1946 2656 ductum
1977 2608 2125 2670 vulgo
2157 2608 2414 2657 ferebatur.
2473 2608 2622 2656 Varie
2655 2617 2782 2657 trac-

1661 2681 1809 2720 tatam
1843 2687 1950 2720 esse
1983 2673 2194 2720 fabulam
2225 2687 2290 2720 ex
2323 2687 2382 2720 eo
2413 2687 2474 2736 ap
2567 2682 2630 2728 et,
2655 2673 2787 2735 quod

1658 2736 1742 2784 alii
1777 2737 1962 2794 AEneae,
1988 2736 2072 2784 alii
2103 2737 2315 2794 Creusoe,
2339 2735 2424 2784 alii
2455 2687 2656 2784 Aestii-aiiii
2690 2751 2782 2784 nu-

1659 2799 1828 2848 tricem
1857 2801 2076 2848 Caietam
2111 2799 2378 2848 ediderant.
2439 2799 2659 2849 Nutricis
2692 2815 2779 2848 au·

1660 2874 1758 2912 tem
1785 2864 1840 2912 in
1872 2873 2040 2912 vetere
2077 2863 2192 2922 vita,
2227 2874 2284 2912 ut
2317 2863 2582 2912 educandis
2615 2864 2786 2928 pueris

1657 2929 1906 2992 praecipua
1925 2943 2088 2992 opera,
2123 2927 2192 2976 ita
2218 2943 2395 2990 magns
2415 2937 2522 2976 erat
2551 2943 2782 2977 reveren-

1659 2992 1738 3050 tia,
1761 3003 1815 3039 ut
1836 2991 2075 3066 parentali
2098 3008 2157 3039 ea
2176 2992 2360 3056 pietate
2381 2992 2635 3040 coleretur.
2681 2993 2784 3041 Rea

1655 3055 1881 3120 inprimis
1913 3055 1965 3102 in
1999 3055 2198 3118 tragicis
2231 3055 2386 3104 obvia.
2459 3054 2598 3104 Facit
2633 3055 2779 3104 etiam

1655 3119 1734 3167 hic
1761 3122 2004 3182 ¹justorum
2033 3119 2212 3167 nutrici
2245 3120 2522 3183 persolutus
2541 3120 2698 3168 honos
2719 3120 2782 3168 ad

1656 3185 1828 3232 AEneae
1868 3184 2098 3248 pietatem
2139 3183 2491 3232 declarandam.
2565 3185 2690 3233 Haec
2730 3193 2783 3232 et

1654 3248 1832 3296 similia
1862 3248 2076 3310 cogitare
2099 3247 2245 3296 debet
2276 3248 2333 3307 is,
2357 3248 2438 3296 cui
2468 3248 2574 3296 base
2597 3249 2782 3296 Caietae

1653 3313 1940 3362 memoratio
1979 3311 2126 3359 nimis
2164 3311 2358 3360 videtur
2391 3327 2498 3360 esse
2535 3312 2698 3360 tenuis
2729 3322 2782 3361 et

1653 3377 1794 3441 epico
1814 3375 1991 3440 spiritu
2013 3375 2228 3438 indigna.

1731 3443 1776 3498 3,
1817 3443 1863 3487 4.
1919 3438 2204 3488 Etiamnum
2255 3448 2410 3488 servat
2451 3443 2586 3488 honos
2629 3443 2780 3488 sedem

1654 3512 1774 3562 tum,
1811 3503 2067 3566 exquisite,
2104 3519 2208 3568 pro,
2241 3505 2398 3552 honos
2431 3497 2569 3551 adest
2604 3504 2778 3564 adhuc,
2879 3515 2890 3522 ·

1653 3577 1890 3631 superest,
1923 3577 2146 3616 servatur
2179 3567 2285 3616 sedi
2319 3575 2442 3623 tuan
2487 3568 2662 3616 mmuli
2705 3568 2778 3616 tui

1653 3641 1789 3680 extat
1821 3632 1978 3680 adhuc
2017 3631 2279 3680 memoria:
2327 3633 2457 3680 sedes
2487 3647 2578 3695 pro
2611 3632 2776 3696 sepul-

1649 3696 1781 3753 chro,
1805 3705 1862 3744 ut
1893 3695 1956 3751 vi,
1985 3697 2091 3743 152.
2148 3698 2304 3744 Honos
2325 3709 2414 3758 pro
2437 3693 2580 3743 titulo
2603 3705 2654 3744 et
2685 3711 2774 3744 no—

1649 3759 1796 3816 mine,
1843 3775 1932 3808 seu
1981 3759 2130 3808 inseri
2169 3769 2219 3806 ω
2261 3773 2351 3808 seu
2389 3758 2520 3807 fama
2563 3759 2776 3822 vulgato,

1651 3838 1800 3886 supra
1823 3822 1885 3881 vi,
1911 3823 2020 3873 507.
2079 3824 2124 3871 A
2147 3835 2319 3882 terum,
2353 3840 2455 3871 oua
2487 3839 2644 3872 nomeu
2675 3828 2774 3886 sig-

1649 3893 1745 3944 nat,
1781 3885 1953 3935 eodem
1983 3885 2086 3936 fere
2119 3886 2272 3935 redit:
2309 3903 2465 3936 nomen
2498 3895 2574 3935 est
2607 3887 2780 3936 titulus

1649 3950 2490 4079 {zssffl‘zk‘izffiwmrfflmw
2489 3951 2780 4080 mex

1649 4093 1844 4136 ornans.
1894 4081 1946 4127 Si
2075 4087 2146 4127 est
2165 4095 2222 4127 ea
2239 4082 2404 4142 gloria.
2473 4079 2778 4144 Interpretee

1648 4157 1680 4190 a
1701 4143 1871 4191 Servio
1901 4141 1956 4191 in
1989 4158 2018 4190 e
2039 4142 2288 4208 accipiunt
2315 4144 2456 4206 quasi
2485 4143 2672 4192 dictum
2693 4144 2776 4202 sit,

1648 4205 1692 4254 si
1723 4207 1832 4269 quis
1855 4223 2026 4256 sensus
2057 4209 2163 4270 ejus
2193 4207 2364 4270 gloriae
2383 4208 2446 4256 ad
2477 4207 2661 4257 inferos
2683 4219 2774 4258 est.

1649 4271 1818 4319 Bonus
1847 4285 2032 4320 sensm.
2090 4273 2257 4320 Verba
2278 4281 2442 4320 tamen
2462 4272 2556 4320 hoc
2583 4283 2774 4320 tantum

1647 4334 1936 4396 subjiciunt:
1973 4345 2346 4399 quantacunque
2367 4353 2426 4386 ea
2445 4335 2600 4399 gloria
2621 4345 2712 4384 est.

1713 4399 1854 4450 7—9.
1895 4401 2064 4450 Tendit
2091 4405 2182 4450 iter
2212 4404 2338 4462 velis,
2371 4417 2462 4464 per
2483 4401 2594 4449 vela
2623 4410 2774 4450 vento
