3050 4934
1218 256 1559 343 LIBER
1606 258 1692 325 v.

2481 268 2613 331 363

456 398 629 484 Ipsis
660 403 1027 488 praecipuos
1057 405 1440 473 ductoribus
1472 410 1657 474 addit
1685 409 2003 475 honores:

263 500 413 565 250
457 499 711 567 Victori
739 503 1145 590 chlamydem
1174 518 1487 588 auratam,
1518 532 1716 594 quam
1743 511 2022 596 plurima
2049 514 2291 579 circum

457 604 763 690 Purpura
793 605 1139 674 Maeandro
1170 610 1413 694 duplici
1444 610 1763 677 Meliboea
1793 615 2115 692 cucurrit;

454 704 886 792 Intextusque
918 732 1085 793 puer
1112 710 1425 777 frondosa
1452 714 1672 797 regius
1702 714 1824 778 Ida

324 810 382 857 -'
455 805 738 873 Veloces
759 810 983 894 jaculo
1010 834 1237 876 cervos
1268 836 1596 897 cursuque
1628 814 1860 899 fatigat

453 905 653 986 Acer,
686 909 1017 977 anhelanti
1048 913 1291 991 similis,
1322 937 1517 999 quem
1546 938 1804 1000 praepes
1835 917 1921 981 ab
1949 917 2072 983 Ida

266 1008 413 1071 255
458 1008 811 1075 Sublimem
838 1014 1120 1097 pedibus
1151 1016 1371 1099 rapuit
1398 1015 1445 1079 J
1447 1017 1582 1081 ovis
1614 1019 1894 1101 armiger
1922 1020 2142 1083 uncis:

455 1109 769 1196 Longaevi
798 1113 1046 1198 palmas
1076 1116 1517 1200 nequidquam
1547 1118 1632 1180 ad
1663 1118 1876 1182 sidera
1907 1121 2187 1185 tendunt

452 1212 815 1292 Custodes3
864 1216 1175 1299 saevitque
1205 1238 1435 1280 canum
1463 1216 1738 1283 latratus
1769 1220 1834 1282 in
1865 1242 2080 1285 auras·

452 1314 549 1379 At
578 1318 693 1399 qui
722 1317 959 1381 deinde
989 1316 1199 1381 locum
1230 1319 1441 1383 tenuit
1468 1320 1706 1384 virtute
1739 1323 2120 1399 secundum,

452 1415 740 1481 Levibus
769 1417 921 1482 huic
950 1418 1157 1482 hamis
1188 1431 1554 1483 consertam
1584 1442 1875 1506 auroque
1905 1422 2176 1487 trilicem

266 1516 411 1581 260
454 1514 777 1595 Loricam,
809 1542 1002 1602 quam
1033 1518 1353 1584 Demoleo
1384 1521 1762 1587 detraxerat
1789 1525 1930 1607 ipse

451 1616 683 1683 Victor
709 1620 887 1703 apud
914 1620 1215 1704 rapidum
1245 1621 1578 1685 Simoenta
1609 1625 1730 1687 sub
1761 1622 1881 1688 Ilio
1911 1624 2066 1703 alto,

453 1719 677 1784 Donat
702 1720 947 1785 habere
978 1722 1137 1798 vir0,
1169 1722 1371 1787 decus
1401 1733 1470 1786 et
1498 1734 1790 1789 tutamen
1815 1726 1882 1787 in
1912 1728 2126 1790 armis,

450 1818 584 1884 Vix
614 1819 786 1884 illam
813 1819 1031 1885 famuli
1063 1821 1371 1907 Phegeus
1403 1823 1798 1909 Sagarisque
1830 1826 2130 1892 ferebant

450 1920 905 2007 Multiplicem,
938 1924 1199 1988 connixi
1228 1924 1551 2003 humeris3
1595 1927 1863 1992 indutus
1894 1937 1964 1991 at
1993 1927 2142 1993 olim

266 2024 407 2088 265
451 2023 803 2089 Demoleos
834 2046 1031 2089 cursu
1060 2023 1355 2109 palantes
1387 2026 1602 2090 Troas
1639 2029 1898 2111 agebat.

447 2124 679 2191 Tertia
709 2126 882 2189 dona
910 2126 1065 2191 facit
1092 2128 1382 2210 geminos
1412 2150 1497 2192 ex
1526 2150 1658 2192 aere
1687 2127 1936 2194 lebetas
1959 2156 1975 2207 ;

448 2228 847 2312 Cymbiaque
878 2238 1150 2311 argento
1177 2227 1491 2312 perfecta,
1522 2240 1720 2313 atque
1749 2253 1984 2315 aspera
2019 2233 2241 2315 signis.

447 2329 725 2413 Jamque
756 2329 923 2394 adeo
952 2329 1177 2393 donati
1207 2351 1451 2407 omnes,
1482 2332 1848 2416 opibusque
1879 2335 2169 2417 superbi,

450 2430 749 2496 Puniceis
781 2432 961 2494 ibant
989 2431 1227 2495 evincti
1253 2442 1548 2516 tempora
1577 2430 1802 2509 toen‘is;

343 2686 614 2737 250-—257.
674 2686 829 2733 Victor
865 2684 1027 2750 primo
1068 2682 1177 2733 loco
1218 2683 1395 2734 Cloan-

268 2752 415 2808 thus3
451 2761 503 2799 at
534 2767 579 2799 v.
617 2752 725 2807 258,
762 2749 914 2798 altero
944 2750 1065 2807 loco,
1092 2750 1396 2809 Mnestheus,

268 2825 329 2865 et
348 2832 391 2863 v.
431 2816 541 2874 266,
566 2814 723 2873 tertio,
761 2816 906 2878 Gyas.
963 2814 1132 2863 Vestis
1166 2829 1285 2862 auro
1318 2814 1396 2861 in-

270 2890 427 2937 texta,
462 2890 518 2929 ut
550 2878 651 2937 viii,
695 2878 813 2935 167;
850 2879 1001 2942 igitur
1036 2878 1203 2941 flgurae
1238 2893 1398 2926 aureae

266 2954 441 3001 erant3
475 2953 713 3008 praetexta
746 2943 897 2992 limbo
932 2958 1180 3007 purpureo
1214 2942 1396 3007 duplici

264 3010 491 3063 intexto;
534 3024 678 3071 quem
717 3008 1107 3071 quandoquidem
1144 3006 1307 3055 cinctu
1346 3016 1397 3055 et

264 3073 287 3122 i
330 3088 384 3121 so
416 3073 597 3121 amictu
752 3082 833 3120 tur
868 3072 1033 3129 vestis,
1060 3080 1111 3119 et
1130 3072 1225 3119 alia
1256 3084 1395 3136 parte

304 3137 458 3196 efluit,
483 3137 577 3185 alia
589 3146 691 3186 atto
710 3137 841 3195 litur,
856 3136 1163 3185 ornatissime
1176 3136 1392 3199 descrip-

263 3202 352 3252 sit.
409 3204 649 3251 Maeauder
668 3200 846 3250 fluvius
872 3200 955 3275 qui
976 3200 1106 3249 inter
1129 3200 1323 3249 Cariam
1346 3209 1397 3248 et

266 3266 478 3331 Lydiam
511 3266 693 3325 defluit,
726 3265 1009 3314 notissimus
1048 3274 1153 3313 tum
1186 3263 1394 3313 flexibus

264 3332 388 3391 suis,
424 3342 529 3379 tum
564 3340 817 3395 poetarum
849 3330 901 3378 in
932 3346 991 3379 eo
1023 3329 1240 3378 ornando
1272 3338 1389 3376 arte.

266 3398 493 3459 Melilqoea
530 3395 704 3453 insula,
738 3395 792 3443 in
830 3394 1031 3443 Orontis
1068 3394 1221 3457 Syriae
1255 3392 1393 3442 fluvii

264 3460 411 3510 ostiis
432 3460 551 3509 sita:
577 3458 765 3509 scilieet
787 3458 839 3507 in
860 3460 945 3508 illo
966 3459 1131 3507 littore
1154 3457 1393 3505 muricum

260 3525 542 3587 frequentia
557 3534 674 3573 nota
689 3533 777 3573 est.
830 3524 1048 3572 Textura
1062 3524 1114 3570 in
1131 3522 1239 3586 ipsa
1255 3530 1391 3572 veste

262 3606 334 3639 ex
368 3600 509 3647 auro,
544 3604 692 3653 opere
731 3588 959 3653 Phrygio.
1016 3589 1389 3650 Argumentum,

262 3655 323 3703 in
358 3654 569 3717 antiquae
606 3654 727 3702 artis
770 3654 1000 3717 operibus
1042 3652 1254 3710 obvium,
1289 3667 1389 3699 non

262 3718 483 3769 alienum
515 3727 620 3767 erat
651 3720 712 3766 ab
743 3718 835 3765 hac
858 3726 1065 3774 textura,
1090 3732 1199 3765 cum
1223 3718 1388 3779 Gany-

260 3783 434 3833 medes
456 3782 519 3831 ad
536 3783 711 3831 AEneae
730 3798 887 3845 genus
903 3789 1157 3846 spectaret.
1213 3782 1391 3829 Veloees

248 3850 421 3912 jaculo
436 3864 587 3896 cervos
599 3864 821 3909 cursuque
825 3845 1026 3909 fatigat,
1042 3846 1087 3893 h.
1105 3861 1146 3893 e.
1169 3855 1386 3903 venatur,

260 3928 367 3961 non
404 3912 466 3960 ad
510 3911 751 3975 picturam
792 3920 1027 3975 spectant,
1070 3910 1155 3958 sed
1199 3919 1387 3958 tantum

258 3976 455 4041 poetice
497 3975 787 4040 interposita
816 3984 945 4035 sunt,
978 3990 1090 4023 cum
1125 3974 1177 4022 in
1212 3982 1389 4022 venatu

261 4053 434 4105 raptus
458 4050 587 4089 esset
616 4056 753 4104 puer.
810 4043 1027 4103 Amiger
1057 4042 1183 4087 Iovis
1208 4056 1389 4101 praepes

252 4105 580 4179 Jungendum,
614 4104 855 4169 suppleto,
893 4104 937 4153 si
974 4104 1148 4169 placet,
1180 4106 1290 4162 ales,
1324 4104 1387 4151 de

258 4170 451 4233 aquilin
488 4178 572 4217 aut
592 4186 722 4232 quem
738 4186 917 4231 praepes
943 4172 1115 4231 rapuit,
1140 4168 1384 4217 velociter.

262 4236 518 4283 Tendentes
562 4236 756 4296 palmae,
800 4233 1015 4297 graviter
1060 4232 1284 4291 serentes,
1330 4248 1386 4281 ac

258 4300 465 4347 deorum
482 4298 627 4346 fidem
643 4298 973 4363 implorantes.
1022 4300 1265 4347 Custodes.-
1288 4298 1384 4345 vid.

258 4364 349 4411 inf.
374 4362 437 4412 ad
465 4364 573 4411 546.
633 4365 774 4413 Saem't
808 4367 1009 4412 latratus
1044 4366 1095 4411 in
1128 4380 1281 4421 aurae,
1306 4377 1383 4411 or-

257 4438 388 4477 nate.

1531 2684 1802 2733 258—261.
1853 2684 2027 2735 Altero
2055 2686 2175 2736 'loco
2219 2688 2374 2738 victor
2415 2690 2586 2741 Mnes-

1464 2750 1620 2797 theus.
1657 2752 1826 2798 Lorica
1859 2765 1949 2825 pro
1977 2752 2186 2825 praemio
2219 2754 2366 2803 etiam
2384 2754 2437 2803 in
2460 2756 2588 2805 ludis

1463 2813 1673 2863 Achillis
1687 2825 1911 2873 occurrit,
1930 2815 2070 2863 lhad.
2089 2820 2138 2878 ψ,
2160 2818 2282 2873 56ος
2306 2828 2420 2867 utet
2436 2820 2584 2879 lebes,

1462 2893 1505 2925 v.
1528 2879 1638 2926 613.
1695 2882 1863 2927 Hamis
1876 2887 2125 2929 consertam
2141 2898 2338 2944 auroque
2358 2886 2554 2933 trilicem
2569 2906 2587 2933 .-

1462 2942 1560 2990 vid.
1581 2959 1687 3007 sup.
1719 2943 1789 3001 iii,
1815 2943 1938 2993 467:
1975 2954 2051 2993 est
2081 2942 2373 2996 ἁλυσιδυτὸς
2406 2948 2586 3013 triplici

1461 3008 1752 3055 annulorum
1771 3008 1910 3057 serie.
1965 3009 2035 3057 Ut
2052 3008 2197 3058 trinis
2211 3009 2353 3069 liciis,
2371 3028 2460 3061 seu
2473 3014 2585 3073 filis,

1461 3080 1598 3120 texta
1635 3072 1786 3121 vestis
1823 3072 2031 3121 crassior
2075 3090 2130 3121 ac
2170 3075 2372 3139 spissior
2411 3086 2486 3126 est
2523 3079 2588 3129 ad

1460 3138 2168 3251 ssszfaesszzz‘ssffizfflffiss
2189 3141 2584 3257 ww:

1458 3282 1573 3322 men,
1619 3264 1768 3313 Hom.
1825 3265 1967 3323 δηΐων
2009 3266 2187 3329 ἅνδρόν
2229 3269 2454 3333 ἀλεωρήν.
2526 3275 2586 3321 In

1457 3333 1614 3385 armis.
1641 3329 1718 3377 vel
1751 3329 1883 3377 inter
1913 3346 2144 3394 pugnam,
2169 3334 2246 3381 vel
2269 3337 2375 3397 ejus
2395 3337 2582 3385 armati.

1457 3392 1558 3441 Sed
1577 3393 1700 3441 illud
1719 3403 1934 3458 praestat.

1522 3459 1794 3507 262-265.
1851 3462 2010 3509 Donat
2041 3463 2222 3517 habere,
2251 3464 2400 3511 δῶκεν
2431 3463 2582 3523 ἄγειν,

1458 3521 1599 3571 Iliad.
1647 3526 1698 3584 ψ,
1745 3524 1855 3581 612,
1901 3524 2012 3571 613.
2087 3525 2408 3584 Multiplieem,
2455 3528 2584 3589 quod

1454 3586 1623 3635 multis
1658 3586 1948 3635 annulorum
1983 3587 2192 3634 nexibus
2226 3588 2416 3651 pondus
2445 3606 2580 3654 mag·-

1454 3666 1574 3699 num
1595 3650 1817 3699 habebat.
1882 3652 1972 3698 Vax
1993 3652 2374 3701 illam—*indutus
2393 3663 2445 3702 at
2461 3658 2582 3703 olim.

1459 3715 1522 3763 111
1563 3715 1848 3764 memoriam
1881 3716 2226 3775 revocandum,
2267 3716 2496 3768 heroibus
2533 3733 2586 3769 et

1456 3780 1656 3828 omnino
1693 3778 1870 3845 priscis
1906 3779 2186 3829 hominibus
2221 3780 2367 3831 tribui
2405 3784 2583 3832 molem

1454 3844 1688 3908 eorporis,
1710 3845 1875 3903 robur,
1899 3860 1956 3893 ac
1979 3844 2108 3894 vires
2124 3846 2252 3895 ultra
2273 3862 2582 3899 communem

1452 3908 1708 3958 homiuum
1729 3920 1938 3958 sortem:
1975 3910 2100 3959 bene
2133 3912 2296 3974 itaque
2328 3912 2376 3959 h.
2399 3912 2430 3959 1.
2456 3911 2578 3961 duo-

1453 3990 1564 4025 rum
1588 3990 1615 4022 e
1637 3974 1784 4037 vulgo
1813 3974 2068 4023 hominum
2091 3974 2220 4025 vires
2241 3975 2386 4038 longe
2405 3992 2576 4041 super-

1449 4040 1566 4089 abat
1609 4055 1738 4088 unus
1794 4040 2073 4087 Demoleos.
2136 4041 2358 4088 Palantes
2396 4045 2580 4104 agebat,

1452 4114 1529 4152 est
1553 4102 1876 4151 Homericum
1899 4105 2094 4152 κλονεῖν
2110 4101 2414 4165 ὀρινομένους.

1518 4169 1628 4226 266,
1676 4168 1785 4218 267.
1821 4170 1954 4231 Gyas
1992 4168 2134 4215 tertio
2177 4167 2284 4215 loco
2322 4170 2578 4233 praemium

1453 4232 1580 4281 tulit.
1635 4235 1820 4293 Aspera
1871 4236 2032 4295 cignis,
2078 4232 2376 4296 anaglypha,
2409 4236 2580 4299 figuris

1453 4296 1782 4345 eminentibus
1803 4296 1984 4345 celata.

1520 4362 1629 4408 269.
1665 4362 1880 4409 Puniceis
1903 4363 2086 4409 tenio.-
2119 4362 2253 4425 atqui
2277 4378 2320 4413 v.
2350 4364 2440 4412 110
2461 4369 2574 4415 virt·-

1453 4428 1532 4474 des
1553 4442 1758 4481 coronae5
1793 4436 1843 4473 et
1877 4424 1962 4475 ins.
1997 4428 2108 4484 494,
2141 4430 2283 4476 viridi
2315 4430 2580 4479 Mnestheus
