3050 4934
446 234 569 300 168
1259 234 1923 304 GEORGICON

614 384 863 451 Verum
890 384 1033 450 haec
1062 386 1203 469 ipse
1232 386 1537 470 equidem
1568 388 1794 473 spatiis
1823 386 2132 453 exclusus
2157 386 2394 474 iniquis

612 486 971 565 Praetereo,
1000 497 1199 571 atque
1228 486 1369 553 aliis
1400 500 1554 574 post
1582 510 1684 555 me
1711 490 2128 555 memoranda
2157 488 2476 575 relinquo.

698 586 899 653 Nunc
930 610 1077 673 age,
1108 598 1375 655 naturas
1406 591 1642 675 apibus
1671 613 1834 676 quas
1864 590 2131 677 Jupiter
2158 592 2302 676 ipse

448 689 571 753 150
614 688 919 767 Addidit,
946 691 1328 774 expediam;
1373 714 1497 777 pro
1524 714 1657 775 qua
1684 692 2008 770 mercede,
2031 714 2308 758 canoros

614 791 929 856 Curetum
962 793 1210 857 sonitus
1238 794 1754 879 crepitantiaque
1783 816 1916 859 aera
1945 806 2208 873 secutae,

615 891 876 958 Dictaeo
904 891 1052 958 coeli
1082 914 1301 978 regem
1322 915 1562 979 pavere
1594 898 1718 960 sub
1747 906 1958 961 antro.

615 993 787 1061 Solae
815 1017 1187 1061 communes
1216 1008 1475 1081 gnatoe,
1506 998 1834 1063 consortia
1863 1010 2038 1064 tecta

616 1096 821 1163 Urbis
849 1098 1119 1175 habent,
1144 1097 1525 1184 magnisque
1558 1099 1808 1183 agitant
1837 1101 1962 1164 sub
1990 1098 2246 1185 legibus
2271 1120 2518 1177 aevum3

446 1200 575 1263 155
614 1199 711 1263 Et
738 1199 1015 1284 patriam
1045 1199 1201 1264 solae
1228 1210 1297 1265 et
1325 1210 1548 1285 certos·
1571 1220 1809 1267 novere
1839 1201 2160 1283 Penates;

615 1298 1061 1385 Venturaeque
1086 1299 1315 1365 hiemis
1343 1322 1660 1366 memores
1689 1312 1916 1367 aestate
1943 1300 2233 1367 laborem

615 1402 1091 1487 Experiuntur,
1120 1412 1189 1467 et
1218 1402 1285 1466 in
1314 1402 1598 1467 medium
1625 1404 1901 1486 quaesita
1927 1412 2277 1488 reponunt.

610 1503 917 1589 Namque
946 1502 1089 1569 aliae
1116 1504 1292 1569 victu
1320 1503 1676 1589 invigilant,
1704 1514 1774 1569 et
1796 1503 2047 1569 foedere
2077 1514 2278 1590 pacto

615 1604 1033 1671 Exercentur
1060 1604 1275 1690 agris3
1320 1627 1474 1690 pars
1503 1606 1676 1669 intra
1705 1615 1894 1690 septa
1923 1605 2262 1670 domorum

446 1706 573 1773 160
615 1705 914 1773 Narcissi
940 1705 1289 1785 lacrimam,
1312 1718 1383 1773 et
1400 1705 1650 1773 lentum
1679 1706 1763 1771 de
1793 1707 2032 1773 cortice
2059 1704 2310 1792 gluten,

614 1808 836 1874 Prima
864 1808 1027 1874 favia
1058 1820 1313 1894 ponunt
1340 1807 1739 1886 fundamina,
1770 1807 2010 1873 deinde
2039 1820 2303 1873 tenaces

617 1910 1046 1995 Suspendunt
1072 1931 1257 1975 ceras
1284 1936 1303 1988 3
1347 1908 1511 1987 aliae,
1546 1930 1730 1996 spem
1755 1910 1994 1994 gentis,
2025 1908 2286 1975 adultos

617 2012 933 2078 Educunt
961 2012 1161 2077 foetus
1184 2038 1203 2090 3
1246 2010 1389 2077 aliae
1417 2011 1763 2097 purissima
1787 2008 1978 2075 mella

615 2112 900 2198 Stipant,
930 2124 998 2177 et
1014 2112 1261 2197 liquido
1290 2112 1674 2177 distendunt
1701 2122 1963 2178 nectare
1991 2109 2212 2177 cellas-

447 2215 571 2279 165
614 2214 807 2292 Sunt,
837 2214 1076 2299 quibus
1106 2214 1192 2278 ad
1222 2225 1447 2298 portas
1474 2213 1710 2280 cecidit
1740 2213 2040 2279 custodia
2069 2214 2266 2292 sorti3

616 2316 826 2402 Inque
856 2316 1061 2381 vicem
1094 2314 1515 2401 speculantur
1546 2338 1750 2399 aquas
1781 2326 1850 2380 et
1877 2314 2100 2381 nubila
2127 2314 2312 2394 coeli3

617 2416 761 2485 Aut
790 2437 991 2483 onera
1017 2416 1343 2502 accipiunt
1372 2416 1762 2497 venientum,
1793 2428 1908 2482 aut
1935 2416 2189 2503 agmine
2211 2414 2389 2482 facto

444 2682 701 2761 disposuit,
721 2685 773 2732 ia
793 2698 975 2733 verm.-
1010 2681 1070 2732 cf.
1094 2682 1217 2732 Geo.
1240 2680 1293 2740 ii,
1318 2680 1428 2733 277.
1464 2683 1564 2730 Ac-
1636 2698 1728 2745 qua
1751 2684 1966 2741 mercede,
1985 2697 2077 2747 pro
2109 2697 2168 2731 eo
2191 2680 2322 2746 quod
2407 2695 2535 2740 vere,
2561 2680 2613 2731 iu
2629 2696 2762 2731 mer-

446 2749 547 2813 cipi
570 2748 717 2797 etiam
752 2756 961 2813 possunt
996 2747 1101 2795 haec
1138 2746 1201 2796 de
1237 2747 1566 2811 transplanta·
1632 2746 1803 2795 cedem
1835 2748 1940 2808 ejus
1969 2746 2112 2810 quod.
2173 2746 2252 2795 Ita
2273 2762 2338 2795 vu
2457 2745 2636 2795 dicitur
2667 2762 2762 2809 pre

446 2813 581 2862 tione
604 2814 832 2862 arborum
861 2814 965 2875 jun
1001 2811 1292 2871 adultarum,
1316 2826 1461 2874 quam
1484 2810 1568 2859 ille
1639 2828 1740 2874 qno,
1766 2820 1822 2859 ut
1842 2810 1921 2870 uit,
1979 2826 2036 2859 ro
2057 2826 2118 2859 eo
2138 2810 2281 2875 quod.

446 2876 683 2942 Corycius
724 2892 877 2926 senex
928 2876 1057 2925 felici
1111 2884 1293 2925 eventu
1334 2876 1568 2925 tentabat.
1704 2877 1799 2923 153
1819 2890 1922 2938 sqq.
2012 2875 2058 2923 ic
2079 2875 2216 2925 loeus
2249 2885 2327 2925 est
2357 2890 2422 2923 ex
2453 2874 2758 2950 pratentis·-

452 2942 589 2991 Hine
621 2958 738 2991 sera
778 2940 914 2990 ulmi.
987 2942 1140 2989 Ulmoe
1174 2939 1390 3004 appellat
1426 2956 1570 2998 rems,
1635 2937 1787 2998 simis,
1810 2948 2012 3003 propter
2033 2938 2322 3002 dignitatem
2345 2938 2572 2989 tenuitati
2593 2954 2761 2989 renim

444 3022 547 3055 uon
572 3016 671 3056 tam
692 3022 803 3055 sero
835 3004 1183 3063 adolescentes,
1206 3004 1292 3053 ced
1303 3008 1408 3067 jam
1430 3004 1568 3053 adul-
1638 3002 1868 3060 additam,
1889 3018 1952 3051 ex
1975 3003 2223 3053 translatis
2243 3006 2305 3053 ab
2327 3004 2543 3053 humano
2561 3020 2760 3067 genere.

448 3082 537 3121 tas.
594 3073 733 3120 Piros
749 3073 933 3129 edures,
957 3069 1006 3117 h.
1030 3069 1171 3118 valde
1192 3068 1355 3127 duras,
1369 3069 1568 3117 validas.
1641 3069 1783 3116 Tecta
1821 3072 2048 3117 consortia
2083 3077 2201 3117 aunt
2221 3084 2330 3132 quae
2365 3068 2612 3118 communi
2641 3084 2757 3134 pos-

446 3138 631 3198 Spina,
656 3134 973 3198 oxyacantha,
990 3133 1071 3182 cui
1084 3136 1189 3197 jam
1212 3148 1401 3197 prunus
1422 3132 1574 3181 insita
1635 3131 1855 3180 sessione
1876 3140 2119 3181 tene-ntur.

446 3208 580 3257 erat3
603 3198 1153 3262 deniqueplatcmasjam
1171 3198 1411 3247 umbrosa.
1447 3200 1567 3260 Spa-
1703 3195 1972 3247 157—159.
2007 3198 2068 3244 In
2097 3200 2309 3256 medium,
2331 3196 2386 3245 in
2407 3212 2684 3257 mnmune,
2706 3198 2760 3247 in

448 3267 530 3313 tiis
570 3266 755 3325 iniquis,
794 3262 955 3327 spatio
997 3260 1145 3310 nimis
1180 3272 1403 3338 angusto,
1438 3262 1572 3311 intra
1635 3260 1896 3310 utilitatem
1935 3260 2170 3310 omnium.
2225 3262 2347 3311 Geo-
2375 3260 2415 3337 ξ,
2453 3262 2560 3321 127,
2585 3264 2642 3311 In
2665 3280 2760 3311 nne-

445 3328 577 3393 quod
594 3341 793 3376 cursum
814 3342 959 3376 auum
980 3334 1148 3375 tenere
1168 3336 1372 3391 cogitur.
1633 3328 1760 3375 diam
1799 3329 2077 3387 querebant.
2135 3326 2338 3375 Partuae
2373 3335 2508 3375 mter
2549 3342 2604 3375 se
2703 3342 2764 3377 ua
2809 3334 2816 3341 ’

516 3392 787 3442 149—152.
832 3392 909 3440 De
954 3406 1008 3440 re
1044 3390 1237 3455 privata
1274 3406 1331 3439 ac
1374 3389 1571 3454 publica
1635 3406 1692 3438 ac
1722 3405 1927 3438 munera
1946 3400 2080 3439 certo
2113 3390 2284 3438 ordine
2325 3390 2441 3453 (hoc
2481 3400 2558 3439 est
2573 3389 2622 3467 f
2735 3410 2764 3441 e

448 3470 775 3571 aaa*
802 3454 1049 3577 ma,
1060 3454 1423 3569 erza
1456 3454 1574 3568 ς”.ς
1629 3454 1809 3577 aaa:
1827 3452 2764 3583 mcv-meam

447 3587 528 3637 vel
551 3602 615 3636 ex
635 3586 827 3635 Gallim.
854 3585 921 3635 Η.
946 3585 999 3634 in
1018 3584 1125 3634 δον.
1144 3586 1209 3633 49
1232 3600 1334 3647 sqq.
1381 3585 1570 3633 Obscu-
1637 3592 1908 3633 exer-cetum
1955 3586 2102 3659 agris,
2147 3582 2371 3632 discursu
2409 3591 2484 3631 et·
2505 3584 2765 3648 vagatione

450 3652 583 3701 riura
613 3660 780 3699 tamen
812 3660 929 3699 sunt
958 3649 1045 3698 illa
1076 3648 1138 3697 ad
1162 3664 1271 3713 quae
1298 3650 1443 3698 Maro
1464 3649 1513 3696 h.
1539 3648 1570 3697 l.
1637 3658 1893 3705 vexantur,
1919 3646 2200 3713 fatigantur,
2223 3664 2314 3713 per
2349 3662 2520 3711 εει-ως
2556 3658 2612 3697 ut
2629 3664 2766 3713 aaepe

448 3715 696 3781 respexit3
740 3730 895 3778 eoque
933 3712 1275 3777 interpretatio
1314 3728 1413 3761 non
1453 3712 1574 3761 satis
1636 3716 1837 3761 exerceri
1881 3715 2125 3773 laboribus,
2171 3730 2318 3776 opere,
2364 3711 2589 3772 dicimur,
2633 3714 2763 3777 quod

451 3790 571 3839 tuta,
604 3778 832 3844 inprimis
852 3788 1053 3843 propter
1080 3778 1228 3827 verba
1246 3794 1331 3839 pro
1344 3794 1435 3839 qua
1451 3794 1570 3825 mer-
1639 3786 1916 3826 tractamus.

450 3848 572 3894 cede.
630 3846 893 3909 Appouam
926 3842 1056 3905 quod
1082 3844 1185 3905 jam
1219 3840 1335 3891 olim
1364 3841 1573 3907 praetuli.
1711 3842 1978 3889 160—164.
2015 3843 2232 3889 Nan-lm·
2269 3844 2522 3901 luerim
2552 3850 2759 3905 guttam,

448 3910 625 3959 Jovem
646 3923 857 3973 puerum
878 3922 1011 3971 apes,
1033 3905 1219 3955 allectae
1233 3908 1455 3969 cymbalis
1480 3908 1573 3954 Ca·
1643 3914 1826 3963 nectar,
1861 3906 2116 3954 humorem
2159 3905 2354 3955 dulcem
2383 3922 2474 3955 seu
2517 3905 2762 3965 melleum,

448 3982 613 4031 ret-u,
637 3976 723 4022 aab
758 3980 892 4022 antro
926 3970 1109 4021 montis
1140 3972 1302 4019 Dicte:
1340 3970 1394 4018 in
1426 3972 1578 4019 Creta
1639 3985 1785 4032 quem
1809 3968 1940 4017 imus
1968 3969 2144 4019 florum
2161 3970 2304 4035 calyx
2325 3969 2546 4020 exsudat.
2603 3973 2762 4029 Facio,

442 4046 673 4099 panorm!
694 4037 867 4093 mellez
902 4052 993 4101 pro
1015 4050 1073 4085 ea
1095 4050 1164 4093 re,
1190 4044 1419 4097 tauquam
1442 4050 1572 4083 mer·
1639 4033 1828 4083 cellulis
1863 4033 1958 4082 mel
1995 4034 2292 4100 recepturis;
2317 4033 2610 4099 fundanium,
2645 4049 2760 4099 pro·

446 4102 583 4150 cedia
604 4118 660 4151 ac
684 4102 872 4166 praemii
895 4101 1018 4158 loco,
1042 4100 1215 4149 miram
1236 4099 1378 4157 hauc,
1403 4109 1453 4148 et
1475 4099 1568 4148 hu·
1636 4098 1787 4164 polin.
1839 4101 2124 4149 Distendm
2143 4108 2328 4149 nectare
2363 4102 2519 4158 celles,
2541 4099 2762 4148 ornatius

448 4182 595 4215 mano
628 4166 829 4229 ingenio
862 4164 1071 4214 similem
1110 4172 1335 4213 natm-am
1368 4180 1570 4229 accepe-
1637 4180 1782 4227 quam
1826 4164 2034 4239 replent,
2082 4164 2310 4228 explent3
2359 4178 2476 4211 nam
2526 4165 2762 4225 majorem

452 4239 582 4279 runt.
631 4230 825 4279 Extulit
840 4232 943 4279 haec
964 4238 1108 4295 poeta
1124 4229 1349 4277 inverse:
1378 4238 1578 4278 naturas
1642 4227 1988 4277 abundantiam
2008 4245 2062 4277 re
2099 4237 2360 4278 raesentare
2378 4226 2542 4276 animo
2556 4227 2764 4286 videtur,

449 4296 539 4343 has
560 4294 743 4343 indidit
775 4294 976 4359 Jupiter
1010 4294 1185 4359 apibus
1224 4309 1315 4369 pro
1351 4293 1578 4343 mercede
1642 4294 1772 4357 quod
1795 4294 1917 4342 adeo
1938 4293 2030 4342 cell
2085 4308 2222 4342 arum
2235 4292 2390 4341 latera
2403 4302 2592 4340 tumere
2603 4292 2762 4341 faciat.

453 4361 575 4473 gua,
608 4358 1145 4472 quqifieumegttlaiqrum
1183 4358 1299 4407 olum
1338 4367 1578 4421 paveram.
1713 4358 1834 4471 1662.
1855 4357 1936 4407 An
1961 4358 2110 4407 futuri
2133 4357 2235 4407 sint
2253 4356 2452 4416 imbres,
2477 4370 2540 4405 ne
2561 4356 2764 4419 reliqum

504 4440 599 4474 unc
638 4440 692 4473 re
784 4438 841 4473 ve
876 4438 903 4471 r
1036 4438 1119 4473 um
1150 4440 1239 4485 pro
1272 4440 1364 4487 qua
1396 4440 1462 4483 re,
1491 4440 1580 4485 pro
1643 4438 1799 4473 exeau
2483 4448 2489 4455 ·
