3050 4934
1176 271 1518 340 LIBER
1566 276 1620 342 1.
2471 281 2555 343 85

417 417 676 485 Tenuia
702 441 824 485 nec
853 419 1020 485 lanae
1047 442 1170 506 per
1197 421 1434 488 coelum
1461 423 1702 491 vellera
1730 425 1921 506 ferri3

415 520 574 585 Non
601 523 898 606 tepidum
927 523 1012 586 ad
1045 521 1246 587 solem
1275 546 1524 608 pennas
1554 527 1621 590 in
1650 525 1867 592 littore
1896 529 2195 612 pandunt

413 621 694 687 Dilectoe
723 623 996 688 Thetidi
1025 623 1365 708 alcyones3
1409 649 1545 692 non
1572 650 1687 692 ore
1718 628 1967 694 solutos

233 723 366 787 400
411 722 732 790 Immundi
760 726 1108 790 meminere
1139 748 1292 790 sues
1312 728 1568 811 jactare
1596 729 1951 815 maniplos:

409 823 508 889 At
535 825 792 890 nebulae
820 828 1025 910 magis
1055 829 1184 890 ima
1211 838 1470 912 petunt,
1501 852 1863 916 campoque
1892 833 2317 910 recumbunt;

412 925 585 990 Solis
613 938 682 990 et
711 949 1014 992 occasum
1044 949 1308 993 servans
1340 930 1424 994 de
1455 930 1730 996 culmine
1763 955 2015 996 summo

411 1027 880 1112 Nequidquam
911 1049 1094 1092 seros
1123 1041 1391 1095 exercet
1419 1043 1661 1097 noctua
1688 1043 1943 1096 cantus.

408 1127 718 1214 Apparet
741 1127 989 1214 liquido
1021 1129 1308 1195 sublimis
1341 1132 1407 1194 in
1438 1153 1591 1195 aere
1619 1132 1853 1209 Nisus,

229 1230 366 1294 405
411 1229 512 1294 Et
536 1253 656 1315 pro
684 1253 1022 1316 purpureo
1050 1253 1282 1316 poenas
1311 1232 1428 1296 dat
1459 1231 1677 1316 Scylla
1708 1233 1977 1318 capillo:

410 1332 847 1416 Quacumque
875 1331 985 1396 illa
1013 1331 1220 1396 levem
1249 1331 1506 1416 fugiens
1536 1344 1716 1399 secat
1743 1334 1993 1398 oethera
2020 1337 2276 1419 pennis,

410 1431 590 1496 Ecce
617 1433 936 1509 inimicuS,
969 1443 1184 1510 atrox,
1211 1455 1448 1517 magno
1478 1435 1760 1499 stridore
1790 1456 1909 1520 per
1938 1459 2133 1500 auras

415 1532 791 1617 Insequitur
819 1534 1068 1612 'Nisus3
1113 1557 1245 1619 qua
1275 1557 1344 1599 se
1375 1535 1503 1602 fert
1533 1535 1743 1601 Nisus
1771 1537 1856 1600 ad
1887 1560 2103 1614 aurae,

409 1631 528 1695 Illa
554 1633 762 1697 levem
790 1633 1048 1718 fugiens
1080 1636 1316 1719 raptim
1347 1647 1525 1700 secat
1555 1636 1803 1702 aethera
1830 1639 2086 1721 pennis.

227 1734 366 1796 410
407 1732 583 1797 Tum
609 1733 892 1816 liquidas
921 1735 1100 1798 corvi
1130 1757 1360 1819 presso
1389 1746 1492 1800 ter
1521 1746 1791 1820 gutture
1822 1759 2015 1802 voces

402 1832 547 1899 Aut
574 1845 811 1918 quater
837 1836 1268 1919 ingeminant:
1316 1848 1384 1901 et
1415 1859 1593 1921 saepe
1624 1837 1945 1902 eubilibus
1978 1838 2150 1915 altis,

403 1935 654 2000 Nescio
685 1958 819 2020 qua
847 1947 1088 2020 praeter
1120 1937 1380 2002 solitum
1410 1937 1757 2003 dulcedine
1786 1938 1940 2016 laeti,

403 2036 586 2102 Inter
619 2058 692 2101 se
721 2035 890 2100 foliis
922 2039 1308 2122 strepitant:
1346 2040 1537 2123 juvat
1565 2040 1879 2103 imbribus
1912 2042 2077 2104 actis

227 2204 326 2236 nec
361 2187 554 2236 videtur
591 2187 726 2236 acies
761 2188 1012 2236 stellarum
1052 2190 1239 2247 obtusa,
1276 2205 1367 2236 nec

226 2269 436 2314 surgere,
471 2253 644 2315 surgit,
685 2252 856 2310 oritur,
904 2254 1041 2300 Lana
1072 2255 1225 2300 radiis
1249 2251 1364 2314 fra-

227 2319 324 2363 tris
357 2320 564 2374 ebutio,
595 2317 758 2364 lucem
789 2331 928 2364 suam
961 2331 992 2364 a
1020 2316 1122 2364 sole
1155 2316 1368 2365 mutuari

227 2379 392 2437 solita,
431 2389 668 2438 mutuata,
705 2379 808 2428 scil.
843 2395 944 2427 non
980 2379 1166 2437 oritur,-
1186 2380 1364 2443 prodit,

227 2451 282 2490 nt
311 2447 412 2492 1·oe
429 2461 516 2492 m
544 2447 706 2492 seeum
736 2447 978 2492 obscurare
1003 2447 1162 2506 ponit.
1231 2445 1366 2506 Ergo

227 2508 402 2556 aba-e
433 2517 582 2572 poeta
607 2509 680 2556 ait
709 2508 763 2556 id
788 2508 917 2572 quod
949 2507 1254 2572 tempestatis
1285 2507 1362 2556 in·

223 2571 408 2620 stantis
445 2571 643 2635 signum
677 2587 784 2620 esse
819 2580 997 2635 posset,
1035 2586 1148 2619 cum
1186 2570 1364 2620 coelum

225 2647 454 2698 repente,
491 2635 628 2684 nulla
665 2635 728 2683 de
764 2651 910 2684 causa
947 2643 1214 2700 apparente
1253 2645 1360 2684 tan—

402 2715 517 2747 aere
537 2699 758 2756 densato,
781 2700 1078 2748 obscuratur.

293 2762 410 2812 397.
447 2763 529 2811 Ex
551 2764 708 2811 Arato
737 2762 852 2811 ibid.
880 2779 926 2810 v.
951 2763 1062 2820 306,
1089 2763 1197 2812 807.
1256 2764 1362 2810 Vel-

224 2829 331 2874 lem
359 2830 496 2884 Iane,
525 2836 642 2874 sunt
671 2827 828 2874 nubes
856 2841 946 2889 per
976 2826 1154 2874 coelum
1183 2841 1366 2890 sparsae

225 2905 344 2938 mox
381 2891 440 2938 in
478 2889 758 2939 densiorem
797 2899 849 2938 et
890 2891 1146 2938 obscuram
1183 2892 1365 2938 nubem

223 2955 461 3003 coium:
499 2953 628 3003 Plin.
663 2953 797 3014 xviii,
831 2956 911 3012 35,
946 2969 984 3002 s.
1015 2956 1092 3012 82,
1127 2956 1182 3002 Sc·
1208 2958 1363 3012 nubes,

225 3028 278 3066 κ
293 3022 472 3068 sellem
489 3021 624 3076 lane,
638 3027 914 3082 spargentur
925 3021 1084 3066 multa
1103 3021 1164 3065 ab
1175 3021 1362 3076 oriente,

223 3101 396 3146 nqua-
417 3087 470 3130 ¹⁸¹⁸
492 3086 698 3131 biduum
716 3087 1008 3146 praenagt'ent.

291 3149 408 3196 399.
442 3147 650 3196 Theocr.
671 3146 753 3203 vii,
775 3148 865 3217 59,-
873 3149 1154 3195 Neret‘dt'bus
1170 3149 1364 3194 dilectae

221 3211 436 3260 dixer-at.
523 3211 596 3259 lis
649 3210 992 3259 incubantibus
1043 3225 1178 3258 mare
1225 3219 1360 3258 uan-

223 3272 438 3338 quillu'm
475 3290 599 3332 esse,
633 3275 764 3322 unde
800 3275 907 3323 dies
943 3273 1203 3338 Halcyonii
1243 3273 1362 3322 dicti

224 3349 362 3396 sunt,
397 3349 516 3388 nota
543 3355 624 3387 res
655 3349 742 3387 at.
809 3338 1044 3386 Alienum
1075 3349 1240 3386 tamen
1271 3338 1363 3386 hoc

223 3405 290 3451 ab
309 3404 360 3451 h.
387 3403 419 3450 Ι.
445 3413 536 3460 est,
560 3419 656 3466 quo
682 3403 916 3467 proesagia
938 3402 1212 3464 ingruentis
1235 3411 1359 3450 tem-

223 3467 436 3531 pestatis
452 3477 798 3525 memorantur,
819 3481 928 3528 quae
949 3467 1118 3514 abesse
1139 3481 1270 3513 nunc
1293 3465 1363 3514 ait

222 3541 388 3595 poeta.
459 3530 790 3580 Mutationem
825 3530 954 3578 aeris
989 3529 1256 3578 sentientes
1287 3530 1358 3578 al-

223 3611 422 3658 cyones,
445 3595 679 3660 putanda:
708 3603 823 3643 sunt
853 3594 1114 3656 ingruente
1146 3603 1358 3657 tempes-

223 3669 328 3707 tate
380 3659 474 3708 alis
523 3659 752 3723 expansis
801 3658 856 3706 in
909 3658 1074 3706 littore
1127 3658 1358 3732 conspici.

227 3723 366 3771 Raro
395 3732 564 3772 autem
593 3723 690 3770 ille
719 3723 772 3770 in
801 3730 1116 3785 conspectum
1138 3731 1359 3779 veniunt,

225 3803 322 3835 nec
337 3785 434 3835 nisi
456 3787 788 3850 Vergiliarum
803 3801 992 3844 occasu,
1013 3795 1230 3849 tempore
1247 3785 1358 3848 plu-

225 3851 382 3909 vioso,
403 3859 454 3899 et
475 3851 608 3900 circa
637 3850 844 3900 solstitia
870 3851 1082 3898 brumae:
1119 3849 1215 3897 vid.
1243 3849 1358 3898 Ari-

227 3925 342 3963 stot.
369 3915 438 3964 Η.
463 3916 562 3962 An.
587 3931 634 3972 v,
657 3917 717 3969 93
751 3914 880 3962 Plin.
905 3929 954 3971 x,
984 3915 1061 3970 32,
1085 3929 1123 3961 s.
1149 3913 1226 3962 47.

289 3981 402 4026 40⁰.
437 3981 674 4041 Mos-§plor
698 3993 796 4026 non
819 3978 966 4026 modo
995 3993 1166 4026 messoe
1302 3976 1357 4034 's,

226 4042 864 4106 sedberbarumgrarninis,
875 4039 1124 4092 straminis
1137 4051 1226 4090 etc.
1303 4055 1360 4088 os

216 4108 410 4168 jaceant
429 4109 610 4164 solutu,
627 4107 674 4154 h.
693 4105 764 4156 ita
781 4115 837 4154 ut
851 4106 1101 4154 solvantur
1112 4104 1355 4168 jactando.

291 4173 406 4219 4⁰1.
442 4171 726 4233 Sequuntur
759 4185 818 4218 ea
857 4185 980 4233 quae,
1017 4185 1128 4218 cum
1163 4169 1356 4225 adsunt,

229 4249 458 4282 suenum
480 4235 657 4282 coeium
686 4233 1017 4298 portendunt:
1053 4233 1360 4282 subsidentes

229 4299 436 4355 nebula,
461 4309 652 4346 noctuae
673 4308 848 4346 cantus
871 4307 963 4346 etc.

295 4363 408 4410 4⁰8.
445 4363 640 4410 Noctua
670 4363 936 4411 observans
969 4361 1086 4410 solis
1118 4375 1356 4419 occasum,

231 4435 377 4488 suque
395 4426 516 4474 adeo
529 4435 739 4484 noctem,
753 4425 932 4473 sedens
944 4424 996 4472 in
1016 4425 1202 4474 arboris
1215 4441 1356 4472 cacu-

1432 2187 1581 2246 mine,
1600 2188 1733 2236 canit
1751 2187 1959 2248 assidue,
1976 2189 2063 2236 sed
2077 2189 2255 2238 frustra
2274 2209 2286 2238 :
2310 2191 2416 2242 avis
2430 2197 2564 2246 enim

1432 2252 1655 2316 quamvis
1704 2253 1940 2310 ominosa,
1988 2254 2389 2318 tempestatisque
2444 2261 2568 2308 alias

1431 2316 1619 2374 nuntia,
1644 2331 1775 2364 nunc
1805 2325 1985 2374 tamen,
2008 2333 2105 2380 quo
2134 2317 2298 2367 minus
2326 2323 2569 2372 serenitas

1433 2379 1616 2438 redeat,
1640 2395 1739 2428 non
1768 2379 1989 2444 impedit.
2062 2381 2188 2430 Plin.
2214 2383 2349 2442 xviii,
2377 2387 2453 2442 87,
2486 2391 2567 2436 Sic

1431 2452 1599 2492 noctua
1626 2447 1677 2491 in
1696 2447 1841 2492 imbre
1866 2447 2065 2506 garrula
2098 2445 2353 2509 (praesagit
2374 2451 2561 2498 sereni-

1432 2507 1624 2568 tatem),
1649 2515 1701 2554 at
1722 2524 1877 2556 sereno
1900 2515 2223 2569 tempestatem.

1495 2573 1595 2618 404
1611 2587 1711 2633 sqq.
1747 2571 1829 2621 ‚De
1850 2570 2023 2634 scylla,
2046 2588 2155 2635 quae
2173 2583 2365 2636 patrem
2385 2574 2563 2623 Nisum

1432 2633 1593 2682 Minoi
1610 2633 1907 2698 prodiderat,
1927 2633 1983 2684 in
2004 2651 2145 2684 avem
2167 2652 2267 2685 una
2287 2653 2399 2685 curn
2422 2648 2563 2701 patre

1427 2707 1627 2756 mutata,
1654 2698 1761 2762 ipsa
1783 2697 1837 2746 in
1866 2699 2008 2756 cirin,
2032 2709 2174 2763 pater
2194 2700 2247 2748 in
2270 2700 2565 2760 haliaeetum,

1429 2762 1512 2824 qui
1544 2777 1653 2810 eam
1680 2777 1810 2810 nunc
1834 2763 2074 2826 pertinaci
2097 2763 2213 2812 odio
2274 2766 2563 2828 ersequitur,

1429 2826 1472 2874 si
1503 2826 1831 2890 conspexerit,
1868 2826 1963 2874 vid.
1998 2843 2105 2892 sup.
2144 2828 2206 2875 ad
2288 2828 2347 2876 cl.
2380 2830 2444 2888 vi,
2482 2831 2561 2880 74.

1430 2892 1661 2952 Liquidus
1686 2889 1815 2938 aeris
1842 2899 2067 2939 naturam
2094 2891 2321 2940 mobilem
2344 2895 2561 2944 denotat.

1495 2954 1607 3005 40⁷.
1644 2957 1878 3012 Inimicus,
1910 2963 2059 3012 atrox,
2093 2965 2257 3018 potest
2286 2956 2357 3004 ita
2386 2958 2559 3022 accipi,

1429 3027 1486 3066 ut
1507 3019 1715 3066 alterum
1746 3034 1838 3083 pro
1860 3019 2093 3067 adverbio
2114 3019 2205 3066 sit:
2242 3029 2384 3067 atrox
2407 3021 2561 3071 Nisus

1427 3081 1627 3130 inimice
1644 3082 1943 3144 insequitur:
1974 3083 2365 3145 quandoquidem
2384 3084 2563 3134 docent

1427 3146 1522 3193 viri
1552 3145 1697 3204 docti,
1730 3161 1829 3193 non
1858 3148 1985 3195 bene
2018 3145 2116 3196 duo
2150 3147 2363 3210 epitheta
2401 3150 2564 3214 Jungi,

1427 3209 1524 3258 nisi
1546 3209 1754 3258 alterum
1776 3209 2089 3285 participium
2112 3211 2197 3258 sit:
2223 3212 2319 3259 vid.
2342 3214 2461 3260 Geo.
2486 3214 2559 3273 iii,

1431 3275 1552 3329 149;
1577 3273 1641 3332 iv,
1666 3275 1752 3330 19;
1790 3273 1905 3322 AEn.
1930 3274 1999 3332 iii,
2022 3273 2097 3330 7Q.
2144 3275 2240 3323 Ubi
2266 3284 2429 3324 tamen
2447 3293 2555 3326 ora-

1427 3336 1551 3384 tioni
1582 3337 1794 3396 δεινότης
1823 3338 1985 3414 aliqua
2006 3337 2148 3396 inest,
2172 3354 2272 3387 non
2294 3341 2420 3388 male
2455 3351 2560 3390 tum

1427 3401 1524 3449 duo
1542 3401 1759 3466 epitheta
1771 3404 1914 3465 ¹jung-1
1964 3411 2099 3450 utem
2118 3403 2179 3451 ad
2196 3404 2467 3466 augendam
2486 3407 2558 3454 rei

1425 3465 1729 3528 gravitatem,
1762 3465 1867 3515 sive
1898 3482 1927 3514 a
1964 3466 2191 3515 ‘ectivum
2224 3467 2327 3515 sive
2448 3469 2555 3516 tici-

1425 3529 1565 3593 pium
1597 3530 1688 3586 sit;
1728 3539 1784 3579 ut
1816 3531 1870 3578 in
1903 3531 2000 3587 illo,
2038 3531 2167 3594 quod
2202 3529 2331 3578 infra
2386 3531 2448 3578 ib.
2486 3531 2559 3590 iii,

1431 3593 1539 3649 149,
1575 3597 1740 3652 Asper,
1777 3597 1944 3640 acerba
1977 3609 2155 3640 mans.
2226 3593 2366 3640 Idem
2408 3593 2559 3642 etiarn

1429 3664 1533 3703 tum
1562 3655 1723 3702 locum
1753 3655 1915 3712 habet,
1939 3670 2051 3702 cum
2082 3671 2159 3702 res
2190 3670 2281 3718 per
2306 3656 2449 3719 plura
2480 3666 2555 3706 at-

1427 3719 1624 3776 tributa,
1657 3719 1897 3780 adjuncta,
1934 3727 2018 3766 aut
2054 3719 2161 3776 alia,
2192 3733 2301 3780 quae
2334 3719 2405 3767 rei
2440 3736 2555 3784 pro-

1425 3782 1536 3847 pria
1567 3791 1696 3841 sunt,
1722 3781 2011 3831 declaranda
2032 3798 2088 3830 ac
2110 3782 2428 3832 describenda
2452 3795 2554 3834 est:

1427 3847 1499 3896 uti
1520 3847 1635 3896 AEn.
1656 3847 1720 3905 vi,
1743 3849 1853 3904 283,
1879 3851 2036 3896 Ulmus
2056 3865 2212 3910 opaca,
2234 3852 2407 3910 iugem,
2422 3866 2557 3910 quam

1426 3921 1516 3960 etc.
1590 3912 1669 3960 Ita
1708 3911 1751 3960 si
1790 3921 1988 3970 statuas,
2026 3927 2197 3960 causas
2234 3927 2297 3960 ex
2334 3911 2442 3986 ipsa
2482 3913 2555 3962 rei

1423 3985 1600 4024 natura
1620 3976 1798 4040 petitas
1822 3986 2005 4024 teneas.¹
2057 3975 2149 4023 Vel
2170 3977 2319 4023 verba
2338 3992 2408 4024 sic
2434 3979 2550 4038 Jun-

1423 4040 1598 4102 genda,
1630 4044 1841 4089 inimicus
1872 4043 2019 4088 Nisus
2049 4041 2303 4100 insequitur
2332 4049 2479 4098 atrox,
2504 4043 2553 4090 h.

1425 4119 1466 4152 e.
1505 4105 1749 4162 atrociter,
1780 4104 2110 4158 vehementer,
2144 4101 2293 4152 δεινὸς
2326 4105 2403 4154 ὄν.
2476 4107 2498 4154 1
2504 4116 2553 4154 ta

1425 4167 1533 4216 Ecl.
1558 4169 1625 4225 ix,
1650 4171 1695 4226 5,
1718 4172 1830 4216 victi
1856 4171 2014 4215 tristes
2036 4169 2273 4226 mittimus,
2297 4168 2343 4216 h.
2370 4183 2412 4218 e.
2436 4169 2553 4219 victi

1424 4231 1665 4280 mittimus
1690 4232 1868 4287 tristes,
1893 4229 2057 4278 animo
2080 4229 2221 4278 tristi.

1489 4297 1764 4343 ‹no—413.
1822 4297 1987 4342 Pressa
2035 4303 2239 4356 gutture,
2292 4306 2552 4355 coarctato,

1426 4369 1571 4408 acuto
1630 4366 1793 4414 cantu,
1852 4357 2093 4420 clangore,
2156 4359 2555 4419 λιγαινομένοισιν

1427 4425 1577 4482 ὁμοῖα.
1644 4425 1780 4470 Voces
1817 4425 2003 4484 liquidae
2036 4439 2213 4485 oppon.
2237 4423 2413 4481 raucis,
2444 4424 2550 4484 qui-
