3050 4934
1198 270 1538 335 LIBER
1585 272 1673 335 X.

2465 274 2584 337 561

452 412 733 499 Argenti
758 428 955 502 atque
986 420 1127 483 auri
1157 442 1473 485 memoras
1505 444 1654 505 quae
1683 420 1882 485 multa
1913 420 2177 497 talenta,

453 514 689 580 Gnatis
721 540 917 601 parce
945 521 1094 584 tuis,
1174 521 1341 586 Belli
1368 523 1748 587 commercia
1777 521 2045 585 Turnus

450 615 729 683 Sustulit
756 620 883 684 ista
913 622 1091 704 prior
1112 623 1249 706 jam
1278 634 1414 687 tum
1442 621 1738 687 Pallante
1769 633 2083 706 peremto,

451 715 605 782 Hoc
634 721 839 802 patris
870 720 1182 787 Anchisae
1215 724 1475 801 ManeS,
1506 724 1632 787 hoc
1666 724 1861 787 sentit
1890 722 2092 787 Iulus·

280 815 407 879 535
452 816 561 881 Sic
591 817 763 883 fatus
795 820 1047 904 galeam
1074 822 1237 887 laeva
1268 835 1469 900 tenet,
1502 836 1698 907 atque
1727 822 1974 887 reflexa

452 917 719 984 Cervice
752 926 994 986 orantis
1027 923 1261 1007 capulo
1288 935 1479 988 tenus
1511 924 1796 1009 applicat
1821 947 2066 989 ensem.

448 1018 597 1084 Nec
628 1021 857 1105 procul
887 1022 1332 1101 Haemonides,
1368 1024 1610 1089 Phoebi
1637 1024 2010 1109 Triviaeque
2043 1027 2372 1104 sacerdoS,

450 1119 667 1185 Insula
696 1124 799 1187 cui
832 1146 1016 1188 sacra
1045 1126 1386 1189 redimibat
1416 1138 1711 1210 tempora
1740 1127 1921 1203 vitta,

447 1220 663 1287 Totus
692 1222 1017 1290 collucens
1049 1237 1228 1291 veste
1260 1237 1456 1311 atque
1484 1228 1847 1311 insignibus
1878 1229 2102 1304 armis;

276 1322 406 1387 540
450 1323 667 1396 Quem
696 1348 1087 1410 congressus
1118 1329 1253 1411 agit
1284 1349 1536 1412 campo,
1567 1326 1950 1412 lapsumque
1982 1340 2360 1412 superstans

448 1423 765 1503 Immolat,
794 1428 1171 1511 ingentique
1202 1430 1433 1493 umbra
1462 1431 1660 1513 tegit:
1710 1452 1888 1493 arma
1917 1429 2224 1494 Serestus

448 1526 657 1592 Lecta
686 1527 891 1593 refert
918 1528 1229 1606 humeris,
1262 1531 1402 1608 tibi,
1436 1552 1554 1595 rex
1587 1530 1902 1607 Gradive,
1934 1544 2274 1616 tropaeum.

449 1626 827 1693 Instaurant
856 1630 1028 1693 acies
1059 1629 1342 1695 Vulcani
1372 1634 1574 1716 stirpe
1605 1642 1863 1697 creatus

450 1728 749 1793 Caeculus
781 1738 849 1794 et
877 1731 1141 1795 veniens
1174 1731 1548 1797 Marsorum
1577 1735 1902 1798 montibus
1936 1734 2210 1798 Umbro,

277 1828 405 1893 545
450 1829 869 1895 Dardanides
896 1840 1125 1895 contra
1152 1832 1329 1897 fin-it.
1405 1833 1700 1899 Anxuris
1731 1858 1888 1899 ense
1920 1836 2242 1900 sinistram

449 1931 545 1995 Et
572 1940 781 1995 totum
811 1930 1001 2016 clipei
1034 1932 1208 1998 ferro
1238 1935 1569 2019 dejecerat
1599 1938 1858 2001 orbem:

449 2032 731 2096 Dixerat
760 2031 865 2097 ille
897 2033 1141 2118 aliquid
1170 2058 1494 2121 magnum,
1526 2038 1782 2120 vimque
1813 2036 2017 2101 affore
2048 2039 2248 2101 verbo

402 2130 416 2149 ⁸
451 2132 863 2211 Crediderat,
895 2134 1191 2220 coeloque
1221 2139 1499 2202 animum
1528 2138 1808 2201 fortasse
1839 2137 2113 2216 ferebat,

448 2234 895 2319 canitiemque
928 2236 1050 2300 sibi
1078 2246 1147 2300 et
1174 2235 1403 2321 longos
1433 2240 1819 2322 promiserat
1848 2261 2071 2303 annosi.

278 2337 405 2401 550
448 2335 807 2421 Tarquitus
839 2336 1173 2401 exsultans
1204 2348 1430 2403 contra
1460 2338 1859 2423 fulgentibus
1891 2341 2106 2415 armis,

449 2436 765 2503 Silvicolae
796 2436 1023 2501 Fauno
1053 2438 1327 2524 Dryope
1357 2461 1552 2524 quem
1581 2440 1866 2524 nympha
1895 2439 2171 2515 crearat,

450 2539 705 2605 Obvius
737 2540 994 2604 ardenti
1025 2562 1169 2605 sese
1201 2540 1457 2605 obtulit.
1536 2539 1652 2605 me
1683 2541 1956 2605 reducta

452 2641 751 2705 Loricam
780 2640 1099 2726 clipeique
1125 2644 1354 2726 ingens
1387 2664 1552 2706 onus
1583 2642 1854 2726 impedit
1884 2640 2102 2705 hasta:

451 2741 623 2807 Tum
654 2753 852 2827 caput
881 2746 1123 2808 orantis
1156 2744 1618 2828 nequidquam,
1646 2736 1714 2807 e't
1741 2741 1942 2807 multa
1969 2744 2259 2827 parantis
2301 2810 2312 2819 ,

343 2964 611 3011 582—534.
649 2966 799 3011 Parce
816 2967 975 3027 gnatis
990 2967 1097 3023 tuis,
1115 2981 1218 3029 pro,
1240 2980 1393 3015 serva.
1423 2948 1431 2951 ”

277 3028 403 3075 Reus·
415 3031 689 3085 commercia,
713 3027 1065 3077 redemtionem
1078 3030 1394 3094 captivorum.

279 3090 501 3140 Eandem
536 3092 767 3141 Anchisae
801 3092 1025 3142 Manium
1060 3104 1111 3142 et
1148 3094 1245 3143 Iuli
1283 3110 1394 3143 sen-

278 3155 481 3204 tentiam
500 3170 606 3204 esse
628 3156 721 3205 aio.

343 3220 640 3269 537—542.
692 3224 795 3270 Nee
832 3224 996 3283 procul
1037 3224 1401 3270 Haemom'des—

283 3286 423 3336 Quem
443 3302 705 3348 congressus
724 3290 853 3348 agin-
880 3300 1017 3333 more
1036 3286 1167 3334 haud
1187 3286 1399 3345 insolito,

278 3357 569 3397 structuram
602 3350 835 3406 mutavit3
882 3364 994 3398 cum
1040 3364 1147 3398 esse
1180 3350 1395 3409 deberet,

278 3427 369 3461 nec
390 3414 559 3478 procul
584 3413 929 3463 Haemonidem
954 3414 1068 3477 agit.
1126 3416 1397 3477 Ingentique

277 3480 441 3526 umbra
462 3482 591 3540 tegit,
610 3494 674 3527 sc.
699 3494 849 3542 super
868 3478 1065 3527 adstans
1088 3486 1139 3526 et
1156 3478 1397 3527 inclinans

276 3557 345 3600 se,
370 3550 427 3589 ut
456 3541 611 3606 spolia
642 3542 785 3605 legat.
843 3542 977 3591 Ordo
998 3543 1257 3591 verborum
1278 3542 1395 3591 sim-

276 3605 451 3670 plicior
478 3614 608 3654 erat:
652 3609 828 3669 lapsum
862 3610 1076 3663 immolat,
1109 3614 1395 3669 superstans-

275 3686 363 3782 33:
395 3674 590 3783 {aaa
606 3674 973 3799 n‘ffisa
998 3671 1401 3783 sum?

962 3770 973 3781 .
1238 3768 1251 3792 ‚
1318 3769 1330 3783 .
1384 3768 1397 3782 .

280 3797 419 3847 Iliad.
445 3816 494 3856 π,
518 3799 791 3847 663-665.
1342 3804 1353 3809 “

341 3864 614 3911 543—549.
662 3865 933 3911 Instaurant
964 3866 1099 3921 acies,
1134 3862 1403 3912 succedunt

276 3926 328 3975 in
360 3942 575 3991 pugnam
612 3942 723 3975 cum
760 3928 933 3976 AEnea.
1008 3930 1213 3976 Cat-ulus
1250 3943 1399 3992 supra

273 3990 357 4049 vii,
378 3992 489 4049 678,
511 3992 621 4040 681.
666 3994 834 4041 Umbro
854 3992 969 4041 ibid.
994 3992 1103 4049 750,
1127 3993 1236 4044 752.
1274 3993 1396 4040 Bre-

276 4055 412 4105 vitati
445 4057 648 4105 studens
678 4066 835 4121 poeta,
859 4072 960 4105 non
986 4056 1121 4105 addit
1150 4056 1399 4106 Caeculum

275 4127 325 4167 et
362 4120 663 4169 Umbronem
697 4120 848 4169 fuisse
886 4136 1091 4170 caesum:
1140 4121 1301 4185 pergit
1336 4120 1399 4169 ad

273 4184 547 4242 Anxurem‚
580 4184 668 4234 sed
700 4185 887 4234 variata
925 4186 1157 4243 oratione,
1192 4194 1249 4233 ut
1284 4200 1399 4233 eum

266 4248 369 4310 jam
391 4256 505 4297 ante
528 4264 706 4298 caesum
736 4248 881 4307 dicat,
906 4260 955 4298 et
988 4248 1313 4299 narrationem
1336 4250 1399 4297 de

274 4326 333 4359 eo
366 4314 641 4376 subjungat,
688 4329 801 4362 nam
834 4314 1063 4375 dejecerat
1106 4330 1169 4362 sc.
1207 4316 1395 4361 Darda-

273 4380 417 4434 nides,
440 4376 639 4427 AEneas.
680 4378 973 4427 Absciderat
994 4376 1037 4425 is
1053 4377 1273 4427 Anxuris
1294 4392 1397 4425 ma-

276 4456 395 4489 num
418 4456 517 4491 una
537 4458 651 4491 cum
672 4442 843 4506 clipeo,
864 4458 1009 4505 quam
1032 4444 1239 4492 tenebat.
1290 4440 1401 4491 Etsi

1462 2964 1533 3014 sic
1565 2980 1738 3030 parum
1773 2963 1934 3029 placet
1965 2967 2032 3013 Ee
2065 2972 2206 3013 totam
2235 2967 2373 3028 clipei
2405 2968 2586 3015 orbem.-

1461 3046 1574 3079 cum
1607 3030 1674 3078 sit
1705 3032 1941 3078 sinistram
1975 3038 2020 3077 et
2057 3038 2212 3078 totum
2237 3032 2430 3093 clipeum
2451 3032 2583 3094 deje-

1462 3104 1609 3143 cerat.
1680 3096 1882 3142 Dia-erat
1920 3096 2012 3152 ille,
2065 3110 2134 3143 sc.
2175 3095 2365 3144 Anxur.
2438 3098 2584 3145 Goelo-

1463 3175 1790 3295 dlectuff'figg
1818 3156 2023 3271 siv-fx?
2033 3157 2282 3287 (3ίῖῖόἴῶ
2314 3160 2376 3272 esd
2411 3176 2588 3273 coelauffi

1466 3284 1650 3343 efferre,
1675 3286 1794 3333 alias
1820 3287 1923 3347 jam
1948 3285 2155 3334 vidimus
2175 3297 2334 3350 poetae
2357 3288 2584 3351 frequen-

1463 3358 1618 3397 tatum
1638 3349 1700 3397 de
1732 3349 2010 3412 arrogantia
2031 3358 2082 3397 et
2113 3351 2367 3414 superbia:
2405 3362 2456 3400 et
2485 3352 2584 3399 for-

1461 3423 1592 3462 tasse
1613 3413 1696 3461 ine
1719 3412 2100 3476 arrogantiorem
2121 3428 2174 3461 se
2191 3426 2435 3477 gesseratz
2470 3416 2586 3463 dum

1461 3478 1523 3525 de
1547 3478 1708 3525 AEnea
1739 3478 1989 3526 victoriam
2011 3487 2063 3525 et
2091 3476 2288 3540 longam
2309 3478 2460 3527 vitam
2491 3478 2586 3527 sibi

1462 3541 1766 3607 promiserat.

1531 3607 1801 3653 550—554.
1838 3607 2090 3654 Easdem
2121 3604 2584 3717 siinpldprosiliena,

1463 3670 1710 3735 prodiens.
1767 3672 1870 3727 Ille,
1907 3670 2092 3717 AEneas
2125 3672 2249 3729 (non
2327 3669 2586 3733 arquitus),

1463 3738 1599 3782 hasta
1640 3736 1845 3792 reducta,
1888 3749 2033 3796 quam
2071 3734 2335 3782 reduxerat
2371 3734 2586 3797 adeoque

1464 3813 1642 3861 magna
1662 3814 1774 3847 cum
1797 3798 1846 3847 vi
1875 3797 2158 3856 immiserat,
2183 3801 2374 3860 impedit
2400 3802 2590 3847 loricam

1464 3866 1687 3925 clipeique
1707 3880 1832 3921 onus,
1857 3861 2103 3925 transfigit.
2121 3862 2340 3924 Tarquiti
2375 3862 2588 3925 clipeum

1464 3936 1513 3975 et
1535 3926 1750 3985 loricam,
1768 3928 1838 3977 sic
1857 3937 1912 3975 ut
1933 3927 2088 3975 infixa
2107 3927 2248 3975 hasta
2267 3926 2474 3974 haereret
2495 3942 2586 3975 nec

1461 3992 1646 4040 retrahi
1667 3990 1808 4039 facile
1829 3999 2021 4056 posset:
2047 3990 2161 4039 hinc
2184 3990 2370 4039 AEneas
2393 4000 2588 4055 arrepto

1462 4056 1629 4105 statim
1651 4072 1769 4105 ense
1791 4064 1938 4121 caput
1959 4054 2137 4117 dejicit.
2197 4054 2290 4104 Est
2311 4062 2474 4103 autem
2497 4070 2582 4103 ex-

1464 4120 1641 4183 quisite
1675 4120 1876 4178 dictum,
1911 4123 2094 4169 loricam
2117 4128 2162 4167 et
2185 4122 2378 4181 elipeum
2397 4122 2588 4181 inpedit

1464 4188 1613 4243 hasta,
1647 4201 1737 4249 pro
1760 4184 1961 4247 vulgari,
1996 4187 2174 4231 hastam
2206 4186 2396 4245 impedit
2417 4184 2586 4233 lorica.-

1464 4264 1578 4299 nam
1601 4250 1739 4297 hasta
1771 4248 2006 4312 impedita
2027 4256 2077 4296 et
2110 4248 2210 4295 fixa
2235 4256 2454 4296 tenetur:
2491 4247 2584 4297 sic-

1464 4328 1559 4376 que
1600 4320 1650 4360 et
1687 4312 1795 4376 ipse
1833 4311 2020 4375 clipeus
2061 4311 2324 4376 impeditus
2366 4322 2454 4370 est,
2496 4328 2585 4362 nec

1467 4377 1619 4425 libere
1640 4376 1744 4439 regi
1775 4392 1832 4425 ac
1857 4376 2040 4424 moveri
2059 4386 2244 4441 potest:
2281 4376 2341 4424 cf.
2366 4376 2450 4425 inf.
2476 4377 2502 4426 7
2508 4378 2588 4435 94,

1469 4441 1577 4492 795.
1637 4440 1734 4488 Sed
1767 4441 1818 4489 in
1841 4440 1918 4489 his
1940 4456 2048 4503 quae
2079 4440 2326 4505 reciproca
2349 4450 2476 4500 sunt,
2499 4457 2586 4504 po-

1386 4508 1469 4553 4c
