3050 4934
447 267 576 331 3322

1336 256 1869 327 AENEIDOS

621 413 823 477 Mene
855 412 1076 497 fugis?
1137 411 1270 476 Per
1298 431 1424 495 ego
1453 410 1575 474 has
1605 408 1924 505 lacrimas,
1958 406 2387 489 dextramque
2416 411 2597 467 tuam
2626 408 2723 475 te,

352 561 382 587 .„
447 516 576 579 315
621 514 932 597 (Quando
963 512 1140 577 aliud
1169 512 1324 576 mihi
1345 512 1484 595 jam
1509 512 1767 575 miserae
1794 507 1955 573 nihil
1980 510 2127 592 ipsa
2155 504 2441 590 reliqui,)

621 616 755 680 Per
784 615 1108 679 connubia
1137 623 1383 691 nostra,
1415 634 1537 697 per
1564 614 1861 696 inceptos
1892 610 2331 694 Hymenaeos3

625 717 695 779 Si
723 718 891 781 bene
920 714 1080 799 quid
1109 715 1194 779 de
1224 724 1288 778 te
1319 716 1549 791 merui,
1582 713 1706 777 fuit
1732 722 1849 776 aut
1878 712 1997 776 tibi
2024 710 2383 794 quidquam

629 816 842 881 Dulce
873 824 1122 893 meum3
1168 816 1476 880 miserere
1506 816 1740 879 domus
1768 812 2073 888 labentis,
2104 822 2175 875 et
2200 812 2414 886 istam,

629 919 796 995 Or0,
832 915 886 981 si
917 916 1064 1001 quis
1095 917 1312 981 adhuc
1339 917 1647 1001 precibus
1676 914 1881 992 locus,
1912 934 2083 978 exue
2108 921 2410 975 mentem.

453 1020 582 1083 320
625 1018 730 1082 Te
762 1028 1033 1103 propter
1064 1017 1334 1101 Libycae
1362 1026 1595 1100 gentes
1622 1014 2129 1097 Nomadumque
2158 1011 2413 1096 tyranni

631 1120 879 1196 Odere,
911 1119 1146 1182 infensi
1174 1117 1398 1202 Tyrii3
1445 1129 1512 1180 te
1542 1128 1817 1201 propter
1846 1116 2129 1179 eundem

631 1220 1018 1284 Exstinctus
1049 1219 1287 1303 pudor,
1319 1229 1409 1295 et,
1439 1239 1570 1301 qua
1600 1215 1741 1281 sola
1770 1217 1988 1280 sidera
2016 1214 2298 1291 adibam,

629 1320 830 1385 Fama
857 1321 1056 1403 prior.
1133 1318 1260 1382 Cui
1287 1340 1390 1383 me
1419 1318 1873 1383 moribundam
1902 1316 2175 1393 deseris,
2204 1315 2493 1398 hospes?

473 1490 481 1505 ‚
629 1420 782 1484 Hoc
813 1418 1020 1484 solum
1048 1438 1283 1483 nomen
1313 1422 1617 1503 quoniam
1648 1418 2043 1501 deconjuge
2074 1426 2302 1480 restat.

455 1523 586 1587 325
631 1520 816 1593 Quid
837 1522 1100 1585 moror?
1147 1541 1232 1584 an
1259 1540 1406 1584 mea
1434 1516 1816 1603 Pygmalion
1844 1519 2002 1582 dum
2028 1518 2267 1581 moenia
2296 1516 2501 1581 frater

632 1623 976 1699 Destruat,
1007 1631 1123 1687 aut
1151 1632 1410 1706 captam
1439 1622 1637 1686 ducat
1668 1620 1973 1685 Gaetulus
2004 1620 2279 1685 Iarbas?

634 1723 880 1789 Saltem
913 1724 966 1787 si
995 1747 1126 1809 qua
1153 1723 1311 1787 mihi
1342 1724 1426 1787 de
1457 1734 1523 1787 te
1558 1732 1865 1807 suscepta
1894 1722 2126 1785 fuisset

631 1824 808 1890 Ante
839 1824 1060 1911 fugam
1091 1824 1386 1902 soboles3
1434 1825 1489 1888 si
1519 1825 1665 1908 quis
1696 1823 1851 1887 mihi
1882 1820 2191 1907 parvulus
2222 1820 2371 1885 aula

636 1927 934 1991 Luderet
962 1925 1238 2001 AEneaS,
1271 1926 1384 2010 qui
1416 1936 1480 1989 te
1514 1935 1731 1989 tamen
1758 1945 1873 1988 ore
1902 1922 2215 1999 referret3

460 2032 590 2095 330
635 2028 794 2093 Non
823 2028 1127 2111 equidem
1157 2027 1414 2090 omnino
1445 2035 1639 2110 capta
1669 2046 1746 2091 ac
1778 2026 2041 2089 deserta
2066 2024 2345 2088 viderer.

719 2128 1020 2191 Dixerat.
1098 2126 1214 2191 Ille
1245 2124 1294 2190 J
1294 2128 1430 2191 ovis
1461 2117 1723 2191 monitis
1753 2128 2017 2190 immota
2046 2126 2313 2190 tenebat

638 2228 939 2304 Lumina,
971 2237 1040 2291 et
1067 2228 1348 2291 obnixus
1381 2250 1603 2293 curam
1634 2229 1760 2292 sub
1788 2228 1987 2293 corde
2016 2228 2377 2312 premebat.

634 2328 936 2393 Tandem
963 2350 1177 2412 pauca
1204 2328 1444 2393 refert:
1494 2328 1647 2414 Ego
1674 2338 1764 2406 te,
1796 2352 1946 2413 quae
1972 2326 2247 2413 plurima
2278 2326 2477 2391 fando

635 2429 1042 2493 Enumerare
1072 2429 1269 2507 vales,
1300 2452 1653 2515 nunquam,
1685 2432 1933 2514 regina,
1960 2430 2217 2513 negabo

462 2533 592 2597 335
636 2530 1099 2610 Promeritam3
1145 2554 1266 2596 nec
1294 2554 1397 2595 me
1427 2533 1793 2596 meminisse
1823 2532 2077 2615 pigebit
2106 2529 2366 2606 Elissae,

638 2633 818 2697 Dum
845 2653 1088 2698 memor
1115 2634 1256 2717 ipse
1287 2635 1434 2709 mei,
1467 2633 1625 2696 dum
1656 2633 1921 2717 spiritus
1952 2632 2075 2695 hos
2106 2631 2277 2716 regit
2304 2642 2508 2695 artua.

637 2734 772 2797 Pro
799 2756 872 2797 re
900 2756 1114 2817 pauca
1141 2732 1391 2817 loquar.
1468 2733 1707 2818 Neque
1739 2756 1864 2818 ego
1894 2733 2063 2798 hanc
2092 2734 2497 2798 abscondere
2528 2732 2711 2797 furto

641 2834 936 2918 Speravi,
965 2857 1048 2899 ne
1078 2834 1278 2919 finge,
1309 2834 1566 2919 fugam3
1613 2857 1734 2900 nec
1764 2836 2058 2920 conjugis
2088 2857 2371 2920 unquam

638 2935 970 3000 Praetendi
999 2935 1230 3011 taedae,
1263 2946 1376 3000 aut
1405 2936 1549 3003 haec
1580 2938 1647 3001 in
1676 2936 1929 3001 foedera
1956 2938 2122 3001 veni.

507 3150 642 3206 ‘³15‚
659 3148 769 3195 316.
804 3150 952 3195 Aliud
972 3151 1102 3205 nihil,
1122 3148 1224 3197 scil.
1248 3150 1378 3212 quod
1395 3164 1593 3214 sperare

465 3214 528 3261 de
541 3228 620 3261 me
636 3210 808 3287 possis.
841 3214 1020 3273 Incepti
1035 3215 1094 3260 H
1265 3218 1276 3227 '
1289 3223 1404 3262 sunt
1419 3228 1590 3261 recen-

469 3288 556 3335 tes,
561 3275 683 3324 nihil
693 3274 1057 3337 aliud‚adeoque
1066 3276 1172 3341 ipsa
1183 3277 1398 3326 novitate
1406 3278 1589 3327 dulces.

533 3340 643 3391 317.
679 3341 780 3387 Aut
809 3342 855 3387 εἰ
889 3342 976 3387 tibi
997 3338 1102 3401 suit
1129 3346 1377 3404 quidquam
1405 3346 1539 3391 dulce
1562 3359 1591 3391 a

467 3420 547 3453 me
619 3404 872 3461 rofectum,
910 3418 973 3451 ex
1011 3418 1104 3461 me,
1149 3410 1227 3467 qm·

468 3468 588 3519 Sim'
613 3468 625 3479 ’
675 3467 812 3516 locus
835 3467 1036 3516 Pindari
1059 3468 1137 3516 01.
1163 3468 1194 3527 i,
1223 3471 1329 3517 121.

541 3534 814 3582 320—324.
866 3535 1060 3581 Dicitur
1093 3536 1112 3581 s·
1175 3538 1270 3581 enti
1311 3536 1480 3595 affecta
1515 3539 1594 3583 hos

465 3614 622 3647 verm
637 3601 962 3660 pronuntia-ns
983 3596 1070 3660 (Ψ
1136 3596 1146 3607 “
1172 3596 1288 3659 'us)‚
1310 3614 1410 3646 eam
1430 3602 1593 3660 priva·-

469 3666 553 3711 tim
581 3665 746 3724 paucis
771 3665 1077 3723 presentibus
1107 3666 1326 3711 recitaret
1351 3665 1563 3725 Augusto
1577 3681 1595 3717 ,-

467 3742 574 3775 mm
587 3730 801 3775 recitavit
812 3727 1012 3788 primum
1027 3730 1168 3775 libros
1186 3730 1371 3775 tertium
1387 3734 1436 3775 et
1453 3744 1593 3789 quar·

471 3800 579 3840 tant.
639 3791 764 3839 Haec
789 3791 924 3839 Serv.
947 3799 998 3839 et
1026 3806 1090 3838 cx
1108 3806 1168 3838 eo
1191 3790 1424 3854 Pompon.
1453 3793 1595 3849 Sab.;

469 3867 520 3905 et
541 3866 659 3905 sunt
683 3855 792 3904 sine
814 3854 962 3903 dubio
985 3868 1156 3903 νει-ειη
1177 3854 1313 3912 tales,
1337 3865 1393 3903 ut
1413 3856 1491 3903 vel
1523 3856 1594 3903 le·

469 3921 633 3984 gentis
688 3918 765 3968 vel
821 3918 1065 3967 audientis
1110 3918 1329 3967 animum
1379 3934 1595 3967 commo-

469 3994 632 4035 veant.
680 3983 896 4033 Profecit
916 3982 1063 4031 exiis
1083 3982 1225 4030 ovid.
1251 3982 1410 4046 Epist.
1438 3982 1599 4033 Didus

471 4064 514 4097 v.
543 4052 632 4098 121
658 4064 761 4112 sqq.
812 4050 960 4097 hmo
975 4051 1119 4109 prior,
1143 4062 1288 4111 quam
1310 4047 1459 4095 habui
1481 4056 1597 4097 ante

470 4120 610 4162 tuum
644 4113 922 4162 adventum.
979 4114 1052 4160 De
1085 4112 1287 4175 conjuge,
1315 4112 1407 4160 hoc
1438 4112 1597 4161 solum

471 4192 651 4225 nomen
675 4178 764 4239 (sc.
789 4177 976 4239 hospes)
999 4176 1120 4224 mihi
1153 4184 1306 4226 restat
1335 4174 1398 4224 de
1425 4186 1488 4234 te,
1513 4176 1598 4240 qu'i

471 4242 634 4290 fueras
657 4250 802 4289 antea
818 4244 1011 4303 conjux.

545 4307 818 4353 325-380.
874 4308 1000 4357 Quid
1036 4309 1221 4355 moror?
1272 4305 1390 4370 quin
1429 4306 1596 4356 statim

471 4369 664 4419 moriar.
723 4370 995 4431 Pygmuon
1024 4372 1131 4418 dum
1161 4375 1328 4420 moens'a
1354 4374 1565 4420 destruat
1578 4390 1594 4419 .-

472 4442 672 4498 propter
693 4432 778 4480 ma
797 4432 829 4489 i,
855 4433 952 4480 360
971 4448 1072 4495 sqq.
1131 4436 1334 4484 Luam-et
1352 4445 1522 4485 ornate
1546 4446 1598 4484 et

1429 3424 1588 3455 meunt·

1660 3150 1875 3199 suaviter
1896 3164 1987 3215 pru
2018 3159 2161 3199 exet.
2221 3153 2369 3213 Capta
2390 3168 2447 3200 ac
2468 3152 2652 3199 &serta
2672 3166 2787 3215 gra-

1659 3214 1788 3263 viter
1817 3230 1909 3279 pro
1947 3215 2120 3263 relicta
2154 3231 2183 3263 s
2218 3224 2283 3274 te,
2318 3230 2430 3263 cum
2463 3225 2694 3279 respectu
2726 3215 2790 3264 ad

1660 3280 1855 3327 larbam
1878 3294 1921 3327 v·
1949 3280 2059 3337 326,
2082 3278 2164 3327 cui
2196 3294 2260 3327 ne
2290 3280 2648 3343 relinqueretur
2667 3294 2786 3345 esp·

1656 3344 1757 3392 tiva
1780 3343 2063 3392 abducenda
2084 3345 2355 3392 verebatur.

1722 3409 1993 3456 331-333,
2042 3408 2247 3467 Imm,
2288 3418 2345 3456 ut
2382 3424 2473 3456 nee
2511 3408 2789 3473 adspiceret

1657 3482 1709 3521 et
1740 3471 2102 3520 miserationem
2132 3471 2342 3521 Didonis
2370 3473 2511 3521 vultu
2541 3482 2789 3536 argueret.

1662 3536 1805 3584 Unde
1851 3537 1960 3594 369,
2007 3539 2133 3584 Num
2166 3538 2285 3598 fletu
2332 3541 2555 3600 ingemuit
2594 3542 2791 3586 metro?

1660 3616 1766 3648 num
1796 3601 1969 3648 lumina
1991 3604 2127 3661 flea-it
2142 3605 2167 3649 t
2214 3604 2396 3660 Curam,
2420 3602 2469 3649 h.
2498 3602 2531 3649 l.
2550 3602 2787 3651 dolorem.

1666 3666 1881 3721 Tandem,
1906 3662 1992 3725 ὀψὲ
2014 3662 2069 3712 δὲ
2086 3665 2145 3723 δὴ
2168 3666 2503 3714 Homericum.

1736 3730 1846 3785 335,
1887 3729 1998 3776 336.
2050 3729 2351 3805 comparant
2393 3730 2534 3778 Iliad.
2577 3748 2632 3793 χ,
2676 3730 2789 3791 387,

1664 3794 1773 3850 888,
1815 3792 1964 3841 verba
2000 3792 2211 3842 Achiua
2252 3793 2315 3842 de
2354 3794 2595 3843 Patroclo.
2665 3798 2791 3843 Dan

1661 3872 1839 3913 memor,
1887 3854 2035 3905 elcdoe’
2074 3856 2229 3917 ἀϋτμὴ
2268 3858 2351 3907 Ἔν
2393 3858 2630 3917 στήθεσσι

1664 3920 2001 3978 Homericum,
2025 3930 2083 3969 ut
2108 3920 2247 3970 Iliad.
2274 3940 2303 3980 ι,
2328 3924 2424 3971 605
2448 3933 2499 3971 et
2520 3923 2653 3971 alibi.

1729 3986 1839 4034 339.
1874 3988 2126 4044 Praetendi,
2150 3986 2411 4051 accipiunt,
2432 3988 2642 4051 praetuli.
2692 3989 2793 4037 Sed

1660 4064 1760 4098 non
1790 4049 1899 4116 ipse
1934 4066 2142 4115 sponsus
2176 4051 2305 4101 faces
2338 4052 2447 4100 fert.
2516 4052 2693 4101 Malim
2730 4070 2793 4102 eo

1660 4130 1809 4163 sensu
1840 4115 2070 4179 positum,
2093 4132 2191 4180 quo
2212 4132 2259 4164 v.
2287 4116 2393 4175 172,
2410 4125 2703 4179 praetexere,-
2736 4130 2795 4167 ut

1662 4192 1717 4227 se
1752 4194 2001 4243 nunquam
2038 4184 2196 4238 tedas,
2227 4183 2386 4243 justas
2422 4180 2634 4247 nuptias,
2660 4200 2789 4244 pm·

1665 4246 1875 4302 tendc'sse,
1935 4260 2003 4293 πε
2034 4260 2087 4293 se
2122 4246 2306 4303 mimae,
2330 4260 2433 4294 suae
2454 4261 2567 4294 cum
2592 4246 2790 4295 Didone

1660 4318 1865 4356 consuet
1934 4309 2001 4357 'ni
2024 4324 2202 4358 nomen
2228 4310 2352 4373 Justi
2374 4310 2673 4359 matrimonii
2700 4311 2785 4359 tri-

1661 4372 1839 4431 buisse,
1862 4373 2018 4430 dican
2054 4390 2145 4423 nec
2166 4378 2264 4423 kaec
2296 4378 2346 4423 ἐκ
2364 4373 2567 4437 findere,
2592 4376 2641 4423 h.
2662 4391 2703 4423 e.
2734 4376 2789 4423 in

1660 4438 1749 4486 has
1770 4438 1917 4500 leges,
1940 4438 2180 4498 consensi,
2206 4450 2259 4488 ut
2278 4442 2458 4503 conjux
2480 4454 2653 4489 esem.
