3050 4934
3 2562 52 2719 vv·

485 260 616 325 368
1089 206 1096 211 ’
1385 251 1919 320 AENEmos

651 410 968 494 Idemque
997 408 1082 473 ad
1115 405 1453 484 tumulum,
1479 426 1615 490 quo
1642 424 1985 469 maxumus
2016 402 2295 467 occubat
2326 396 2603 474 Hector,

655 511 992 576 Victorem
1021 510 1244 574 Buten
1271 508 1531 572 immani
1558 526 1859 591 corpore,
1890 504 2005 587 qui
2034 524 2104 567 se

657 612 984 695 Bebrycia
1011 610 1275 675 veniens
1305 607 1540 693 Amyci
1569 608 1655 672 de
1684 616 1881 690 gente
1912 604 2192 680 ferebat,

658 711 970 790 Perculit,
1001 721 1068 776 et
1097 710 1274 776 fulva
1301 709 1761 774 moribundum
1788 706 2088 772 extendit
2116 726 2337 769 arena.

477 815 612 878 375
656 812 840 878 Talis
873 814 1080 897 prima
1108 811 1326 876 Dares
1357 823 1559 896 caput
1586 808 1789 875 altum
1816 810 1883 873 in
1910 805 2145 893 proelia
2176 804 2365 883 tollit,

656 915 1102 999 Ostenditque
1131 914 1440 978 humeros
1468 911 1664 989 latos,
1692 910 2073 993 alternaque
2096 908 2306 993 jactat

657 1016 942 1081 Brachia
968 1015 1395 1100 protendens,
1425 1024 1494 1077 et
1523 1014 1827 1077 verberat
1852 1011 2091 1075 ictibus
2122 1030 2339 1072 auras,

657 1118 996 1191 Quoeritur
1025 1116 1178 1180 huic
1209 1115 1408 1191 alius3
1453 1135 1575 1178 nec
1604 1104 1949 1197 quisquam
1976 1134 2061 1175 ex
2086 1110 2341 1193 agmine
2368 1118 2557 1175 tanto

597 1246 604 1252 ·
657 1216 886 1283 Audet
917 1217 1097 1281 adire
1127 1216 1357 1292 virum,
1387 1215 1817 1297 manibusque
1848 1214 2159 1278 inducere
2188 1221 2434 1276 cestus.

482 1320 616 1385 380
660 1319 846 1403 Ergo
875 1317 1128 1395 alacris,
1159 1326 1560 1400 cunctosque
1590 1326 1831 1398 putans
1860 1314 2185 1379 excedere
2212 1310 2455 1397 palma,

663 1420 901 1485 AEneae
933 1420 1113 1483 stetit
1139 1428 1292 1481 ante
1321 1418 1567 1502 pedes3
1612 1437 1735 1481 nec
1764 1414 1957 1501 plura
1980 1423 2297 1491 moratus,

659 1520 840 1585 Tum
871 1520 1034 1584 laeva
1062 1529 1324 1584 taurum
1348 1540 1557 1585 cornu
1586 1528 1791 1594 tenet,
1820 1528 2022 1601 atque
2051 1517 2145 1580 ita
2172 1516 2380 1579 fatur:

611 1636 616 1640 ’
663 1622 843 1687 Nate
876 1622 1025 1698 dea,
1057 1622 1113 1686 si
1141 1642 1332 1686 nemo
1361 1620 1563 1685 audet
1594 1642 1665 1685 se
1694 1619 1968 1684 credere
2000 1638 2265 1702 pugnae,

656 1723 829 1796 Quae
856 1722 1008 1787 finis
1039 1723 1300 1787 standi?
1345 1743 1481 1807 quo
1507 1742 1611 1785 me
1640 1721 1835 1785 decet
1864 1740 2073 1803 usque
2106 1716 2365 1783 teneri?

485 1825 619 1890 385
663 1824 931 1889 Ducere
962 1825 1136 1888 dona
1157 1824 1344 1907 jube.
1417 1821 1659 1887 Cuncti
1688 1819 1877 1885 simul
1904 1842 2020 1885 ore
2049 1818 2415 1883 fremebant

668 1925 1097 2002 Dardanidae,
1127 1923 1448 2007 reddique
1479 1922 1619 1988 viro
1644 1922 1967 2007 promissa
1985 1921 2333 2006 jubebant.

663 2027 798 2091 Hic
827 2028 1044 2111 gravis
1075 2024 1412 2091 Entellum
1439 2025 1633 2090 dictis
1662 2024 1943 2107 castigat
1970 2020 2277 2099 Acestes,

671 2127 1018 2191 Proximus
1045 2137 1120 2191 ut
1146 2126 1466 2191 viridante
1493 2137 1640 2190 toro
1670 2125 2060 2190 consederat
2086 2120 2347 2187 herbae:

665 2226 951 2305 Entelle‚
975 2227 1250 2291 heroum
1277 2227 1608 2311 quondam
1632 2226 1981 2291 fortissime
2010 2224 2278 2301 frustra,

489 2330 622 2395 390
665 2329 967 2395 Tantane
997 2338 1130 2393 tam
1156 2329 1411 2414 patiens
1441 2327 1621 2393 nullo
1649 2328 2001 2394 certamine
2030 2325 2171 2391 tolli

667 2431 867 2496 Dona
895 2432 1112 2497 sines?
1157 2431 1272 2495 ubi
1299 2452 1472 2496 nunc
1499 2430 1690 2495 nobis
1722 2430 1887 2495 deus
1916 2427 2045 2505 ille,
2076 2427 2387 2512 magister

665 2534 1134 2618 Nequidquam
1159 2542 1574 2610 memoratus,
1610 2532 1839 2615 Eryx?
1886 2531 2001 2595 ubi
2028 2529 2199 2595 fama
2226 2550 2348 2614 per
2376 2550 2632 2595 omnem

669 2634 1100 2711 Trinacriam,
1129 2644 1198 2699 et
1229 2632 1436 2719 spolia
1463 2632 1575 2698 illa
1602 2633 1731 2698 tuis
1763 2632 2117 2718 pendentia
2144 2631 2378 2697 tectis?

668 2736 786 2801 Ille
819 2737 942 2801 sub
971 2735 1150 2801 hoec:
1197 2735 1356 2799 Non
1383 2734 1597 2799 laudis
1629 2756 1831 2812 amor,
1862 2755 1983 2798 nec
2015 2732 2221 2817 gloria
2251 2733 2451 2797 cessit

494 2840 626 2904 395
671 2836 874 2903 Pulsa
901 2848 1115 2915 metu3
1165 2835 1284 2901 sed
1313 2837 1486 2901 enim
1511 2834 1770 2920 gelidus
1800 2836 2103 2900 tardante
2132 2844 2399 2899 senecta

671 2939 952 3025 Sanguis
980 2938 1204 3015 hebet,
1235 2936 1607 3021 frigentque
1634 2936 1881 3003 effoetae
1906 2938 1975 3001 in
2002 2958 2276 3021 corpore
2306 2935 2501 3001 vireS.

575 3040 583 3045 '
673 3040 746 3105 Si
773 3039 952 3117 mihi,
984 3061 1132 3123 quae
1164 3039 1491 3122 quondam
1519 3038 1757 3117 fuerat,
1788 3060 2049 3123 quaque
2076 3037 2411 3121 improbus
2442 3036 2567 3100 iste

497 3206 595 3258 765
629 3220 731 3267 sqq.
767 3213 817 3262 λ,
855 3205 966 3252 680.
1025 3204 1072 3251 Α
1107 3203 1266 3267 poetis
1303 3212 1468 3253 tamen
1507 3212 1623 3279 post

501 3272 778 3319 Homerum
793 3268 948 3317 multo
966 3270 1147 3331 majore
1161 3268 1340 3317 virtute
1357 3268 1622 3331 insignitus

497 3345 604 3392 θοις
637 3333 694 3381 in
713 3332 900 3397 proeliis
921 3332 1054 3381 enim
1075 3341 1188 3397 post
1209 3332 1443 3381 Hectoris
1467 3333 1623 3381 flatum

499 3399 730 3461 frequens
747 3399 852 3459 ejus
871 3408 947 3447 est
961 3398 1208 3446 memoria.
1260 3397 1623 3447 certaminibus

501 3472 665 3513 autem
687 3462 896 3526 inclytus
915 3461 1070 3511 factus
1093 3472 1180 3521 est,
1203 3462 1280 3511 vel
1301 3477 1364 3510 ex
1385 3477 1458 3520 eo,
1477 3462 1621 3525 quod,

499 3528 630 3577 inter
661 3535 882 3592 pastores
914 3526 1128 3577 nutritus
1149 3542 1260 3575 cum
1285 3535 1428 3583 esset,
1463 3538 1621 3575 certa-

497 3593 632 3643 mine
653 3608 684 3640 a
710 3592 904 3641 Priamo
925 3592 1150 3641 instituto
1175 3590 1371 3655 agnitus
1393 3598 1482 3649 est,
1505 3590 1625 3640 dum

497 3661 648 3707 omnia
676 3661 803 3715 vicit,
837 3656 962 3706 κατὰ
993 3654 1152 3706 πάντα
1182 3654 1320 3713 ἆθλα,
1341 3664 1397 3703 ut
1431 3664 1509 3703 est
1541 3671 1619 3720 ap.

503 3720 686 3787 Hygin-
725 3720 820 3770 fab.
858 3722 936 3769 91.
998 3723 1068 3769 At
1109 3722 1272 3769 Buten
1308 3720 1524 3769 suaviter
1561 3722 1622 3769 ab

498 3788 688 3851 Amyco
723 3802 750 3835 e
791 3786 1066 3848 Bebrycum
1102 3796 1248 3848 gente
1281 3784 1499 3841 deduxit,
1538 3784 1619 3847 qui

500 3852 750 3901 Pollucem
769 3859 1130 3913 provocaverat,
1153 3865 1264 3898 cum
1289 3847 1332 3897 is
1354 3849 1416 3897 ad
1447 3848 1621 3913 Bithy-

499 3917 594 3965 nia!
615 3916 754 3965 littus
777 3913 1074 3963 accessisset.

563 3978 838 4033 svs—377.
875 3976 1060 4036 stolide
1086 3977 1226 4025 ferox
1251 3978 1398 4025 homo
1429 3977 1623 4041 egregie

495 4054 612 4095 ante
651 4044 818 4093 oculos
855 4052 1048 4091 nostros
1087 4041 1394 4101 constitutus,
1435 4052 1492 4090 ut
1529 4057 1623 4090 nec

499 4110 662 4223 '³⁵33ss
684 4106 1364 4233 i¹¹0352223¹²5232¹220ffl5323
1399 4170 1623 4234 pugnam

497 4238 722 4302 superior
739 4238 965 4285 omnibus
987 4252 1108 4294 esse,
1127 4251 1239 4284 cum
1259 4250 1402 4284 nemo
1419 4234 1478 4282 ad
1504 4250 1621 4283 con-

497 4301 863 4416 &rw-1333?
865 4310 1105 4439 ‘iggi‘taellum
1137 4366 1266 4414 inter
1293 4365 1470 4413 heroes
1495 4364 1620 4412 Sici-

497 4430 580 4479 liae
610 4432 830 4478 habitum
861 4428 1028 4486 fuisse,
1049 4430 1128 4477 vel
1161 4444 1224 4476 ex
1257 4429 1392 4477 urbis
1415 4428 1627 4477 Entelloe

1686 3203 1884 3252 nomine
1904 3204 2162 3265 conjectes.
2212 3200 2443 3264 Sequitur
2464 3200 2620 3251 Silius
2640 3211 2829 3251 nostre

1686 3267 2047 3381 sesan
2062 3266 2831 3381 eamus

1658 3422 1661 3426 ²
1688 3404 1910 3461 t'empora
1928 3396 1983 3444 in
2006 3395 2207 3445 Sicilam
2230 3402 2441 3443 venerat.
2490 3398 2686 3444 Acestes
2702 3413 2822 3459 grc-

1687 3466 1805 3509 m'ter
1834 3464 2051 3525 castigat.
2102 3460 2181 3508 lta
2201 3458 2381 3508 malim.
2440 3460 2549 3507 Nec
2578 3460 2713 3508 male
2740 3470 2821 3508 ta-

1688 3541 1802 3575 men
1825 3529 1986 3589 gravis
2014 3524 2228 3581 omnino,
2259 3522 2489 3588 quoniam
2510 3538 2671 3573 senex
2700 3534 2826 3582 erat,

1690 3591 1870 3655 quippe
1904 3605 2047 3639 senes
2068 3598 2211 3637 etate
2240 3599 2293 3637 et
2324 3588 2615 3667 auctoritate
2646 3604 2829 3663 graves

1686 3656 1963 3793 3:332&
1996 3651 2829 3781 {mmdsgffsmffiffis

1686 3784 1830 3842 sides,
1866 3792 1921 3831 ut
1953 3783 2007 3841 ii,
2046 3784 2155 3841 348,
2195 3784 2305 3840 349,
2342 3784 2538 3831 smne:
2556 3780 2829 3843 sortisti-a

1676 3848 1865 3911 frustra
1888 3850 2099 3896 Pectora.

1755 3914 1866 3970 391,
1896 3914 2006 3961 392.
2048 3910 2351 3960 Gravissima
2380 3910 2689 3973 objurgatiot
2724 3928 2823 3959 ua-

1686 3982 1834 4041 gister
1854 3980 1989 4041 Eryx
2010 3978 2058 4024 h.
2080 3992 2122 4024 e.
2146 3974 2303 4039 gloria
2324 3975 2443 4032 baec,
2462 3974 2595 4037 quod
2612 3976 2829 4039 Erycem

1688 4043 1886 4090 heroem
1912 4041 2024 4103 (sed
2052 4044 2222 4102 majus,
2255 4043 2366 4088 dm
2398 4041 2509 4100 ille)
2533 4040 2826 4104 magistrun

1687 4107 1936 4219 ἒξςῦαιιιε
1966 4104 2194 4179 Ιιιὼιιίειεὶἰ
2253 4103 2429 4179 Erycis
2450 4112 2615 4153 autem
2634 4118 2827 4179 nomen

1718 4181 1783 4283 ualt
1814 4185 2047 4283 magnum
2078 4168 2315 4245 pugilatu,
2348 4184 2532 4281 qufflge
2562 4184 2650 4231 qm
2686 4169 2823 4218 Her·

1688 4252 1715 4283 c
1758 4244 2472 4350 ἕᾶῃρἒὃξὶῗζῗὶῖἔξιὲυᾎῑίο
2502 4248 2738 4360 ἓξὲἓίιεω
2768 4297 2830 4346 in

1692 4365 1929 4423 Homero,
1963 4364 2015 4412 in
2050 4363 2188 4412 rimis
2214 4362 2455 4420 Nestoris,
2478 4362 2577 4410 vid.
2606 4362 2747 4411 Iliad.
2772 4380 2825 4420 q,

1694 4431 1787 4478 132
1802 4446 1903 4492 sqq.
1930 4438 1982 4477 et
2046 4437 2193 4477 aertae
2212 4427 2386 4491 Odyss-
2410 4446 2462 4485 υ,
2484 4426 2579 4478 875
2604 4442 2707 4491 sq.3
2734 4426 2827 4475 sed
