3050 4934
1171 279 1510 346 LIBER
1568 276 1669 344 ΙΙ.
2421 283 2584 390 ⁰275

441 427 635 493 Stant
664 433 924 494 circum.

439 525 669 590 Ausus
700 533 854 612 quin
879 533 1074 594 etiam
1101 555 1294 595 voces
1315 536 1569 616 jactare
1599 557 1719 616 per
1750 537 2063 610 umbram,

439 624 708 710 Implevi
737 627 1015 694 clamore
1045 631 1206 707 vias,
1237 641 1641 714 moestusque
1674 635 1989 697 Creusam

267 723 396 790 770
439 725 904 812 Nequidquam
933 726 1334 814 ingeminans
1363 733 1729 815 iterumque
1760 735 2121 817 iterumque
2154 737 2392 800 vocavi.

440 827 802 907 Quoerenti‚
831 841 900 894 et
929 830 1118 894 tectis
1148 831 1330 895 urbis
1362 833 1498 896 sine
1529 832 1660 896 fine
1690 833 1954 912 furenti,

437 927 670 993 Infelix
701 929 1112 1020 simulacrum
1141 931 1337 1016 atque
1366 933 1573 1016 ipsius
1604 935 1833 998 umbra
1861 935 2130 1000 Creusae

437 1027 602 1094 Visa
627 1029 787 1108 mihi
813 1043 964 1096 ante
993 1032 1240 1110 ocuIOS‚
1271 1044 1340 1097 et
1367 1045 1522 1098 nota
1552 1035 1757 1118 major
1784 1036 2015 1120 imago·

444 1129 802 1216 Obstupui,
837 1137 1288 1218 steteruntque
1319 1157 1544 1211 comae,
1576 1146 1643 1199 et
1672 1158 1800 1200 vox
1828 1136 2125 1202 faucibus
2157 1139 2363 1203 haesit.

262 1233 304 1296 7
307 1233 394 1296 75
439 1233 614 1298 Tum
645 1237 736 1301 sic
765 1235 972 1315 affari,
1005 1249 1072 1301 et
1101 1259 1292 1302 curas
1319 1238 1422 1302 his
1451 1239 1713 1303 demere
1746 1241 1973 1305 dictis:

439 1336 621 1409 Quid
654 1348 902 1402 tantum
931 1340 1160 1402 insano
1179 1340 1368 1423 juvat
1399 1339 1737 1423 indulgere
1772 1341 2004 1419 dolori,

437 1437 504 1500 O
535 1437 744 1503 dulcis
773 1440 1058 1525 conjux?
1104 1462 1236 1504 non
1264 1441 1406 1504 haec
1438 1441 1577 1524 sine
1606 1445 1867 1507 numine
1899 1443 2115 1508 divfim

437 1539 802 1604 Eveniunt:
851 1564 969 1606 nec
1001 1553 1066 1606 te
1098 1541 1248 1606 hinc
1279 1544 1577 1607 comitem
1607 1554 1946 1628 asportare
1980 1546 2295 1611 Creusam

433 1639 490 1704 F
489 1665 599 1719 as3
649 1654 763 1707 aut
788 1642 893 1707 ille
925 1645 1076 1708 sinit
1107 1645 1328 1728 superi
1357 1657 1665 1728 reg-nator
1696 1645 1979 1730 Olympi.

264 1742 388 1804 780
435 1741 670 1827 Longa
699 1745 817 1808 tibi
845 1745 1094 1822 exsilia,
1125 1757 1193 1809 et
1221 1757 1476 1809 vastum
1505 1747 1699 1809 maris
1730 1769 1955 1834 aequor
1986 1749 2333 1811 arandum:

434 1845 528 1909 Et
556 1855 796 1910 terram
826 1846 1220 1930 Hesperiam
1249 1848 1504 1924 venies;
1553 1849 1667 1912 ubi
1697 1848 1971 1932 Lydius,
2005 1871 2160 1912 arva

432 1946 616 2014 Inter
644 1949 858 2032 opima
888 1947 1117 2026 virfim,
1149 1947 1278 2013 leni
1309 1949 1454 2012 fluit
1483 1951 1734 2033 agmine
1768 1948 2080 2033 Thybris·

436 2047 576 2114 Illic
607 2071 713 2113 res
745 2049 936 2126 laetae,
967 2072 1392 2134 regnumque,
1424 2061 1492 2114 et
1519 2051 1702 2134 regia
1730 2051 1968 2135 conjux

437 2148 637 2214 Parta
665 2151 818 2215 tibi:
865 2146 1158 2214 lacrimas
1191 2150 1445 2214 dilectae
1471 2150 1642 2234 pelle
1672 2151 1962 2214 Creusae.

263 2249 388 2314 785
435 2250 592 2314 Non
619 2274 744 2335 ego
774 2251 1260 2336 Myrmidonum
1291 2251 1482 2315 sedes
1516 2249 1931 2335 Dolopumve
1961 2255 2278 2335 superbas

411 2349 839 2436 'Adspiciam,
871 2363 986 2416 aut
1017 2351 1236 2416 Graiis
1270 2353 1577 2415 servitum
1607 2353 1920 2415 matribus
1950 2355 2083 2429 ibo,

439 2452 795 2529 DardaniS,
825 2464 894 2517 et
923 2453 1090 2516 divae
1121 2451 1400 2516 Veneris
1431 2445 1672 2516 nurus:

433 2553 571 2619 Sed
599 2577 702 2620 me
732 2576 964 2639 magna
994 2553 1188 2619 defim
1217 2553 1516 2638 genetrix
1546 2551 1649 2616 his
1679 2555 1927 2618 detinet
1955 2555 2107 2618 oris·

257 2773 1122 2900 ffiss‘ssusseffizssssffiffffi
1143 2788 1300 2885 2¹3¹}ss
1313 2789 1384 2884 12¹}

257 2902 402 2964 gibus
423 2900 764 2957 dividendam;
794 2901 924 2949 unde
946 2917 1150 2950 munera
1174 2899 1386 2964 ἐξαίρετα

257 2965 418 3014 locum
449 2966 707 3014 habebant.
777 2965 836 3014 Id
860 2965 988 3028 quod
1017 2965 1146 3014 inter
1165 2965 1384 3013 cultioris

259 3030 372 3078 vitae
404 3029 650 3078 elementa
679 3029 852 3078 referri
883 3029 1020 3078 solet.
1081 3031 1233 3078 Porro
1263 3045 1384 3078 non-

257 3095 376 3143 dum
405 3093 490 3142 ills
511 3103 654 3142 atate
675 3093 902 3156 religioni
931 3095 1158 3143 habuisse
1181 3093 1388 3142 victores

257 3159 372 3207 fana
391 3159 614 3222 expilare
637 3167 688 3206 et
709 3158 984 3206 incendere.

325 3222 519 3274 771-7
524 3222 552 3272 7
556 3225 600 3270 3.
629 3225 780 3271 Tectis
798 3227 940 3279 urbis,
959 3223 1088 3270 intra
1112 3221 1246 3270 urbis
1265 3235 1383 3268 moe-

256 3289 354 3336 nin.
412 3290 734 3344 Simulacrum,
757 3287 979 3335 εἴδωλονε
1019 3286 1195 3350 infeli-r,
1223 3284 1382 3333 infeli-

255 3353 382 3402 citer
413 3352 606 3400 amissa
635 3352 845 3400 Creusae.
911 3353 1039 3399 Nota
1071 3351 1232 3413 major,
1262 3349 1309 3396 h.
1342 3365 1384 3396 e.

257 3416 682 3490 pristina-igitur
695 3417 800 3477 jam
827 3416 920 3463 dea
949 3415 1088 3463 facta.
1148 3415 1280 3463 Nota
1300 3429 1382 3460 ve-

259 3495 721 3598 tefflfsslfffiiad.
745 3563 796 3600 ω,
823 3545 1094 3592 358-360.

327 3610 440 3662 777.
479 3609 619 3658 Iliad.
645 3627 682 3668 ε,
713 3611 818 3657 185.
843 3609 967 3682 Οὐχ
991 3607 1066 3667 ὅγ’
1085 3607 1250 3656 ἄνευθε
1282 3608 1391 3654 θεοῦ

255 3672 376 3724 τάδε
402 3673 632 3734 μαίνεται.
691 3673 759 3721 Et
779 3672 960 3722 similia
983 3671 1113 3719 alibi.
1173 3670 1388 3718 Omnino

259 3741 366 3788 haec
387 3738 546 3787 oratio
567 3747 644 3786 est
664 3737 865 3786 affectus
886 3737 1044 3800 plena.

322 3805 434 3855 779.
470 3805 580 3860 Fas,
604 3801 772 3858 fatum,
795 3817 884 3850 seu
905 3801 1125 3849 voluntas
1145 3799 1361 3847 deorum.

322 3869 434 3918 780.
477 3870 662 3916 Exsilio
693 3881 785 3930 pro
817 3868 1039 3922 exsilium,
1069 3877 1118 3912 et
1149 3865 1242 3912 hoc
1275 3863 1382 3926 pul-

255 3933 376 3982 chre
391 3947 484 3997 pro
501 3931 650 3994 longo
672 3930 847 3979 itinere
867 3929 943 3978 vel
963 3944 1139 3985 errore,
1159 3928 1385 3990 adjuncta

257 3997 474 4054 notione,
497 3995 628 4059 quod
651 4005 790 4042 extra
811 3993 1018 4058 patriam
1043 3994 1112 4040 fit.

323 4063 433 4119 781,
459 4063 570 4112 782.
598 4061 777 4122 Lydius
805 4060 1002 4121 Thybris
1057 4073 1112 4104 ro
1133 4058 1385 4112 Etruscus,

255 4142 320 4175 ex
345 4135 512 4174 vetere
533 4122 768 4188 opinione
789 4122 991 4186 originis
1063 4131 1333 4169 wuscorum
1359 4135 1390 4167 a

259 4189 412 4254 Lydia
423 4190 602 4238 ductae.
637 4191 770 4236 Arva
783 4191 930 4236 viram
945 4187 1150 4249 signate,
1166 4182 1390 4248 exemplo

257 4255 420 4304 Greci
453 4253 648 4314 ἀνδροῖν.
715 4253 833 4300 Leni
855 4255 966 4312 fluit
1105 4253 1178 4298 ine
1193 4268 1209 4296 .·
1243 4263 1391 4312 supra

257 4321 378 4368 Geo-
399 4319 432 4376 i,
453 4319 568 4374 822,
589 4333 754 4380 agnen
773 4332 996 4378 aquarum
1052 4315 1234 4368 ’κεναῖς
1269 4323 1321 4360 at
1343 4313 1389 4359 h.

1449 2772 1580 2837 apud
1624 2773 1839 2822 Macrob.
1888 2774 1951 2831 vi,
2000 2777 2043 2821 4,
2116 2776 2387 2838 Acceptum
2432 2775 2581 2838 igitur

1451 2853 1630 2885 novum
1672 2836 1957 2886 vaticinium
1997 2855 2025 2886 a
2071 2840 2269 2887 Creusae
2309 2843 2479 2888 umbra
2516 2840 2579 2888 de

1449 2901 1647 2949 sedibus
1686 2901 1737 2949 in
1782 2902 1925 2950 Italia
1967 2903 2252 2965 quaerendis.
2325 2904 2424 2951 Hic
2464 2921 2580 2953 vero

1447 2965 1612 3027 gravis
1632 2981 1837 3014 censura
1859 2975 2017 3031 poetae
2034 2967 2267 3022 occurrit3
2299 2968 2477 3015 namin
2501 2986 2577 3016 se-

1453 3029 1625 3090 quenti
1656 3029 1779 3078 libro
1807 3031 2015 3078 AEneam
2050 3031 2101 3078 in
2130 3031 2351 3088 Thracia,
2381 3047 2495 3080 mox
2529 3032 2580 3080 in

1453 3093 1602 3141 Creta
1631 3095 1884 3143 considere
1918 3095 2202 3153 videbimus,
2240 3096 2497 3160 Hesperiae
2533 3107 2583 3145 et

1453 3157 1647 3205 Tiberis
1670 3158 1812 3221 plane
1844 3159 2194 3218 immemorem,
2220 3176 2377 3222 neque
2409 3177 2578 3209 oracu-

1453 3222 1553 3269 lum
1578 3221 1823 3285 Apollinis
1844 3223 1894 3270 in
1922 3224 2049 3272 Delo
2076 3234 2343 3288 acceptum,
2370 3240 2459 3272 nec
2484 3227 2576 3273 Pe-

1453 3285 1638 3333 natium
1658 3286 1895 3334 monitum
1910 3287 1961 3334 in
1976 3289 2105 3335 hunc
2123 3305 2319 3336 sensum
2334 3288 2571 3354 interpre-
2606 3334 2609 3338 ,

1453 3357 1635 3396 tantem
1652 3369 1663 3405 ς
1690 3351 1817 3412 quod
1838 3361 1999 3398 tamen
2018 3351 2173 3399 facere
2193 3368 2390 3401 necesse
2410 3364 2511 3401 erat
2533 3355 2578 3401 ei

1451 3413 1535 3475 qui
1557 3414 1659 3461 haec
1684 3430 1746 3461 ex
1766 3417 1973 3478 conjuge
1996 3432 2083 3463 sua
2108 3417 2339 3464 audierat.

1519 3477 1627 3528 784.
1676 3480 1827 3526 Parta
1868 3483 1969 3538 tibi,
2012 3495 2141 3527 nunc
2184 3480 2283 3527 fato
2322 3480 2577 3528 destinata.

1455 3543 1695 3652 qucn'mas
1746 3545 1942 3599 Creusae,
1986 3552 2187 3606 propter
2231 3544 2479 3600 Creusam,
2528 3553 2583 3591 ut

1453 3621 1480 3654 a
1502 3621 1562 3653 ia.

1520 3669 1791 3720 785—787.
1848 3670 2073 3716 Praeclari
2120 3683 2313 3717 versus:
2364 3679 2581 3718 metuere

1453 3744 1617 3782 autem
1650 3733 1831 3790 debuit,
1868 3749 1931 3780 ne
1963 3733 2047 3780 illa
2079 3731 2131 3780 in
2161 3733 2373 3782 hostium
2406 3749 2579 3782 manus

1449 3796 1715 3854 incidisset,
1736 3807 1786 3844 et
1804 3796 1997 3862 captiva
2013 3797 2344 3845 abduceretur.
2394 3798 2577 3846 Simili-

1451 3862 1671 3910 tudinem
1708 3861 1889 3909 habent
1919 3861 2004 3908 inf.
2036 3860 2105 3918 iii,
2145 3863 2237 3908 321
2279 3877 2347 3924 sq.
2386 3861 2579 3909 Andro-

1450 3927 1633 3974 machae
1667 3927 1839 3981 verba3
1888 3936 1935 3974 et
1969 3926 2159 3988 quoties
2193 3941 2291 3973 non
2323 3927 2581 3974 decantata

1451 4000 1526 4038 est
1566 3992 1668 4038 haec
1710 3989 1959 4038 calamitas
1990 3991 2043 4037 in
2078 3989 2297 4053 tragicis!
2337 3991 2582 4038 Memorat

1453 4064 1617 4104 autem
1642 4054 1954 4118 Neoptolemi
1984 4053 2183 4117 regiam,
2204 4064 2429 4115 tanquam
2454 4069 2579 4118 prae-

1453 4119 1647 4182 cipuam
1679 4118 1911 4182 praecipui
1943 4119 2071 4166 inter
2096 4117 2393 4166 Achivorum
2415 4118 2577 4166 duces.

1455 4186 1594 4231 Sedes
1614 4186 1845 4244 superbas,
1870 4182 2055 4245 regiam
2082 4183 2400 4246 superborum
2424 4182 2578 4230 domi-

1455 4263 1643 4295 norum.

1524 4310 1631 4362 788.
1694 4312 1872 4372 Magna
1930 4314 2061 4358 deam
2128 4321 2295 4360 mater.
2378 4313 2585 4362 Videtur

259 4383 290 4432 l.
315 4383 542 4434 abolute
565 4379 724 4430 Ennii
745 4379 970 4443 exemplo
991 4378 1170 4426 Annal.
1195 4393 1240 4435 v,
1265 4379 1396 4430 Quod
1459 4375 1615 4432 innui,
1632 4391 1661 4422 a
1680 4375 1861 4438 Cybele
1879 4390 1987 4423 eam
2004 4375 2057 4424 in
2074 4377 2371 4426 consortium
2385 4393 2491 4426 csse
2506 4394 2582 4426 as-

253 4465 341 4510 per
357 4463 587 4498 m
607 4448 764 4494 urben
788 4447 878 4492 lent·
889 4447 1000 4504 fluit
1017 4446 1196 4506 agmine
1208 4444 1392 4503 flumen,

1461 4449 1675 4488 sumtum
1695 4447 1921 4502 tanquam
1937 4440 2215 4505 Nympham
2230 4442 2282 4490 in
2296 4443 2456 4506 patrio
2468 4442 2579 4491 solo.
