3050 4934
1195 269 1537 335 LIBER
1580 270 1635 334 1.

435 417 523 482 Se
551 441 814 503 quoque
841 420 1242 506 principibus
1270 422 1661 505 permixtum
1690 425 1953 506 agnovit
1982 423 2276 500 Achivis,

436 518 746 603 ansque
775 522 970 598 acies,
1002 531 1071 585 et
1099 522 1266 606 nigri
1293 520 1665 587 Memnonis
1695 546 1893 588 arma.

263 618 392 682 490
434 619 640 684 Ducit
666 619 1140 687 Amazonidum
1170 621 1406 687 lunatis
1437 625 1693 708 agmina
1718 624 1912 709 peltis

435 721 852 788 Penthesilea
881 724 1128 802 furem,
1159 726 1518 809 mediisque
1550 727 1615 789 in
1643 725 1921 791 millibus
1952 728 2162 804 ardet,

435 823 662 890 Aurea
693 829 1084 893 subnectens
1111 839 1390 893 exsertae
1419 828 1677 913 cingula
1704 851 1994 893 mammae

436 927 776 1006 Bellatrix,
810 929 1137 1014 audetque
1169 930 1320 994 viris
1351 951 1740 994 concurrere
1773 931 1977 1014 virgo.

519 1027 688 1094 Haec
719 1019 874 1094 dum
905 1031 1246 1096 Dardanio
1273 1030 1509 1095 AEneae
1540 1031 1832 1114 miranda
1860 1032 2185 1108 videntur,
2236 1061 2240 1066 ¹

257 1130 394 1194 495
436 1129 616 1193 Dum
645 1142 888 1216 stupet,
919 1132 1283 1216 obtutuque
1311 1131 1522 1196 haeret
1552 1133 1811 1197 defixus
1840 1133 1907 1196 in
1937 1155 2105 1210 uno;
2194 1155 2221 1172 ·

435 1229 694 1315 Regina
721 1232 808 1296 ad
837 1232 1168 1318 templum,
1200 1233 1407 1298 forma
1433 1232 1889 1318 pulcherrima,
1925 1234 2107 1299 Dido

439 1331 738 1409 Incessit,
767 1355 1002 1418 magna
1020 1335 1335 1418 juvenum
1367 1336 1649 1419 stipante
1680 1347 1960 1400 caterva.

436 1432 670 1505 Qualis
699 1434 764 1496 in
796 1433 1070 1498 Eurotae
1100 1435 1281 1520 ripis,
1313 1446 1428 1499 aut
1455 1457 1576 1519 per
1595 1437 1761 1521 juga
1790 1436 2053 1521 Cynthi,

435 1533 727 1599 Exercet
757 1533 976 1600 Diana
1003 1535 1275 1613 choros3
1321 1557 1513 1619 quam
1544 1535 1713 1601 mille
1746 1547 1987 1602 secutoe

259 1798 497 1856 Achilles,
533 1797 672 1846 lliad.
701 1817 750 1856 ω,
781 1799 840 1845 14·
869 1813 969 1860 sqq.
1028 1797 1259 1845 Tractum
1291 1797 1382 1860 igi-

257 1875 340 1912 tur
366 1861 600 1911 Hectoris
628 1861 836 1910 cadaver
851 1861 982 1910 circa
1001 1877 1166 1910 muros
1185 1870 1269 1910 aut
1299 1860 1386 1909 uni

259 1943 324 1976 ex
363 1926 560 1991 cyclicis
592 1935 678 1975 aut
720 1942 784 1974 ex
819 1926 1016 1989 tragicis
1048 1925 1217 1974 deberi
1250 1935 1383 1990 puto.

261 1993 402 2040 Bene
439 1990 516 2038 vel
549 1990 612 2037 ad
645 1989 764 2038 artis
795 1989 1050 2047 rationem,
1087 1997 1354 2050 raptaverat
1367 2008 1386 2044 ‚-

255 2071 374 2104 nam
397 2056 490 2104 hoc
517 2063 857 2112 antecesserat,
881 2061 932 2102 et
961 2069 1138 2117 corpus
1171 2054 1385 2102 lacerum

257 2130 309 2168 et
341 2119 577 2168 t'oedatum
609 2117 872 2166 immanem
905 2133 1012 2166 eam
1042 2118 1384 2166 contumeliam

257 2185 336 2232 vel
373 2184 426 2232 in
463 2183 550 2232 tali
590 2197 736 2247 opere
771 2197 975 2244 arguere
1073 2189 1210 2231 terat.
1279 2181 1381 2233 Ex—

257 2263 486 2312 pressum
519 2256 684 2296 autem
717 2255 918 2311 putetur
939 2247 1014 2294 Ac
1049 2245 1146 2294 illis
1181 2245 1382 2294 tentori-

257 2309 1386 2438 mffi.³m⁹;†;³a⁵2¹55;²302*3÷¹3¹;20351305”⁸

257 2441 430 2489 vinum
453 2439 590 2496 illud,
613 2441 804 2496 Μνῆσαι
824 2437 1000 2502 πατρὸς
1021 2439 1384 2500 σεῖο-,ἰαιηῇαω

255 2505 350 2554 fari
386 2504 655 2568 incipiens:
705 2503 758 2551 in
795 2512 1073 2566 conspectu,
1113 2501 1320 2550 adducta
1355 2518 1384 2550 a

259 2569 460 2618 Priamo
495 2567 764 2616 redimendi
797 2565 1015 2646 corporis
1043 2565 1228 2630 pretia;
1267 2565 1380 2613 ἄπε-

257 2633 396 2696 ρείσι’
435 2633 608 2681 &aava
629 2633 902 2694 (-χρυσου
933 2629 988 2678 δὲ
1024 2629 1210 2688 στήσας
1244 2629 1383 2692 ἔφερε

259 2695 380 2746 δέκα
408 2695 568 2744 πάντα
597 2693 842 2748 vti-amm
885 2694 1014 2743 unde
1049 2711 1092 2742 v.
1130 2696 1241 2752 484,
1269 2711 1383 2742 auro

259 2777 424 2824 carpas
441 2763 664 2808 mdabat
685 2760 942 2819 Achiues);
977 2759 1173 2806 adstant
1203 2774 1266 2806 ex
1290 2757 1386 2806 alia

441 2828 604 2886 spolia.
645 2824 692 2872 h.
733 2839 776 2871 e.
815 2837 950 2871 arma
989 2823 1163 2886 quibus
1206 2837 1386 2870 caesum

315 2897 532 2938 ectorem
565 2887 860 2952 spoliaverat
889 2886 1058 2945 victor,
1093 2904 1270 2944 carras,
1306 2885 1386 2935 cui

257 2953 500 3016 illigatum
523 2969 636 3002 eum
665 2961 954 3016 raptaverat,
979 2960 1030 2999 et
1057 2955 1204 3014 ipsam
1225 2968 1385 3013 eorpus

257 3023 410 3075 antid,
449 3033 516 3066 sc.
571 3016 814 3074 Hectoris,
853 3031 916 3064 ex
955 3029 1100 3064 curru
1139 3015 1384 3079 supinum,

257 3081 452 3147 pulveri
485 3082 786 3139 incumbens,
809 3079 938 3144 quod
959 3079 1040 3128 die
1067 3095 1258 3142 quoque
1280 3089 1388 3127 orto

259 3157 336 3196 ter
363 3146 496 3195 eima
519 3145 730 3196 Patrocli
763 3145 1004 3193 tumulum
1025 3143 1224 3194 ductare
1259 3143 1384 3192 sole-

259 3213 342 3260 bat
375 3210 620 3260 Achillea:
655 3209 753 3258 vid.
779 3209 918 3257 Iliad.
952 3227 1002 3266 ω,
1031 3210 1092 3256 14
1115 3224 1217 3272 sqq.
1274 3210 1382 3255 Ma-

259 3293 348 3324 nat
367 3280 563 3324 immet
585 3274 686 3322 noli
717 3274 924 3323 inertem
945 3281 1119 3336 putare
1147 3281 1384 3320 ornanum.

263 3341 394 3388 Nam
417 3355 478 3388 eo
507 3347 710 3403 spectat,
769 3338 866 3386 uod
898 3337 1166 3412 intraverat
1189 3335 1390 3410 ‘hostilia

259 3403 748 3546 ansts..
781 3409 1240 3514 ..mmm
1273 3415 1386 3511 εἰ

259 3547 486 3582 emmas.

325 3599 439 3646 48⁸.
487 3597 614 3644 Cum
650 3594 854 3644 Achivis
887 3596 1162 3656 pennis-tam
1196 3591 1385 3655 proelio,

261 3661 529 3724 τρομόχω
554 3659 800 3722 μιχθέντα,
825 3673 928 3733 seu·
943 3665 1258 3732 pugnantem,
1296 3655 1384 3703 ΙΕ-

263 3743 408 3775 nam
581 3739 658 3788 ap.
685 3724 888 3772 Homer.
915 3737 1150 3770 invenias.

326 3792 442 3840 489.
478 3787 696 3854 Agnovit
717 3789 1032 3836 Memnonem
1059 3793 1386 3850 pugnantem:

261 3855 394 3919 quod
413 3865 580 3904 autem
599 3857 781 3916 nigrum
802 3851 1028 3928 appellat,
1053 3859 1104 3898 et
1125 3851 1247 3898 ans
1269 3851 1391 3896 acies

262 3927 516 3976 memorat,
551 3917 604 3966 id
639 3933 698 3966 eo
728 3923 955 3980 pertinet,
983 3913 1134 3978 quod,
1171 3911 1387 3977 quando-

263 3984 463 4047 quidem
479 3980 664 4032 auxilia
681 3997 746 4031 ex
763 3979 907 4030 terris
925 3977 1103 4028 Troadi
1125 3979 1186 4026 ab
1203 3977 1390 4026 oriente

265 4047 388 4104 sitis,
431 4063 542 4110 que
581 4057 684 4094 tum
727 4045 820 4094 sub
857 4046 900 4092 A
1013 4043 1169 4092 'orum
1205 4041 1392 4090 ditione

265 4112 414 4162 fixisse
457 4111 699 4168 videntum,
753 4111 958 4158 Aurorae
999 4107 1084 4156 ille
1129 4106 1258 4154 filius
1303 4105 1388 4153 ad-

265 4177 418 4234 duxit,
448 4175 600 4224 Indos
621 4183 672 4224 et
692 4173 948 4238 AEthiopes
969 4169 1229 4221 adduxisse
1249 4169 1388 4218 fabu-

267 4241 366 4290 lose
387 4240 580 4289 dicitur.

329 4305 604 4354 *ao—40³.
641 4303 720 4352 De
747 4300 1076 4350 Amazonibus
1105 4299 1228 4347 duce
1259 4299 1388 4346 Pen-

267 4369 472 4418 thesilea
521 4366 758 4416 auxilium
815 4365 912 4414 Ilio
971 4363 1237 4414 ferentibus
1290 4361 1386 4410 vid.

267 4433 504 4488 Quintum
561 4432 753 4494 Smyrn.
806 4429 930 4480 libro
971 4429 1002 4476 i.
1087 4427 1390 4476 Induxerant

1452 1797 1726 1846 Amazones
1742 1797 1793 1844 in
1814 1797 1928 1845 belli
1952 1797 2150 1859 Trojani
2174 1799 2400 1849 historias
2416 1811 2573 1865 poetae

1451 1861 1534 1924 qui
1568 1871 1680 1924 post
1703 1861 1977 1910 Homerum
2010 1862 2261 1927 scripsere,
2288 1863 2401 1926 quia
2436 1866 2563 1918 anti-„-

1450 1925 1619 1987 quiore
1641 1925 1803 1988 aliqua
1832 1926 1959 1974 fama
1979 1926 2234 1975 celebratae
2257 1937 2398 1976 erant
2419 1929 2571 1978 Ama-

1450 2003 1627 2037 zonum
1676 1989 1973 2054 irruptiones
2024 1990 2077 2038 in
2118 1990 2287 2039 Asiam
2335 1992 2573 2041 minorem

1447 2052 1602 2111 facte,
1634 2053 1861 2119 inprimis
1892 2053 1944 2102 in
1969 2054 2174 2117 Lydiam
2196 2065 2247 2103 et
2282 2056 2571 2119 Phrygium

1449 2133 1655 2180 quarum
1676 2133 1774 2166 una
1794 2117 1847 2167 in
1873 2119 2055 2166 Priami
2082 2129 2303 2184 tempora
2318 2121 2571 2169 inciderat.

1451 2184 1600 2230 Poeta
1640 2184 1811 2230 lanata
1844 2182 2041 2248 proprie
2082 2183 2384 2232 Amazonum
2420 2185 2571 2234 fuere.

1451 2249 1727 2321 Saba-ecferet
1769 2251 1953 2309 cingula
1990 2265 2205 2306 mam,
2252 2263 2289 2296 s.
2332 2249 2570 2308 mammis,

1448 2314 2571 2438 {tggtxssnnqzmffianmdgztcgevgghfflnDex-

1449 2448 1525 2486 tra
1568 2438 1753 2488 scilicet
1796 2455 1861 2502 pa
1894 2438 1979 2487 illa
2017 2448 2121 2486 erat
2164 2439 2358 2488 nudata.
2442 2441 2575 2490 Nota

1448 2502 1625 2550 omnia.
1677 2505 1839 2559 Ardet,
1860 2455 1995 2560 {urin
2020 2503 2209 2551 fortiter
2230 2514 2441 2568 pugnat:
2478 2522 2569 2553 me-

1447 2569 1542 2614 aiis
1582 2569 1631 2614 in
1664 2569 1879 2624 millibus,
1915 2565 2119 2624 doctius,
2161 2583 2305 2628 quam
2344 2567 2395 2614 in
2432 2569 2575 2618 turba

1447 2631 1525 2678 vel
1544 2630 1661 2678 acie.
1697 2633 1854 2678 Audet
1952 2633 2066 2678 viris
2081 2647 2346 2680 eonem-rere
2364 2635 2493 2695 virgo
2510 2647 2573 2680 ex

1451 2695 1655 2742 Homer.
1685 2695 1823 2742 lliad.
1877 2729 1889 2752 ,
1923 2695 2028 2752 186,
2062 2711 2112 2755 γ,
2152 2696 2243 2744 189
2289 2704 2457 2744 natum
2494 2695 2566 2744 vi·

1448 2758 1569 2816 deri,
1613 2769 1843 2807 notarunt
1879 2761 1981 2820 jam
2020 2757 2117 2806 alii.
2193 2760 2348 2808 Totus
2393 2761 2473 2808 hic
2511 2761 2573 2809 de

1448 2822 1779 2871 Amazonibus
1800 2822 1935 2872 locus
1956 2831 2033 2870 est
2048 2824 2436 2887 pulcherrimus.-

1514 2886 1788 2937 494—497.
1826 2888 2035 2944 Interea,
2068 2887 2185 2935 dum
2218 2887 2439 2936 miranda
2469 2889 2573 2936 haec

1449 2967 1599 3016 opera
1636 2951 1992 3026 contemplatur
2027 2951 2224 3008 AEneas,
2258 2951 2377 3000 dum
2414 2953 2475 3000 ab
2514 2969 2573 3000 eo

1447 3018 1675 3073 videntur,
1710 3015 2051 3078 inspiciuntur,
2086 3024 2137 3063 et
2166 3016 2281 3064 dum
2317 3016 2459 3065 unice
2492 3015 2571 3064 in-

1452 3089 1617 3128 tentus
1638 3080 1691 3127 in
1712 3095 1771 3128 ea
1792 3095 1899 3142 quae
1920 3079 2165 3136 intuetur;
2197 3079 2329 3129 Dido
2350 3081 2561 3129 advenit.

1517 3145 1613 3191 498
1662 3159 1765 3206 sqq.
1823 3144 2135 3209 Comparatio
2190 3153 2265 3193 est
2316 3145 2575 3208 splendida

1454 3207 1665 3256 Didonis
1696 3223 1807 3256 cum
1843 3208 2019 3266 Diana,
2048 3223 2191 3272 quam
2226 3209 2451 3258 tractust
2481 3225 2569 3273 po-

1451 3271 2458 3412 ssbffi⁸tpf¹33153⁰3923325,.52133.2
2467 3289 2573 3385 2332

1453 3405 1727 3462 improspere
1756 3403 2014 3462 Virgilium,
2048 3409 2131 3458 ait,
2162 3417 2217 3450 ea·
2248 3405 2445 3450 Homero
2469 3418 2570 3449 ver-

1451 3468 1575 3512 tisse.
1632 3465 1817 3512 Contra
1847 3465 1947 3513 Jul.
1980 3467 2102 3514 Caes.
2138 3465 2355 3528 Scaliger
2386 3465 2437 3512 in
2473 3463 2568 3513 Po-

1451 3528 1578 3576 etiee
1613 3544 1657 3584 v,
1696 3530 1740 3586 3,
1780 3545 1829 3592 p.
1872 3530 1982 3585 219,
2032 3531 2313 3591 Virgilianos
2350 3545 2505 3576 veram
2542 3545 2573 3575 a

1451 3596 1685 3654 magistro,
1714 3595 1979 3640 Homericos
2003 3609 2107 3639 vero
2137 3609 2168 3639 a
2205 3594 2429 3653 discipulo
2465 3609 2569 3639 con-

1438 3655 1591 3716 fectos
1624 3655 1879 3703 ostendere
1912 3655 2031 3702 vult.
2087 3654 2184 3702 Sed
2218 3665 2323 3702 erat
2350 3671 2573 3704 summus

1453 3720 1531 3769 vir
1585 3720 1784 3768 omnino
1838 3719 2060 3766 Homero
2114 3718 2339 3781 iniquior.
2414 3719 2573 3768 Nobis

1453 3783 1665 3847 quidem,
1694 3795 1751 3832 ut
1778 3783 1831 3831 in
1862 3781 1985 3841 aliis,
2015 3782 2203 3831 inventi
2232 3782 2441 3841 laudem,
2466 3799 2572 3846 quae

1453 3847 1585 3896 baud
1610 3847 1759 3896 dubie
1786 3856 1862 3895 est
1889 3849 2056 3911 major,
2087 3848 2349 3905 Homerus,
2376 3847 2573 3908 majoris

1455 3921 1655 3962 ornatus
1683 3911 2153 3961 commendationem
2184 3912 2363 3960 habere
2381 3910 2575 3960 videtur

1458 3976 1723 4039 Virgilium
1758 3986 1809 4024 et
1841 3991 1947 4024 esse
1980 3977 2032 4024 in
2066 3986 2269 4040 utroque
2296 3975 2425 4038 quod
2457 3990 2572 4050 pro-

1455 4043 1556 4098 bes,
1592 4041 1720 4103 quod
1752 4040 1957 4089 mireris.
2020 4043 2196 4098 Qualis,
2228 4055 2321 4104 pro
2350 4039 2571 4101 quahter,

1455 4121 1553 4168 quo
1584 4105 1780 4160 habim
1824 4119 1915 4168 pro
1948 4104 2103 4167 qualis
2141 4114 2217 4152 est
2252 4119 2363 4151 curn
2396 4112 2574 4152 exercet

1454 4173 1624 4228 choros,
1672 4168 1821 4226 ducit,
1876 4167 2104 4216 instituit.
2180 4169 2575 4230 Frequentantur

1455 4243 1619 4282 autem
1654 4249 1685 4282 a
1716 4233 1874 4297 poetis
1914 4232 2252 4297 Nympharum
2288 4232 2437 4290 chori,
2480 4232 2572 4281 du-

1455 4307 1597 4346 cente
1642 4313 1725 4346 eos
1772 4297 1946 4346 Diana.
2017 4296 2280 4346 colebatur
2322 4296 2408 4345 illa
2446 4312 2571 4361 prae-

1453 4361 1498 4410 ci
1534 4377 1599 4410 uo
1631 4363 1766 4412 cultu
1800 4361 2147 4410 Lacedaemone
2177 4371 2226 4410 et
2256 4361 2305 4410 in
2340 4361 2467 4409 Delo
2494 4361 2571 4409 in-

1453 4441 1510 4476 su
1532 4442 1573 4474 a.
