3050 4934
404 272 536 336 234

1290 266 1821 336 AENEIDOS

405 423 535 488 695
577 423 854 506 Jamque
883 424 1020 486 ibat
1049 423 1224 486 dicto
1253 442 1515 505 parens,
1547 432 1615 484 et
1644 420 1817 484 dona
1846 420 2107 504 Cupido

579 523 794 607 Regia
823 524 1130 610 portabat
1158 522 1401 607 Tyriis„
1435 522 1602 586 duce
1632 521 1822 586 laetus
1853 519 2135 586 Achate.

672 624 894 697 Quum
923 625 1118 701 venit,
1150 621 1373 687 aulaeis
1393 623 1533 708 jam
1562 643 1633 687 se
1662 623 1889 707 regina
1918 621 2218 706 superbis

575 723 802 790 Aurea
832 725 1195 810 composuit
1226 725 1500 811 sponda,
1532 724 1938 808 mediamque
1966 722 2223 787 locavit.

580 827 730 891 Jam
757 837 947 910 pater
977 825 1252 903 AEneaS,
1285 837 1353 890 et
1372 827 1508 911 jam
1539 825 1833 911 Trojana
1849 826 2162 911 juventus

408 927 543 992 700
582 928 1014 1004 Conveniunt,
1047 936 1380 1011 stratoque
1415 949 1615 1011 super
1644 926 2073 991 discumbitur
2103 935 2305 989 ostro.

580 1027 1016 1093 Dant·samuli
1042 1029 1340 1093 manibus
1367 1027 1693 1112 lymphas,
1726 1027 2162 1110 Cereremque
2190 1025 2487 1090 canistris

581 1127 991 1213 Expediunt,
1022 1130 1358 1212 tonsisque
1387 1127 1609 1192 ferunt
1636 1127 1937 1192 mantelia
1967 1125 2157 1191 villis.

591 1230 1084 1314 Quinquaginta
1113 1231 1288 1293 intus
1317 1228 1597 1305 famulae,
1629 1230 1865 1312 quibus
1896 1230 2121 1293 ordine
2148 1226 2349 1311 longo

581 1330 760 1394 Cura
787 1352 1028 1415 penum
1059 1341 1337 1405 struere,
1369 1341 1438 1393 et
1464 1329 1735 1392 flammis
1766 1329 2029 1395 adolere
2061 1329 2367 1394 Penates.

410 1431 541 1496 705
586 1431 866 1496 Centum
893 1429 1058 1508 aliae,
1089 1431 1490 1514 totidemque
1519 1451 1714 1515 pares
1746 1441 1939 1494 aetate
1968 1431 2265 1507 ministri,

586 1533 722 1607 Qui
750 1533 1028 1619 dapibus
1058 1553 1314 1596 mensas
1347 1542 1643 1608 onerant,
1672 1542 1743 1596 et
1769 1530 2005 1615 pocula
2034 1541 2308 1614 ponunt.

471 1697 479 1714 ,
582 1634 732 1699 Nec
761 1657 890 1698 non
917 1646 986 1698 et
1016 1632 1203 1718 Tyrii
1230 1655 1349 1718 per
1378 1633 1597 1697 limina
1622 1630 1772 1696 laeta
1801 1631 2175 1716 frequentes

585 1735 988 1813 Convenere,
1021 1738 1179 1800 toris
1202 1735 1374 1820 jussi
1401 1735 1810 1799 discumbere
1840 1733 2051 1819 pictis.

412 1958 561 1990 somno
595 1939 849 2014 adju-net&
897 1939 1029 2015 unde
1069 1939 1209 2000 ὑγρὸς
1245 1939 1398 1988 ὕπνος.
1457 1937 1539 1986 Ex

415 2003 1218 2129 ffuspsssrz‘ffi‘zffidztssussssffi
1233 2001 1537 2114 350202231

415 2135 580 2180 Focum
597 2134 786 2194 gremio,
809 2131 1028 2183 ornatius
1045 2146 1204 2192 quam,
1223 2133 1421 2191 positum
1435 2148 1452 2176 .·
1476 2129 1537 2178 cf.

419 2196 528 2253 718,
575 2197 803 2244 interdum
849 2200 1022 2258 gremio
1051 2193 1194 2257 fovet.
1268 2198 1540 2251 Amarae-us,

419 2260 762 2323 sampsuchum
791 2259 867 2306 vel
901 2260 1152 2320 majoram,
1177 2275 1284 2321 quie
1305 2258 1436 2305 inter
1456 2273 1538 2306 co-

417 2324 638 2372 ronarias
661 2331 760 2371 est:
787 2322 883 2371 vid.
909 2323 1035 2371 Plin.
1057 2323 1158 2381 xxi,
1189 2326 1262 2381 11,
1282 2338 1320 2371 s.
1347 2323 1425 2380 35,
1447 2323 1538 2370 39:

416 2392 466 2436 ἐπ’
493 2390 644 2450 Cypro
686 2390 1049 2436 laudatissimum
1083 2396 1130 2436 et
1163 2389 1539 2444 odoratissimum,

419 2451 535 2500 ibid.
559 2469 602 2501 c.
624 2453 701 2509 22,
722 2467 760 2500 s.
782 2453 869 2509 93;
905 2461 968 2510 et,
993 2460 1050 2500 ut
1081 2455 1285 2501 umbram
1313 2450 1361 2499 h.
1383 2451 1414 2498 1.
1435 2450 1538 2498 effi-

417 2516 527 2575 ciat,
551 2515 879 2566 luxuriantius
899 2515 969 2565 ibi
992 2516 1126 2565 nasci
1147 2517 1305 2564 debet.

485 2581 594 2639 697,
619 2581 729 2630 698.
772 2582 1106 2630 Accumbebat
1134 2583 1237 2644 jam
1271 2593 1452 2628 mensae
1487 2578 1541 2626 in

419 2653 527 2692 toro
552 2644 684 2692 Dido
701 2659 814 2692 cum
835 2643 985 2694 falsus
1009 2645 1146 2694 Iulus
1168 2643 1379 2693 advenit.
1437 2646 1539 2691 Au-

423 2711 510 2756 laea
531 2717 668 2773 sunt.
679 2717 838 2758 vestes
871 2708 1112 2772 stragulae,
1137 2725 1180 2757 v.
1207 2709 1316 2766 639,
1341 2707 1543 2772 spondae

419 2779 472 2820 et
493 2771 817 2834 torcinjectae.
875 2777 932 2822 Se
951 2777 1207 2836 composuit,
1227 2771 1430 2837 pulchre
1450 2786 1543 2835 pro

418 2835 653 2884 consedit.
711 2839 748 2884 S
935 2853 1079 2885 aurea
1111 2835 1431 2900 jungendum,
1477 2851 1541 2884 ne

419 2901 593 2961 :ponda
653 2915 718 2949 nu
755 2917 783 2948 e
838 2900 904 2949 sit
955 2901 1126 2965 posita.
1186 2900 1332 2950 Dicta
1377 2909 1544 2948 autem

419 2967 592 3025 sponda
613 2964 903 3027 exquisitius
921 2981 1066 3028 quam
1088 2965 1258 3014 lectus.
1311 2967 1541 3013 Mediam-

423 3045 508 3090 que
531 3027 854 3086 locavitfinter
868 3029 1078 3077 AEneam
1097 3040 1149 3078 et
1167 3029 1344 3077 falsum
1364 3029 1543 3086 lulum,

425 3091 478 3138 in
514 3091 740 3149 tridinio,
776 3092 927 3140 siunt.
980 3093 1146 3142 Verba
1167 3103 1331 3141 tamen
1354 3101 1545 3141 tantum

423 3155 515 3202 hoc
537 3155 866 3219 suppeditant,
891 3171 998 3204 eam
1021 3157 1298 3206 consedisse
1319 3156 1372 3204 in
1391 3157 1542 3213 lecto;

421 3227 472 3266 et
491 3221 686 3266 mediam
706 3235 760 3268 se
783 3223 946 3268 beavit
981 3220 1044 3269 sd
1076 3222 1323 3286 poeticum
1356 3237 1541 3270 sermo-

421 3297 536 3331 nem
557 3283 880 3332 referendum.

487 3347 758 3398 699—702.
795 3349 1058 3412 Postquam
1081 3349 1212 3397 Dido
1240 3349 1541 3409 consederat,

421 3409 734 3461 discumbunt
759 3412 880 3461 locis
901 3413 1004 3462 suis
1025 3413 1254 3470 Tro‘ani3
1288 3413 1541 3463 instruun-

418 3483 504 3586 ἓξ
521 3477 1102 3591 ’Ξὲἓὲἓῖξῗῶζῗῧ
1121 3477 1541 3606 13ffl⁰2532⁵

423 3611 590 3651 tantm
621 3619 826 3653 munera
857 3606 1030 3656 AEneae
1059 3621 1104 3655 v.
1131 3607 1254 3664 7093
1289 3617 1339 3656 et
1363 3606 1494 3655 Dido
1514 3622 1544 3655 a

421 3665 544 3716 falso
579 3668 794 3716 Ascanio
831 3685 996 3719 amore
1036 3671 1210 3720 AEneoe
1245 3671 1540 3720 accenditur.

425 3733 582 3779 Strato
615 3740 750 3790 ostro,
782 3748 930 3798 super
965 3743 1072 3782 toro
1107 3751 1355 3810 purpurea
1393 3743 1543 3794 veste,

421 3795 650 3908 ἓξὲξ
659 3798 1546 3911 sugamus&

423 3923 486 3970 ad
526 3939 609 3973 eas
648 3925 906 3988 tergendas
945 3923 1267 3988 χειρόμακτρα
1307 3925 1445 3974 levia
1486 3941 1543 3976 ac

421 3987 613 4044 mollin
649 3987 890 4051 simulque
923 3988 1182 4038 instruitur
1216 4004 1385 4038 mensa
1411 4004 1539 4054 pane

422 4065 450 4099 e
471 4051 698 4101 canistris
732 4052 985 4117 depromto
1016 4063 1067 4101 et
1088 4053 1323 4118 apposito.
1392 4054 1543 4118 Apud

423 4113 698 4164 Homerum
727 4116 876 4192 panis
914 4115 968 4165 in
1001 4117 1228 4166 canistris
1261 4133 1290 4166 a
1391 4117 1539 4175 nitur,

421 4179 551 4289 (11181311
562 4193 801 4291 lgiiessius
839 4181 1058 4244 sequitur
1091 4191 1258 4230 noster
1355 4197 1405 4230 n.
1436 4181 1539 4241 viii,

518 4276 531 4299 ‚
653 4277 666 4291 .

486 4305 596 4365 708,
640 4308 750 4358 704.
805 4308 868 4358 In
907 4309 1139 4358 interiore
1183 4309 1360 4358 edium
1401 4318 1542 4384 parte

420 4379 560 4417 erant
597 4369 805 4429 femine,
847 4387 956 4435 quae
997 4387 1175 4437 panem
1218 4373 1270 4422 in
1315 4375 1542 4424 canistris

417 4437 676 4494 struerent,
709 4445 764 4484 ut
792 4435 1186 4487 circumferretur
1207 4447 1256 4486 et
1277 4437 1537 4488 distribue-

1600 1945 1737 1985 retur
1756 1934 2003 1991 convivis3
2038 1934 2170 1998 quod
2190 1951 2233 1983 v.
2261 1932 2351 1985 ⁷01
2378 1933 2538 1983 flebat.
2592 1933 2727 1982 Nam

1601 2002 1694 2048 hoc
1726 2011 1815 2058 est,
1840 1999 1902 2048 iis
1936 2014 2102 2048 curam
2136 1999 2302 2056 fuisse,
2334 2006 2511 2047 struere
2542 2015 2724 2059 penum.

1604 2066 1761 2127 Longo
1800 2067 1972 2121 ordine,
2018 2063 2246 2126 quoniam
2290 2063 2330 2110 L
2370 2077 2589 2110 numero.
2656 2064 2725 2110 Ee

1594 2131 1795 2190 flammis
1812 2131 1995 2177 adolere
2012 2130 2221 2176 Penates:
2280 2127 2491 2175 Penates
2523 2134 2608 2174 aut
2633 2141 2728 2189 pro

1606 2192 1705 2242 aris
1722 2209 1777 2240 ac
1800 2193 1934 2250 focis,
1954 2202 2040 2240 aut
2056 2208 2147 2256 pro
2165 2191 2272 2256 ipso
2289 2191 2542 2254 penetrali,
2567 2189 2724 2237 omni-

1605 2255 2045 2382 ffissfiepmamdmii'
2066 2255 2221 2369 Ἑὲξξξ
2236 2263 2493 2382 QZ.
2522 2256 2729 2366 ³⁸:333

1608 2385 1841 2434 orationis
1872 2400 2021 2443 more,
2053 2401 2157 2461 pro,
2198 2383 2416 2432 flammas
2447 2381 2538 2430 ado
2558 2395 2641 2431 ere
2673 2382 2717 2430 ir

1608 2449 1887 2508 Penatibus,
1916 2465 1954 2498 s.
1978 2447 2178 2507 aedibus,
2212 2449 2261 2496 h.
2286 2462 2329 2496 e.
2356 2447 2409 2495 in
2434 2447 2547 2496 aris.
2614 2447 2729 2495 Jam

1608 2523 1771 2562 autem
1806 2529 2007 2576 quaerss,
2044 2527 2288 2576 quorsmm
2324 2512 2379 2559 in
2418 2512 2520 2560 vita
2556 2511 2727 2574 utique

1606 2579 1816 2636 heroica,
1840 2577 1969 2626 inter
1990 2577 2158 2642 epulas
2180 2577 2233 2625 in
2255 2577 2361 2624 foco
2384 2577 2513 2639 ignis
2530 2574 2729 2624 incendi

1608 2642 1779 2691 solitus
1802 2642 1899 2691 sit?
1936 2643 2053 2690 Non
2087 2657 2155 2691 ssi
2178 2657 2203 2690 e
2234 2641 2430 2705 frigoris
2450 2638 2727 2704 depellendi

1606 2721 1767 2764 causa,
1802 2721 1893 2754 nec
1914 2707 1977 2754 ad
2001 2721 2173 2755 carnes
2198 2705 2487 2768 coquendas.
2542 2705 2731 2755 Verum

1607 2780 1873 2835 perpetuus
1907 2770 2006 2829 ille,
2042 2769 2189 2818 etiam
2224 2785 2314 2834 per
2348 2769 2573 2832 sequiora
2602 2777 2727 2816 tem-

1606 2851 1739 2900 pora,
1758 2835 2014 2899 religiosus
2026 2851 2133 2884 mos
2149 2835 2257 2893 fuit,
2271 2834 2393 2882 utin
2408 2833 2545 2882 festis
2556 2831 2733 2881 saltem

1608 2898 1767 2963 epulis
1778 2899 1915 2948 focus
1936 2899 2041 2963 igni
2056 2899 2255 2957 luceret,
2274 2899 2327 2946 in
2344 2899 2545 2947 deorum
2562 2896 2733 2959 utique

1608 2964 1857 3022 honorem,
1882 2963 2141 3012 Penatium
2162 2963 2373 3012 maxime
2390 2964 2467 3011 vel
2486 2962 2635 3010 Genii
2651 2961 2731 3010 vel

1612 3028 1777 3084 Βατία,
1810 3029 1939 3078 facts
1972 3043 2161 3091 quoque
2202 3027 2257 3076 in
2297 3028 2458 3076 focum
2495 3026 2731 3076 libatione

1609 3091 1727 3151 vini,
1778 3107 1867 3141 seu
1912 3093 2053 3141 thure
2098 3101 2338 3148 cremium
2391 3090 2586 3141 heroica
2628 3090 2733 3140 vita

1610 3156 1758 3204 etiam
1780 3157 1940 3206 carnis
1972 3157 2211 3221 prosectis
2244 3157 2296 3204 in
2328 3156 2491 3232 ignem
2520 3155 2729 3218 injectis.

1608 3223 1818 3269 Addere.
1874 3221 2083 3270 Videtm·
2112 3225 2231 3270 olere
2266 3221 2327 3270 ab
2355 3220 2498 3269 mitio
2528 3219 2731 3268 omnino

1608 3285 2729 3414 ἓὲῗῖἓῗὲὦᾞῗωᾚῗῇξῗὲξῖξὲῗᾶ

1607 3413 1963 3462 incrementum
1988 3415 2136 3462 habet
2167 3413 2467 3472 continuum,
2490 3429 2581 3463 seu
2596 3414 2729 3477 quod

1605 3477 1932 3536 continuatur,
1948 3477 2135 3526 scilicet
2151 3477 2359 3526 flammae
2374 3478 2427 3526 in
2443 3479 2611 3527 fomite
2634 3495 2725 3527 nu—

1607 3541 1761 3598 tritae3
1788 3543 1917 3591 unde
1932 3545 2113 3591 adolere
2130 3550 2459 3600 esteremare3
2486 3555 2589 3592 tum
2606 3542 2729 3592 stanti

1608 3615 1660 3654 et
1692 3606 1855 3655 odoris
1888 3622 1951 3656 ex
1984 3617 2197 3656 cremata
2230 3606 2442 3656 victimoe
2472 3623 2619 3657 carne
2650 3607 2729 3656 vel

1608 3671 1777 3726 thure3
1812 3672 1943 3720 unde
1964 3675 2084 3720 olere
2106 3679 2183 3720 est
2202 3671 2401 3722 odorem
2422 3673 2660 3722 emittere.

1674 3734 1784 3792 705,
1824 3735 1931 3786 706.
1982 3735 2223 3785 Ducentis
2258 3736 2367 3785 aliis
2402 3736 2729 3786 ministerium

1608 3800 1789 3864 dapum
1840 3809 1891 3848 et
1942 3800 2047 3849 vini
2099 3801 2379 3872 apponendi
2430 3801 2727 3850 mandatum.

1606 3865 1756 3912 Pares
1772 3872 1924 3921 anate,
1944 3864 2031 3913 int.
2051 3881 2242 3930 pueros,
2262 3881 2325 3913 ex
2346 3880 2495 3914 more.
2562 3865 2727 3914 Valet.

1610 3927 1683 3976 Fl.
1707 3927 1758 3986 ii,
1778 3927 1890 3987 653,
1912 3927 2021 3976 loco
2040 3929 2157 3978 hinc
2178 3945 2435 3994 expresso:

1599 4009 1740 4054 ραν-οε
1788 3996 2011 4054 ρνὲηιωω
2050 3995 2254 4042 ministri
2293 3997 2505 4056 Corpora.
2572 3994 2729 4044 Cibus

1606 4055 1735 4130 apud
1761 4056 1963 4104 Homer.
1984 4057 2149 4105 statim
2180 4060 2242 4107 ab
2262 4057 2405 4107 initio
2427 4057 2719 4122 apponitum

1606 4135 1720 4168 vina
1749 4121 1801 4168 in
1831 4121 2019 4185 poculis
2053 4121 2460 4171 circumferuntur
2479 4137 2509 4170 a
2528 4123 2727 4198 puerine

1606 4187 1812 4246 majores
1844 4185 2020 4235 calices
2040 4187 2103 4234 ad
2133 4187 2417 4236 libationem
2452 4187 2729 4238 faciendam

1606 4247 1667 4295 ad
1688 4249 1837 4298 finem
1859 4265 2025 4298 coenae.

1672 4311 1781 4371 707,
1820 4313 1927 4363 708.
1980 4317 2075 4363 Per
2108 4319 2268 4364 limina
2302 4317 2423 4374 laeta,
2466 4314 2625 4378 simpl.
2674 4315 2726 4364 in

1605 4375 1762 4425 domo.
1821 4380 1930 4426 Turi
1940 4383 2063 4440 picti
2083 4378 2260 4428 iterum
2280 4389 2397 4428 sunt
2416 4388 2576 4428 vestes
2597 4390 2721 4430 stra·-

1604 4440 1744 4502 gulae.
