3050 4934
437 203 565 266 208

1331 195 1857 262 AENEIDOS

609 351 847 426 Troia3
895 371 1066 412 nunc
1097 347 1352 432 placida
1377 347 1753 430 compostus
1782 366 1949 428 pace
1976 346 2274 428 quiescit.

437 454 567 516 250
611 451 780 526 Nos,
814 461 927 513 tua
956 449 1326 532 progenies,
1356 445 1503 512 coeli
1534 448 1773 530 quibus
1806 447 2035 508 annuis
2066 467 2303 519 arcem,

610 552 935 626 Navibus,
965 549 1336 612 infandum!
1385 548 1658 623 amissis,
1689 547 1881 609 unius
1912 547 1999 608 ob
2029 547 2191 609 iram

615 653 986 726 Prodimur,
1019 662 1216 733 atque
1248 649 1428 713 Italis
1458 648 1649 730 longe
1680 647 2111 730 disjungimur
2140 646 2291 708 oris.

614 751 745 816 Hic
775 752 1036 835 pietatis
1062 750 1316 814 honos?
1364 751 1454 812 sic
1483 771 1603 812 nos
1632 749 1701 810 in
1732 760 1993 830 sceptra
2022 746 2328 829 reponis?

401 831 473 892 fit

703 851 839 916 Olli
867 852 1214 915 subridens
1245 850 1575 914 hominum
1606 859 1784 911 sator
1814 857 2010 930 atque
2042 847 2337 920 deorum,

443 955 574 1017 255
619 950 830 1016 Vultu
859 974 991 1035 quo
1019 951 1255 1016 coelum
1287 959 1840 1033 tempestatesque
1874 956 2154 1021 serenat,

621 1052 870 1117 Oscula
899 1051 1124 1116 libavit
1150 1062 1359 1127 natae3
1406 1049 1645 1114 dehine
1676 1047 1830 1112 talia
1857 1046 2067 1110 fatur:

621 1153 830 1217 Parce
860 1164 1062 1229 metu,
1095 1152 1462 1235 Cytherea3
1508 1158 1771 1212 manent
1801 1149 2063 1211 immota
2088 1157 2349 1208 tuorum

621 1253 787 1316 Fata
816 1253 971 1329 tibi;
1019 1274 1248 1317 cernes
1279 1252 1509 1315 urbem
1536 1261 1607 1314 et
1632 1251 1953 1333 promissa
1986 1247 2221 1310 Lavini

623 1353 902 1429 Moenia,
936 1351 1400 1434 sublimemque
1433 1350 1605 1414 feres
1638 1351 1723 1412 ad
1755 1350 1971 1412 sidera
1999 1347 2151 1412 coeli

451 1455 583 1518 260
627 1454 1116 1536 Magnanimum
1145 1455 1468 1518 AEneam:
1513 1473 1729 1535 neque
1758 1474 1861 1516 me
1894 1451 2218 1515 sententia
2246 1449 2461 1513 vertit.

453 1673 560 1708 esse
597 1657 781 1707 volunt.
859 1661 1092 1719 Armaque
1117 1661 1230 1718 fixit
1267 1660 1421 1716 Troia,
1457 1671 1578 1722 pace

453 1739 520 1771 sc.
557 1730 607 1770 et
643 1721 902 1782 tranquillo
937 1721 1037 1768 otio
1068 1731 1238 1795 partos
1279 1721 1409 1783 quod
1441 1720 1577 1768 suavi

451 1801 618 1836 rerum
649 1785 862 1847 imagine
891 1784 1118 1842 reddidit,
1141 1785 1295 1848 petita
1317 1784 1404 1832 illa
1431 1786 1492 1832 ab
1517 1783 1581 1832 iis

455 1850 538 1975 gigni
578 1847 754 1898 militia
787 1848 926 1896 missi
964 1864 1100 1896 arma
1139 1849 1496 1912 suspenderent
1529 1857 1583 1896 et

525 1922 677 1960 erent.

521 1978 633 2024 249.
671 1977 811 2022 Nunc
839 1978 1030 2036 placida
1055 1979 1304 2036 compdstus
1331 1991 1446 2036 pace
1477 1978 1583 2036 qm·-

454 2043 567 2088 escit
584 2057 601 2085 .·
635 2053 731 2100 quo
761 2053 908 2086 sensu
931 2039 1035 2086 haec
1067 2039 1198 2088 dicta
1221 2039 1336 2095 sint,
1361 2039 1587 2087 dubitare

455 2103 598 2158 licet;
634 2110 719 2150 aut
741 2101 872 2149 enim
895 2101 958 2149 de
981 2111 1136 2150 morte
1156 2111 1241 2150 aut
1261 2102 1322 2150 de
1347 2102 1585 2164 tranquil-

457 2167 595 2214 litate
618 2181 712 2228 qua
729 2166 955 2214 Antenor
975 2165 1210 2228 reliquam
1237 2166 1385 2214 vitam
1407 2166 1587 2228 exegit,

458 2230 560 2278 acci
597 2229 612 2276 i
636 2236 810 2292 potest.
859 2229 988 2276 Sane
1003 2232 1205 2291 componi
1221 2229 1440 2278 absolute
1457 2244 1589 2277 mor-

460 2293 533 2342 tui
561 2247 808 2348 Blcuntur,
833 2300 886 2340 et
913 2292 1063 2340 iidem
1081 2296 1346 2354 quien-ere,-
1379 2293 1593 2341 Veneris

461 2367 625 2406 tamen
650 2355 870 2413 consilio,
893 2356 1011 2404 dum
1032 2356 1206 2404 AEneoe
1235 2356 1591 2405 calamitatibus

462 2420 730 2469 Antenoris
757 2419 1000 2468 fortunam
1023 2419 1287 2469 secundam
1308 2435 1591 2484 comparare

461 2485 580 2541 vult,
605 2499 779 2548 parum
801 2483 1088 2533 conveniret
1110 2482 1377 2532 Antenoris
1405 2492 1592 2531 mortem

457 2551 692 2611 placidam
720 2548 933 2596 laudare.
1002 2548 1278 2598 Dicendum
1305 2547 1484 2609 itaque,
1509 2557 1595 2596 aut

463 2623 657 2676 poetam
703 2611 750 2658 h.
791 2610 823 2658 l.
871 2616 1157 2672 corapositum
1197 2626 1324 2660 novo
1369 2611 1595 2674 exemplo

465 2675 757 2731 adhibuisse,
781 2683 839 2722 ut
859 2684 911 2723 et
932 2691 1032 2724 voc.
1057 2679 1298 2736 quiescere,
1329 2690 1418 2738 pro
1441 2675 1593 2722 vitam

464 2739 678 2802 quietam
712 2737 936 2800 exigere3
975 2738 1182 2799 quiescit
1212 2743 1348 2788 rebus
1374 2741 1589 2800 compost·-

468 2807 542 2860 tt's,
568 2803 784 2864 adeoque
817 2801 923 2864 ipse
949 2807 1216 2862 compositus
1231 2820 1249 2856 ,·
1281 2811 1368 2850 aut
1389 2817 1593 2850 manen-

469 2866 586 2914 dum
619 2865 670 2913 in
705 2865 869 2929 priore
903 2864 1206 2926 significatu:
1251 2876 1308 2914 ut
1337 2881 1368 2912 a
1399 2867 1596 2913 Venere

468 2929 810 2992 interpositum
831 2929 922 2976 hoc
956 2928 1035 2986 sit,
1067 2929 1464 2990 tranquillitatem
1486 2930 1594 2977 An-

467 2994 626 3042 tenori
662 2993 724 3040 ad
758 3001 1026 3042 extremam
1063 3007 1218 3054 usque
1249 2993 1401 3041 vitam
1435 2992 1593 3040 conti·

467 3058 612 3120 gisae.
671 3057 748 3104 Ita
765 3073 878 3116 pace
899 3071 990 3119 pro
1011 3065 1181 3105 morte.

531 3121 804 3168 250—252.
844 3121 1029 3181 Magno
1061 3135 1173 3168 cum
1196 3120 1404 3168 artificio
1431 3135 1485 3168 se
1518 3119 1595 3185 ip-

469 3199 574 3232 sam
595 3183 713 3230 facit
733 3199 880 3230 unam
904 3199 968 3230 ex
989 3184 1228 3246 TroJanis,
1253 3183 1338 3248 qui
1369 3182 1597 3246 injuriam

469 3247 696 3296 tulerint:
735 3249 847 3305 Nos,
873 3253 956 3294 tua
973 3251 1225 3310 progenies,
1249 3251 1414 3310 quibus
1433 3251 1602 3296 mauis

469 3328 620 3359 arcem
639 3313 756 3367 coels‘,
778 3311 824 3357 h.
847 3325 888 3357 e.
907 3311 1107 3358 ooelum:
1132 3309 1376 3374 promittis
1391 3312 1601 3359 AEneam

470 3385 582 3439 post
613 3383 819 3422 mortem
852 3373 981 3422 inter
1015 3375 1132 3423 deos
1163 3375 1226 3422 iri
1259 3375 1493 3423 relatum:
1540 3375 1600 3423 cf.

471 3453 586 3486 mox
616 3453 661 3486 v.
695 3439 804 3486 259.
873 3438 1061 3486 callide
1093 3447 1146 3486 et
1177 3438 1416 3488 invidiose
1453 3439 1601 3486 etiam

470 3502 566 3560 illa,
601 3505 735 3550 unias
767 3505 822 3550 ob
851 3505 983 3560 irmn,
1018 3519 1083 3551 sc.
1112 3503 1350 3560 Junonis3
1385 3512 1438 3551 et
1467 3507 1600 3551 navi-

475 3571 556 3614 bus
573 3569 752 3614 amissis
767 3581 860 3629 pro
879 3566 1078 3614 navium
1096 3576 1235 3631 parte
1251 3587 1262 3623 ς
1285 3577 1336 3614 et
1347 3569 1599 3628 prodimur,

469 3645 559 3694 per
591 3629 786 3678 fraudes
807 3629 1072 3693 perdimur,
1097 3647 1187 3695 per
1216 3631 1420 3680 insidias
1441 3632 1601 3679 Juno·

471 3695 550 3742 nis
571 3693 930 3742 calamitatibus
951 3709 1199 3743 vexamur.
1313 3699 1319 3706 ’

537 3759 646 3804 253.
683 3760 898 3814 Pietatis,
923 3773 1019 3820 qua
1041 3759 1226 3806 AEneas
1253 3757 1474 3820 insignis.
1532 3760 1603 3806 At

471 3821 579 3885 ipsa
613 3836 752 3869 suam
787 3835 1046 3884 personam
1081 3822 1424 3884 interponens:
1476 3822 1601 3869 Hoec

470 3885 670 3949 pietatis
701 3894 752 3931 et
785 3884 964 3932 amoris
1000 3899 1116 3947 erga
1153 3895 1202 3932 te
1241 3885 1474 3948 praemia?
1544 3887 1603 3932 In

469 3957 665 4008 sceptra,
690 3947 742 3995 in
758 3947 1053 4010 promissum
1075 3949 1232 3996 ltaliae
1249 3964 1469 4010 regnum,
1488 3964 1601 3996 cum

471 4011 685 4085 Trojano
723 4010 987 4060 exciderit:
1035 4017 1230 4073 reponis,
1267 4028 1358 4076 pro
1395 4011 1599 4075 vulgari,

473 4084 706 4124 restituis.

539 4139 810 4186 254—296.
845 4139 1078 4200 Sequitur
1099 4139 1428 4188 nobilissimus
1450 4139 1601 4199 locus,

471 4201 523 4247 in
545 4217 642 4262 quo
665 4203 756 4250 sub
787 4202 1004 4251 vaticinii
1038 4203 1215 4266 specie,
1241 4213 1346 4251 arte
1375 4218 1476 4250 non
1508 4203 1601 4251 im-

470 4264 724 4327 probabili,
749 4279 812 4312 ex
846 4265 1056 4314 licentur
1079 4268 1250 4314 Romae
1271 4267 1498 4330 orig-ines,
1523 4266 1601 4315 in-

471 4337 731 4386 crementa,
755 4343 814 4390 sp
835 4329 1080 4391 endorque
1100 4330 1296 4392 imperii
1322 4331 1548 4392 Augusti.

1720 1656 1995 1704 254—256.
2050 1655 2213 1704 Aliter
2254 1655 2358 1704 haec
2402 1653 2640 1717 Virgilius
2684 1653 2771 1700 ad-

1644 1720 1824 1768 struxit
1856 1735 2001 1782 quam
2034 1719 2281 1768 Homerus
2312 1735 2414 1777 sua,
2438 1733 2551 1766 cum
2572 1717 2773 1766 Thetidi

1645 1795 1884 1831 annueret
1915 1783 2125 1848 Jupiter,
2165 1784 2304 1832 Iliad.
2347 1801 2389 1840 a,
2430 1782 2522 1833 517
2563 1797 2682 1844 sqq„
2716 1781 2769 1828 in

1645 1847 1819 1909 quibus
1842 1847 1871 1896 J
1876 1849 1981 1896 ovis
2013 1852 2239 1910 majestas
2260 1847 2523 1910 augustior.
2593 1847 2663 1893 At
2693 1845 2773 1893 hic

1648 1911 1840 1974 placidi,
1885 1911 2140 1974 μειλιχίοιο,
2190 1912 2221 1959 J
2224 1909 2331 1958 ovis
2382 1910 2546 1959 suavis
2596 1909 2771 1972 imago.

1649 1975 1885 2022 Osculum
1903 1975 2113 2024 Veneris
2132 1975 2205 2023 ori
2228 1975 2521 2038 impressum
2545 1989 2607 2021 ex
2632 1973 2773 2022 Iliad.

1650 2056 1687 2094 e,
1714 2039 1809 2088 372
1830 2049 1989 2102 poetae
2019 2039 2073 2086 in
2102 2047 2318 2086 mentem
2345 2038 2537 2086 venisse
2568 2035 2773 2094 videtur,

1650 2101 1733 2150 ubi
1772 2103 1933 2150 Dione
1974 2113 2131 2150 mater
2164 2103 2411 2150 Venerem
2451 2101 2775 2164 amplectitur.

1658 2166 1719 2213 ln
1738 2165 1945 2231 singulis
1966 2175 2127 2214 tamen
2150 2167 2354 2214 observa
2373 2165 2613 2213 decorem.
2660 2167 2778 2212 Sab-

1655 2232 1823 2286 ridens,
1846 2229 2074 2290 μειδιόων.
2132 2231 2195 2278 In
2216 2245 2261 2278 v.
2287 2231 2397 2286 255,
2424 2228 2642 2277 Ennium
2666 2239 2780 2276 ante

1656 2293 1821 2341 oculos
1852 2293 2003 2342 fuisse
2042 2303 2181 2341 notat
2214 2293 2439 2341 Servius:
2489 2295 2679 2353 Jupiter
2708 2295 2785 2340 hic

1654 2361 1763 2404 risit
1774 2376 1793 2412 ,-
1826 2365 2195 2420 tempestatesque
2216 2373 2399 2404 serenae.
2445 2358 2669 2403 Riserunt
2686 2373 2780 2404 om-

1655 2437 1735 2468 nes
1766 2424 1865 2468 risu
1897 2423 2025 2468 Jovs's
2056 2424 2384 2480 omnipotentis.
2440 2419 2537 2468 Sed
2574 2419 2781 2478 Ennius,

1657 2493 1768 2532 utut
1788 2484 1944 2532 oratio
1964 2484 2161 2532 horrida
2182 2483 2260 2541 sit,
2278 2483 2434 2531 multo
2450 2483 2662 2532 vividius
2680 2499 2783 2532 rem

1658 2547 1913 2611 expressit.
1966 2549 2019 2596 Si
2052 2551 2212 2606 libare,
2236 2548 2466 2604 delibare,
2488 2563 2679 2596 summo
2700 2563 2787 2596 ore

1658 2626 1872 2675 carpere,
1892 2628 1982 2686 pro
2000 2615 2211 2669 osculum,
2232 2611 2436 2668 basium,
2458 2625 2664 2668 sumere,
2688 2612 2782 2659 eri-

1658 2689 1790 2737 pere,
1815 2676 2038 2739 accipias,
2069 2676 2277 2741 poeticoe
2304 2675 2531 2723 dictionis
2561 2673 2706 2737 genio
2736 2686 2786 2723 et

1659 2739 1889 2786 carminis
1926 2739 2155 2802 dignitati
2193 2739 2430 2787 consules.
2498 2741 2669 2786 Libere
2706 2739 2787 2799 (ut

1661 2801 1745 2858 xii,
1781 2805 1892 2859 434,
1928 2805 2113 2851 Summa
2139 2821 2229 2866 per
2254 2807 2436 2866 galeam
2469 2805 2675 2849 delibans
2710 2820 2781 2850 os-

1662 2868 1791 2924 cula)
1826 2869 1992 2924 meula,
2032 2867 2244 2926 libando,
2278 2867 2452 2915 leviter
2484 2865 2784 2927 attingendo,

1662 2944 1883 2985 sumere;
1913 2940 1970 2978 ut
1989 2931 2042 2979 in
2065 2929 2177 2988 illis,
2196 2933 2597 2990 anmemffiaoium,
2622 2932 2783 2978 libare.

1662 2995 1805 3041 Natae
1846 3009 1957 3041 cum
2001 2995 2201 3057 energia
2238 2995 2492 3056 adjectum,
2534 2992 2651 3041 licet
2684 2996 2787 3055 jam

1660 3060 1743 3105 olli
1771 3058 2140 3114 antecessisset3
2175 3069 2230 3107 ut
2258 3066 2565 3106 revocaretur
2595 3057 2648 3104 in
2679 3057 2785 3105 ani-

1662 3135 1798 3168 mum
1836 3136 2047 3185 persona
2084 3125 2189 3183 eJus
2232 3123 2295 3170 de
2334 3139 2429 3184 quo
2467 3121 2640 3185 agitur.
2711 3122 2791 3170 Ita

1664 3199 1859 3296 εἶπηΐει·
1901 3186 2003 3234 fere
2046 3187 2322 3235 Homerus:
2372 3187 2441 3248 τᾷ
2478 3183 2787 3249 δ’-”Εκτορι,

1666 3265 1695 3296 e
1740 3265 1767 3296 a

1733 3313 1841 3370 257,
1875 3315 1983 3360 258.
2027 3316 2175 3361 Parce
2206 3323 2342 3372 metu,
2378 3329 2525 3378 parce
2558 3324 2791 3372 metuere,

1668 3375 1994 3437 ῐιοΗ-φεΐδεο
2032 3379 2121 3424 τοῦ
2157 3378 2427 3425 δεδοικέναι
2508 3381 2675 3426 Cernes
2710 3397 2790 3426 ur-

1669 3443 1763 3487 bem
1777 3459 1795 3492 ,-
1828 3439 1982 3487 sentis
2004 3455 2147 3501 quam
2176 3441 2377 3502 ἐνεργῶς
2398 3441 2464 3488 sit
2490 3457 2791 3504 expressum.

1667 3507 1860 3551 Manent
1992 3503 2110 3550 exili
2129 3510 2249 3551 sunt.

1732 3568 1841 3615 259.
1975 3577 2086 3630 pter
2108 3583 2151 3614 v.
2178 3569 2287 3625 250,
2312 3569 2417 3616 coels'
2442 3571 2607 3630 quibus
2628 3574 2796 3619 annuis

1668 3644 1829 3678 arcem.
1916 3631 2055 3679 Bene
2098 3631 2285 3680 addidit
2320 3629 2464 3694 feres,
2508 3641 2566 3680 ut
2607 3634 2797 3696 gratius

1666 3703 1796 3742 esset
1825 3695 1954 3758 quod
1982 3711 2073 3759 per
2106 3696 2261 3761 ipsam
2284 3697 2437 3744 fieret.
2507 3696 2796 3760 Recipietur

1665 3758 1835 3821 utique
1866 3759 1982 3807 olim
2020 3759 2205 3809 AEneas
2240 3760 2370 3808 inter
2402 3761 2521 3809 deos
2553 3761 2669 3809 AEn.
2706 3763 2792 3820 xii,

1668 3823 1777 3880 794,
1809 3825 2065 3886 Indigetem
2098 3827 2293 3872 AEneam
2324 3831 2416 3872 sess
2448 3828 2565 3886 ipsa,
2598 3833 2645 3873 et
2676 3829 2795 3874 scs're

1653 3884 1845 3946 fateris,
1864 3890 2039 3934 Deberi
2056 3891 2181 3944 coelo,
2192 3887 2404 3950 satisque
2423 3893 2487 3936 ad
2500 3893 2657 3936 sidera
2679 3893 2793 3938 tolli.

1670 3951 1943 4012 Utrumque
1970 3965 2034 3999 ex
2072 3951 2237 3999 Ennio
2269 3951 2287 3999 i
2324 3953 2501 4001 Annal.
2536 3955 2663 4000 Unus
2686 3958 2794 4011 eric,

1666 4027 1795 4075 quem
1818 4021 1869 4061 ta
1894 4017 2024 4062 tolles
2046 4018 2111 4062 ad
2130 4019 2303 4064 caerula
2324 4019 2430 4064 eoels'
2454 4019 2650 4077 Tempta.

1732 4079 1839 4126 260.
1866 4081 2026 4141 Neque
2045 4097 2113 4128 me
2128 4084 2356 4128 sententia
2368 4085 2519 4137 vertit,
2538 4080 2600 4128 ad
2616 4096 2661 4128 v.
2682 4081 2795 4138 2:37,

1670 4159 1771 4204 qua·
1792 4151 1850 4199 te,
1870 4147 2067 4204 genitor,
2091 4148 2319 4192 sententia
2340 4148 2479 4192 vertit
2494 4147 2517 4190 P
2551 4145 2797 4192 Caeterum

1668 4211 1997 4268 magnanimus,
2040 4217 2097 4255 ut
2135 4209 2287 4255 semel
2328 4223 2624 4264 moneamus,
2670 4208 2799 4256 male

1667 4267 1729 4316 de
1760 4285 1999 4332 generosa
2026 4270 2177 4319 animi
2210 4271 2373 4318 indole
2408 4271 2679 4334 accipiunt:
2724 4280 2802 4320 est

1654 4331 1814 4392 sortis,
1839 4337 2079 4390 animosus,
2105 4349 2168 4381 ex
2189 4332 2472 4394 μεγάθυμος,
2493 4333 2797 4396 μεγαλήτωρ,
