3050 4934
481 238 570 302 24

1312 231 1957 300 BUCOLICON

657 385 938 461 Murice,
960 385 1098 468 jam
1123 403 1356 447 croceo
1385 383 1665 447 mutabit
1692 381 1929 446 vellera
1956 379 2096 446 luto
2120 407 2137 456 ς

525 486 612 549 45
657 485 908 569 Sponte
939 508 1058 550 sua
1087 485 1342 568 sandyx
1369 492 1717 568 pascentes
1746 484 1979 548 vestiet
2006 502 2232 564 agnos.

652 586 846 650 Talia
877 585 1088 662 saecla,
1122 586 1254 650 suis
1285 586 1617 660 dixerunt,
1648 584 1915 660 currite,
1946 583 2109 646 fusis

655 685 1032 750 Concordes
1065 684 1280 749 stabili
1309 684 1595 748 fatorum
1622 684 1883 748 numine
1912 682 2160 746 Parcae.

655 785 1046 871 Aggredere
1077 808 1118 850 o
1147 807 1416 869 magnos
1448 784 1687 866 (aderit
1705 785 1843 867 jam
1872 783 2155 867 tempus)
2186 781 2493 857 honoreS‚
2548 825 2555 830 -

656 886 827 952 Cara
857 887 1051 952 deum
1083 885 1366 962 soboles,
1397 906 1703 968 magnum
1732 884 1777 948 J
1779 885 1915 948 ovis
1946 885 2447 948 incrementum!

527 989 614 1052 50
657 989 950 1072 Adspice
982 1011 1274 1054 convexo
1305 997 1641 1051 nutantem
1669 987 1963 1071 pondere
1992 986 2341 1062 mundum3

659 1089 1038 1174 Terrasque
1069 1099 1446 1172 tractusque
1475 1089 1671 1152 maris
1701 1085 2067 1170 coelumque
2098 1085 2528 1170 profundum3

661 1188 978 1274 Adspice,
1011 1201 1286 1254 venturo
1312 1187 1619 1254 laetantur
1648 1199 1724 1253 ut
1751 1190 1963 1252 omnia
1992 1187 2205 1254 saec10.

660 1293 726 1356 Ο
759 1291 914 1355 mihi
943 1301 1074 1355 tam
1103 1291 1314 1374 longae
1343 1300 1601 1354 maneat
1629 1312 1783 1374 pars
1816 1290 2039 1354 ultima
2069 1291 2239 1366 vitae,

661 1393 946 1476 Spiritus
977 1402 1066 1469 et,
1097 1401 1410 1476 quantum
1443 1401 1546 1454 sat
1574 1392 1701 1456 erit
1728 1391 2091 1471 tuadicere
2121 1389 2329 1454 facta!

551 1581 724 1638 44,45.
757 1582 964 1628 Mutabit
975 1582 1142 1628 vellera
1157 1581 1276 1628 luto.-
1331 1577 1607 1637 ermutabit,

486 1645 703 1706 adeoque
721 1643 890 1706 tinget,
909 1643 1109 1700 inficiet,
1131 1655 1274 1692 natur
1323 1659 1400 1692 em
1414 1643 1611 1692 velleris

485 1708 696 1757 colorem
739 1712 851 1770 ipse,
891 1718 1080 1782 sponte,
1125 1717 1314 1756 naturae
1355 1707 1609 1766 beneficio,

487 1788 585 1820 non
617 1787 766 1836 opera
793 1773 1062 1829 honunum,
1085 1787 1304 1836 purpura
1333 1781 1386 1820 et
1413 1771 1532 1830 luto,
1556 1781 1613 1820 ut

487 1836 723 1884 naturalis
735 1836 869 1884 color
874 1839 976 1897 jam
991 1851 1267 1900 purpureus
1280 1835 1345 1883 sit
1354 1843 1405 1884 et
1417 1851 1607 1884 aureus.

486 1903 683 1948 Laesum
715 1915 803 1948 seu
827 1903 984 1956 lutum,
1009 1915 1064 1947 ac
1089 1903 1226 1957 lutea,
1251 1901 1414 1948 herbae
1437 1915 1609 1961 genus,

487 1980 584 2027 qua
602 1963 754 2011 tincta
775 1963 886 2011 lana
902 1963 1026 2011 flavo
1049 1971 1100 2010 et
1119 1979 1292 2012 croceo
1313 1963 1474 2011 colore
1496 1963 1607 2010 infi-

485 2027 628 2076 citur.
683 2030 932 2089 Sandyoem
955 2043 986 2074 a
1003 2027 1211 2090 Virgilio
1227 2042 1317 2090 pro
1337 2027 1502 2075 herbae
1523 2042 1609 2090 ge-
1669 2030 1878 2090 Jungere
1908 2028 2037 2086 licet,
2062 2037 2119 2076 ut
2144 2037 2195 2076 ct
2224 2028 2238 2075 i

1675 1589 1769 1637 tus,
1802 1595 1907 1644 pro,
1938 1579 2151 1628 mundus
2179 1594 2441 1638 convexus,
2470 1579 2647 1628 coelum
2682 1595 2811 1628 con·

1674 1659 1867 1702 vexum,
1926 1653 2115 1693 nutans.
2202 1643 2339 1692 Bene
2394 1644 2627 1692 tribuitur
2679 1645 2817 1692 coelo

1676 1708 1841 1766 moles,
1872 1708 2079 1772 pondus,
2102 1707 2329 1772 inprimis
2359 1708 2413 1755 in
2442 1717 2592 1756 motu.
2649 1711 2817 1756 Natat

1676 1783 1840 1820 autem
1872 1782 1922 1820 et
1950 1772 2227 1820 concutitur
2256 1771 2387 1820 orbis
2416 1782 2668 1830 terrarum,
2693 1783 2815 1821 tan-

1675 1851 1821 1898 quam
1864 1837 2077 1884 adventu
2123 1845 2174 1883 et
2216 1851 2245 1883 a
2278 1835 2521 1900 pai-itione
2570 1836 2816 1895 numinis,

1676 1899 1806 1962 quod
1826 1899 1877 1948 in
1912 1898 2202 1962 ἐπιφανείαις
2260 1916 2429 1948 eorum
2452 1900 2561 1948 fieri
2584 1900 2817 1950 sollenne

1676 1974 1764 2012 est.
1838 1965 1962 2019 Quae
2004 1973 2287 2026 sequuntur,
2330 1980 2443 2013 cum
2482 1965 2817 2014 antecedente

2242 2044 2332 2092 psa
2361 2037 2504 2087 terra,
2530 2045 2679 2088 mare,
2700 2045 2815 2078 coe-

487 2107 606 2140 nere
631 2091 846 2138 habitam
870 2107 992 2148 esse,
1015 2101 1128 2155 post
1151 2090 1366 2140 Plinium
1389 2101 1540 2149 xxxv,
1566 2091 1611 2138 6.
1676 2092 1794 2150 lum,
1820 2101 2021 2150 nutent;
2056 2102 2205 2154 utque
2232 2093 2519 2155 subjiciatur
2539 2093 2608 2140 sic
2631 2093 2693 2141 ad
2716 2094 2815 2142 de-

485 2155 694 2202 credunt
714 2154 1030 2228 interpretem
1066 2155 1128 2202 de
1149 2164 1326 2203 natura
1346 2164 1510 2202 tamen
1527 2171 1611 2202 co-

485 2217 604 2266 loris
647 2217 773 2266 nihil
815 2217 942 2265 dixit
1049 2227 1150 2274 eta3
1201 2217 1379 2266 coloris
1424 2227 1615 2267 tantum

486 2283 643 2346 genus
675 2281 892 2330 indicare
915 2297 976 2330 vo
996 2282 1083 2341 uit,
1107 2298 1203 2344 quo
1227 2281 1382 2330 vellus
1413 2282 1615 2330 ovillum

489 2345 770 2410 splendeat:
808 2355 864 2394 ut
893 2349 1014 2394 saud
1043 2363 1074 2393 a·
1107 2345 1174 2394 sit
1203 2346 1337 2394 color
1369 2346 1611 2410 sandycis,

487 2420 538 2459 et
559 2419 729 2458 ornate
751 2409 890 2468 dixit,
911 2426 978 2472 qu
1064 2420 1195 2466 erat3
1229 2411 1482 2459 habebunt
1497 2410 1610 2474 agni

487 2475 644 2528 vellus
664 2476 868 2524 rubrum
889 2475 1087 2524 nemine
1111 2475 1344 2550 tingente.

550 2541 628 2588 46.
667 2539 916 2588 Dixerunt
937 2541 1102 2588 Parcae
1133 2555 1237 2588 suis
1267 2538 1401 2596 fusis,
1431 2543 1470 2587 Ο
1497 2543 1616 2588 talia

485 2607 624 2653 secla
657 2608 862 2653 currite!
910 2620 1001 2668 pro
1035 2603 1240 2667 vulgari,
1283 2619 1312 2650 ο
1350 2604 1446 2652 fila.
1517 2605 1615 2652 Pro

486 2669 570 2717 filo
601 2685 663 2716 ex
685 2668 792 2716 colo
811 2669 1021 2717 deducto
1043 2669 1145 2717 fata
1173 2677 1302 2724 sunt,
1327 2683 1414 2716 seu
1445 2668 1611 2716 soecla:

485 2734 590 2782 haee
631 2733 737 2781 neri
777 2732 1033 2798 dicuntum
1082 2741 1138 2780 ut
1173 2731 1302 2808 apud
1337 2732 1613 2780 Homerum

485 2797 632 2845 toties
683 2795 959 2845 ἐπικλόθειν
1005 2797 1106 2845 fata
1154 2795 1300 2845 ahcui
1350 2796 1611 2856 destinare,

487 2861 650 2909 nendo
671 2860 774 2909 scil.

549 2925 628 2976 47.
651 2927 901 2974 Concordes
913 2928 1074 2973 stabili
1073 2923 1284 2987 fatorum
1297 2929 1478 2974 numne
1485 2929 1609 2974 Par-

485 3007 564 3038 σω.
603 2992 729 3038 Fata
741 2998 859 3038 sunt
869 2992 1074 3046 stabilia,
1086 2989 1428 3046 immutabilia;
1455 2990 1613 3052 iisque

485 3069 647 3102 numen
666 3055 715 3101 h.
741 3053 816 3102 vis
844 3064 894 3102 et
913 3062 1130 3118 potestas
1149 3069 1288 3116 aeque
1309 3071 1366 3102 ac
1388 3055 1613 3104 voluntas

485 3118 653 3166 divina
671 3117 913 3167 tribuitur.
971 3120 1136 3166 Parca
1155 3121 1395 3166 concordes
1403 3117 1545 3180 satis,
1562 3119 1609 3167 h.

485 3182 538 3230 in
561 3180 673 3230 fatis
695 3181 946 3229 hominum
966 3197 1226 3244 rerumque
1249 3181 1541 3230 definiendis
1564 3192 1615 3230 et

483 3245 852 3294 constituendis.
912 3246 1083 3293 Solent
1103 3257 1266 3294 autem
1325 3257 1448 3294 oetae
1469 3246 1615 3294 modo

485 3310 536 3358 in
561 3308 746 3373 nuptiis
769 3309 913 3358 modo
934 3309 988 3357 in
1009 3309 1252 3359 natalibus
1317 3325 1466 3368 arcas,
1493 3309 1611 3358 Μοί-

483 3393 581 3438 ρας,
605 3373 837 3422 adhibere
857 3373 960 3422 fata
979 3383 1224 3422 canentes.

549 3441 628 3486 48.
685 3438 865 3488 Dicere
903 3439 1007 3486 haec
1053 3439 1304 3487 ἐνθουσιῶν
1337 3438 1398 3486 de
1441 3454 1611 3502 puero,

477 3506 582 3566 ,iam
596 3503 657 3550 ad
671 3501 863 3551 virilem
879 3501 1014 3551 illam
1030 3511 1225 3551 aetatem
1244 3503 1424 3562 adulto,
1441 3503 1611 3551 existi-

485 3567 691 3616 mandus
713 3575 790 3615 est
810 3577 968 3631 poeta,
985 3567 1300 3631 impatienter
1323 3567 1484 3616 ferens
1507 3583 1611 3614 mo-

483 3647 604 3691 ram,
629 3633 796 3694 etjam
827 3631 991 3680 animo
1011 3631 1274 3695 providens
1296 3632 1534 3697 praesagia
1556 3648 1611 3681 ac

481 3696 720 3760 prodigia,
758 3711 866 3759 quoe
905 3712 1132 3759 magnam
1173 3712 1336 3745 rerum
1379 3697 1610 3746 mutatio-

485 3775 598 3809 nem
621 3759 936 3825 portendunt.

549 3827 626 3873 49.
645 3828 866 3887 Magnum
876 3826 1002 3871 Iovis
1017 3827 1369 3872 incrementum!
1389 3825 1615 3872 alumnus

485 3898 538 3938 ct
557 3889 810 3946 nutricius,
837 3885 1017 3950 θρέμμα
1037 3888 1163 3946 Διὸς,
1189 3887 1450 3950 διοτρεφής.

549 3955 758 4001 50-52,
798 3954 992 4001 Horum
1022 3968 1250 4000 versuum
1282 3953 1510 4015 ambigua
1540 3961 1617 4000 est

485 4025 537 4064 et
569 4025 814 4065 structura
853 4027 904 4064 et
941 4017 1198 4066 sententia.
1272 4017 1442 4064 Potest
1479 4017 1615 4080 prior

485 4095 670 4137 versus,
697 4083 900 4142 Adspice
933 4099 1123 4131 convexo
1154 4089 1387 4130 nutantem
1414 4085 1615 4143 pondere

484 4147 712 4202 mundum,
727 4159 818 4208 per
831 4161 883 4193 se
897 4147 1067 4221 accipi,
1084 4156 1312 4208 tanquam
1327 4147 1616 4222 phantasma

484 4208 824 4274 propheticum
848 4225 935 4257 seu
959 4226 1116 4260 visum
1137 4211 1361 4276 prodigii,
1384 4211 1511 4273 quod
1536 4209 1611 4258 in-

485 4282 696 4322 stantem
740 4288 904 4320 rerum
955 4274 1283 4324 inversionem
1333 4274 1611 4340 portendit:

485 4337 704 4388 universi
727 4347 967 4386 terrarum
990 4340 1122 4388 orbis
1149 4349 1309 4388 motus
1336 4356 1392 4388 ac
1417 4348 1614 4390 tremor.

485 4404 691 4452 Mundus
705 4409 872 4451 nutans
893 4419 1083 4452 convexo
1093 4407 1294 4464 pondere
1317 4417 1487 4454 ornate
1509 4405 1613 4454 dic-

1678 2155 1955 2204 clarandam
1978 2172 2203 2206 causam:
2239 2160 2441 2219 Adspice
2471 2165 2525 2205 at
2546 2161 2696 2206 omnia
2720 2161 2815 2206 lae-

1680 2228 1839 2268 tontur
1870 2229 2058 2268 venturo
2090 2224 2236 2278 saeelo,
2264 2221 2479 2270 instante
2512 2237 2689 2284 magna
2722 2221 2820 2271 iun

1680 2299 1843 2332 rerum
1863 2284 2157 2333 inversione.
2222 2285 2301 2332 Ita
2324 2285 2514 2334 nutatio
2534 2285 2703 2334 mundi
2726 2287 2816 2335 fu·

1676 2347 1775 2396 turi
1796 2349 1961 2396 laetum
1986 2365 2041 2396 ac
2063 2349 2275 2398 faustum
2298 2349 2495 2413 sig-num
2511 2350 2817 2399 habendum.

1677 2412 2098 2467 Quemadmodum
2142 2413 2197 2460 in
2246 2413 2326 2461 dei
2368 2415 2631 2478 praesentia
2674 2423 2821 2464 terra

1678 2476 1864 2524 moveri
1883 2493 1939 2524 ac
1961 2477 2337 2526 contremiscere
2360 2487 2411 2526 et
2426 2478 2564 2540 quasi
2586 2479 2821 2528 exultare

1679 2555 1734 2588 ac
1766 2539 2034 2604 tripudiare
2066 2541 2217 2590 solet:
2254 2542 2383 2605 quod
2414 2543 2539 2591 adeo
2567 2543 2629 2591 ad
2658 2542 2820 2592 deum

1679 2615 1922 2666 agrestem
1956 2605 2195 2654 Horatius
2223 2606 2405 2664 retulit,
2438 2607 2495 2655 iii
2524 2608 2683 2656 Carm.
2732 2610 2817 2667 18,

1683 2670 1757 2726 14,
1776 2673 1971 2731 Spar-git
1988 2679 2191 2732 agrestes
2213 2675 2301 2718 tibi
2322 2675 2441 2718 siloa
2448 2669 2655 2732 frondes,
2674 2673 2821 2720 haud

1678 2733 1825 2781 dubie
1886 2735 2172 2782 nutantibus
2226 2735 2573 2784 cacuminibus.
2662 2735 2821 2786 Alter

1680 2798 1851 2846 modus
1863 2798 2105 2861 jungendi
2118 2801 2267 2847 verba
2284 2809 2372 2858 est,
2390 2809 2446 2848 ut
2462 2800 2659 2848 unicum
2676 2816 2817 2864 prae-

1676 2862 1891 2911 dicatum
1904 2862 1983 2920 sit,
1996 2867 2197 2925 Adspice
2210 2867 2486 2912 utlaetentm·
2494 2869 2643 2912 onmia
2653 2884 2669 2913 :
2686 2873 2741 2914 et
2753 2876 2821 2915 ut

1676 2926 1727 2975 in
1746 2927 2113 2977 enumeratione
2129 2927 2345 2992 partium
2360 2929 2572 2977 mundus
2586 2929 2817 2994 epitheto

1678 3001 1893 3050 ornetur,
1912 3009 2101 3041 convexo
2116 3000 2349 3041 nutantem
2362 2995 2560 3054 pondere
2577 2996 2817 3054 sanandum,

1677 3057 1723 3103 h.
1751 3071 1791 3103 e.
1817 3056 2104 3120 simpliciter
2126 3056 2355 3104 libratum
2378 3057 2505 3104 mole
2526 3073 2615 3106 sua
2642 3073 2815 3120 aequa-

1676 3120 1803 3168 liter.
1872 3121 1965 3169 Est
1986 3137 2103 3168 vero
2124 3120 2193 3168 sic
2226 3123 2400 3169 Graeca
2420 3131 2677 3180 structura,
2698 3127 2815 3171 Ad-

1676 3188 1799 3246 spice
1820 3188 2048 3242 mundum,
2074 3193 2226 3232 terroe
2256 3195 2345 3234 etc.
2372 3194 2425 3233 ut
2448 3189 2673 3243 laetentar,
2698 3203 2816 3251 pro,

1678 3247 1841 3312 aspice
1884 3257 1939 3296 ut
1979 3249 2189 3298 mundus
2232 3257 2322 3298 etc.
2359 3250 2525 3298 omnia
2563 3252 2815 3302 laetentur.

1680 3312 1749 3360 Et
1779 3321 1929 3361 vastae
1960 3313 2129 3376 utique
2166 3313 2323 3362 cuivis
2362 3315 2478 3362 moli
2512 3331 2568 3363 ac
2601 3315 2817 3380 ponderi

1680 3375 1826 3424 tribui
1868 3377 1959 3425 hoc
1999 3387 2175 3441 potest,
2215 3387 2270 3426 ut
2314 3386 2479 3427 nutare
2520 3395 2631 3428 cum
2666 3379 2715 3427 vi
2759 3391 2819 3430 et

1678 3437 1913 3498 δεινότητι
1942 3441 2145 3500 dicatur,
2175 3451 2230 3490 ut
2262 3443 2324 3490 de
2353 3443 2497 3491 ruina
2528 3453 2691 3492 tamen
2722 3455 2819 3494 aut

1678 3503 1995 3553 dissolutione
2012 3505 2137 3554 nihil
2154 3506 2469 3570 significetur.
2517 3510 2628 3564 Quo
2644 3508 2816 3559 minus

1678 3568 1803 3616 hanc
1848 3568 2299 3634 interpretationem
2338 3573 2608 3636 praeferam,
2642 3583 2817 3622 movet

1677 3649 1771 3691 me,
1790 3633 1919 3695 quod
1936 3633 2006 3682 ita
2026 3638 2219 3683 mundus
2242 3645 2293 3683 et
2312 3640 2485 3694 coelum,
2508 3639 2586 3694 50,
2607 3639 2683 3694 -51,
2704 3653 2811 3687 non

1679 3699 1802 3746 bene
1842 3698 2053 3747 discerni
2092 3709 2310 3764 possunt.
2368 3701 2633 3750 Nonnullis
2666 3701 2811 3750 vide·-

1682 3771 1760 3810 tur
1820 3765 2074 3826 Terraeque
2216 3763 2491 3827 profundum
2546 3766 2815 3830 explicatio

1680 3829 1865 3880 maruli,-
1888 3837 2033 3890 atque
2052 3845 2163 3877 cum
2182 3829 2231 3878 vi
2248 3840 2299 3877 et
2310 3833 2512 3892 Adspice
2528 3831 2811 3894 repetitum,

1680 3899 1729 3936 et
1746 3893 1895 3938 omnia
1918 3893 1981 3938 ad
1996 3900 2159 3950 terras,
2184 3901 2374 3952 tractus,
2395 3898 2554 3943 coelum
2575 3895 2811 3954 relatum;

1680 3963 1792 4017 post
1813 3961 1867 4001 ut
1890 3958 2108 4004 laetantur
2130 3956 2367 4006 insertum
2392 3975 2512 4008 esse.

1746 4019 1823 4076 53,
1850 4021 1926 4066 54.
1981 4023 2020 4067 Ο
2052 4024 2165 4068 mihi
2197 4029 2317 4068 tam:
2363 4023 2703 4072 adumbratum
2744 4025 2814 4073 ad

1682 4081 1891 4130 Hesiodi
1922 4083 2121 4133 ductum
2136 4085 2273 4148 Ἔργ.
2296 4085 2389 4137 174
2420 4104 2521 4151 sqq.
2589 4088 2667 4136 Sit
2686 4087 2814 4138 mihi

1682 4157 1778 4194 tam
1802 4147 1949 4211 longa
1965 4149 2087 4197 vita!
2123 4166 2330 4213 cumque
2354 4153 2458 4214 ejus
2482 4167 2579 4200 non
2604 4152 2695 4200 nisi
2720 4168 2811 4201 ex·

1682 4221 1837 4260 trema
1874 4229 1987 4276 pars
2017 4229 2075 4262 ea
2105 4223 2327 4279 tempora
2360 4215 2601 4279 attingere
2637 4217 2812 4280 possit,

1680 4292 1770 4341 pro
1826 4293 1884 4324 eo
1940 4278 2079 4336 dixit,
2128 4281 2271 4342 longae
2309 4297 2423 4342 pora
2477 4283 2639 4328 ultimo
2682 4283 2809 4330 υἱέα.

1682 4344 1899 4403 Spiritus,
1922 4343 2107 4405 ingenii
2132 4343 2206 4392 vis
2229 4343 2458 4406 vigorque
2480 4345 2723 4408 poeticus:
2760 4356 2816 4395 et

1682 4405 1803 4454 mihi
1833 4406 1899 4455 sit
1920 4415 2099 4466 tantus,
2124 4417 2340 4469 quantum
2372 4411 2477 4471 ejus
2502 4408 2705 4475 spii-inis
2732 4420 2816 4462 sat
