3050 4934
1144 246 1485 311 LIBER
1535 248 1671 312 IX.

543 392 821 477 Jamque
852 396 1057 459 omnis
1086 397 1333 479 campis
1362 398 1690 462 exercitus
1720 398 1858 462 ibat
1886 399 2154 482 apertis,

328 392 414 453 25

2481 246 2612 309 505

458 492 663 559 Dives
694 493 955 579 equum,
988 496 1169 561 dives
1197 498 1397 580 pictai
1426 499 1624 562 vestis
1657 508 1724 561 et
1753 500 1914 563 auri.

456 592 809 691 Messapus
840 596 1079 680 primas
1110 597 1306 674 acies,
1338 609 1668 681 postrema
1697 610 2002 663 coercent

453 693 803 777 Tyrrhidae
818 697 1131 781 juvenes:
1178 700 1391 763 medio
1422 700 1560 764 dux
1588 701 1842 782 agmine
1873 700 2143 764 Turnus

452 794 805 888 *Vertitur
833 820 1010 863 arma
1039 809 1291 874 tenens,
1322 810 1391 862 et
1422 808 1561 862 toto
1591 800 1830 864 vertice
1863 822 2064 884 supra
2091 810 2194 863 est
2219 824 2232 863 :
2253 800 2292 841 *

322 896 410 959 30
453 895 595 961 Ceu
626 909 877 983 septem
904 920 1181 982 surgens
1212 898 1457 963 sedatis
1490 900 1788 963 amnibus
1819 898 1990 963 altus

454 996 586 1061 Per
614 999 881 1063 tacitum
910 998 1205 1081 Ganges,
1236 1008 1352 1063 aut
1380 1000 1608 1082 pingui
1637 999 1898 1065 flumine
1927 999 2147 1076 Nilus,

458 1098 683 1171 Quum
710 1098 929 1163 refluit
956 1101 1224 1184 campis,
1254 1110 1323 1163 et
1342 1099 1482 1183 jam
1514 1121 1584 1164 se
1615 1101 1908 1167 condidit
1935 1101 2139 1165 alveo.

459 1199 592 1264 Hic
622 1202 903 1265 subitam
930 1202 1119 1284 nigro
1146 1199 1492 1283 glomerari
1518 1200 1788 1289 pulvere
1817 1204 2058 1267 nubem

458 1298 879 1384 Prospiciunt
906 1288 1175 1377 Teucri,
1208 1322 1285 1365 ac
1316 1302 1623 1365 tenebras
1653 1302 1992 1386 insurgere
2023 1288 2290 1385 campis.

328 1398 414 1462 35
458 1398 715 1465 Primus
746 1402 831 1465 ab
860 1401 1138 1465 adversa
1164 1400 1525 1465 conclamat
1551 1400 1718 1465 mole
1751 1401 2026 1467 Caicus:

457 1500 625 1571 Quis
656 1500 914 1584 globus,
947 1523 988 1565 o
1017 1501 1213 1577 cives,
1246 1499 1519 1585 caligine
1551 1501 1827 1567 volvitur
1854 1507 2032 1567 atra!

460 1600 657 1665 Ferte
687 1604 799 1666 citi
824 1602 1094 1679 ferrum,
1124 1602 1278 1666 date
1308 1600 1460 1679 tela,
1493 1603 1784 1667 scandite
1815 1625 2059 1679 muros,

462 1701 693 1766 Hostis
725 1704 935 1779 adest,
966 1704 1093 1767 eia.
1168 1702 1427 1787 Ingenti
1456 1703 1733 1768 clamore
1763 1726 1884 1787 per
1915 1726 2138 1768 omnes
2189 1744 2194 1747 -

460 1801 771 1866 Condunt
802 1825 872 1866 se
901 1802 1149 1868 Teucri
1172 1814 1422 1887 portas,
1454 1815 1525 1868 et
1554 1805 1792 1868 moenia
1821 1804 2166 1888 complent.

333 1902 421 1967 40
464 1902 767 1986 Namque
798 1904 889 1967 ita
917 1903 1263 1969 discedens
1295 1916 1701 1988 praeceperat
1731 1906 2014 1989 optimus
2045 1907 2238 1969 armis

461 2004 748 2068 AEneas:
797 2005 854 2068 si
880 2026 1011 2089 qua
1038 2006 1291 2069 interea
1318 2004 1583 2070 fortuna
1611 2005 1865 2084 suisset,

460 2104 619 2169 Neu
648 2114 903 2169 struere
931 2105 1252 2169 auderent
1281 2106 1510 2182 aciem,
1540 2128 1672 2171 neu
1701 2108 1972 2171 credere
2003 2128 2268 2191 camp03

464 2205 701 2271 Castra
722 2206 917 2270 modo
944 2216 1013 2269 et
1042 2216 1217 2269 tutos
1250 2219 1587 2271 servarent
1616 2229 1858 2291 aggere
1887 2228 2128 2271 muros.

464 2305 671 2390 Ergo,
700 2306 829 2371 etsi
857 2304 1153 2371 conferre
1183 2328 1443 2370 manum
1468 2307 1688 2391 pudor
1715 2308 1944 2391 iraque
1973 2317 2312 2383 monstrat,

331 2408 420 2472 45
463 2406 803 2491 Objiciunt
828 2418 1053 2491 portas
1085 2416 1324 2483 tamen,
1357 2416 1425 2470 et
1451 2418 1788 2491 praecepta
1817 2407 2172 2485 facessunt,

460 2505 843 2592 Armatique
874 2507 1047 2571 cavis
1078 2516 1467 2590 exspectant
1494 2508 1786 2572 turribus
1819 2507 2098 2572 hostem.

458 2607 751 2685 Turum,
782 2619 855 2672 ut
885 2618 1037 2673 ante
1065 2606 1287 2673 volans
1318 2607 1580 2672 tardum
1607 2618 2038 2693 praecesserat
2065 2630 2323 2693 agmen,

460 2708 712 2793 Viginti
738 2707 924 2775 lectis
955 2710 1247 2794 equitum
1274 2710 1616 2774 comitatus
1645 2719 1716 2774 et
1744 2710 1894 2775 urbi

458 2810 853 2895 Improvisus
884 2810 1111 2888 adest3
1156 2809 1423 2875 maculis
1452 2832 1647 2894 quem
1674 2810 2004 2875 Thracius
2033 2810 2198 2875 albis

354 2997 561 3050 25—27.
597 2999 791 3061 Agmen
814 2996 1001 3053 ordine,
1024 2996 1159 3045 lento
1188 2996 1345 3060 gradu
1363 3004 1415 3045 et

287 3062 555 3127 composite
604 3062 850 3119 incedens,
884 3064 1094 3122 fluminis
1146 3064 1239 3109 lato
1289 3064 1415 3109 alveo

289 3132 415 3177 inter
434 3131 563 3189 ripas
596 3129 794 3175 devoluti
830 3126 1043 3189 speciem
1079 3140 1181 3189 proe
1212 3140 1267 3173 se
1288 3125 1415 3173 ferre

290 3194 418 3241 bene
454 3190 551 3239 dici
584 3200 759 3266 potest.
818 3189 961 3244 Quod
994 3189 1048 3236 in
1071 3190 1244 3251 Gange
1278 3188 1416 3236 alveo

290 3272 381 3305 suo
398 3270 451 3303 se
468 3264 749 3303 continente
768 3253 1110 3309 declaraverat,
1128 3266 1245 3300 mox
1259 3252 1416 3300 variat

288 3320 343 3369 in
368 3319 501 3377 Nilo,
525 3319 655 3367 intra
690 3318 882 3367 alveum
914 3328 1125 3379 recepto.
1184 3316 1263 3363 De
1286 3318 1413 3363 Mes-

287 3402 401 3446 sapo
432 3383 531 3432 vid.
568 3384 630 3431 ad
664 3381 747 3441 vii,
776 3382 887 3431 691.
944 3382 1103 3429 Pictas·
1138 3382 1291 3436 vestis,
1314 3378 1413 3441 qui,

288 3458 346 3499 ut
370 3448 704 3504 Etruscorum,
727 3447 799 3495 ita
820 3444 1027 3493 aliorum
1054 3443 1287 3492 Italorum
1310 3458 1417 3491 mos

287 3528 397 3563 esse
418 3511 601 3569 debuit,
625 3520 683 3560 ut
711 3510 928 3559 vestibus
958 3507 1217 3571 variegatis
1254 3507 1415 3555 colore

289 3589 342 3625 et
362 3586 557 3625 textura
577 3582 847 3625 uterentur.

355 3642 434 3691 29.
470 3642 655 3689 Versus
687 3638 820 3687 haud
850 3636 1000 3685 dubie
1022 3652 1085 3684 cx
1104 3635 1187 3685 lib.
1212 3634 1294 3693 vii,
1320 3634 1417 3685 784

288 3707 385 3754 huc
420 3704 693 3753 translatin-
752 3702 939 3750 Turbat
970 3700 1055 3749 ille
1086 3708 1139 3748 et
1162 3714 1413 3773 compara·-

294 3767 445 3819 tionis
464 3783 670 3817 nervum
696 3764 899 3820 insidia
934 3772 985 3812 et
1006 3764 1145 3813 deest
1164 3763 1411 3827 plerisque

290 3832 429 3882 libris
450 3831 665 3895 optimis.

354 3898 432 3954 30,
478 3896 556 3945 31.
578 3894 781 3957 ’Septem
822 3909 1015 3957 surgens
1064 3894 1305 3941 mnibme
1354 3889 1418 3939 ad

286 3962 413 4012 ostia
433 3960 605 4010 referri
634 3959 759 4009 solet
790 3968 849 4007 ut
879 3967 1069 4021 septem
1100 3955 1224 4005 ostia
1243 3956 1420 4003 habent

294 4028 405 4075 Gan
506 4043 521 4081 ς
554 4023 643 4073 sed
674 4032 919 4088 repugnat
951 4030 1170 4071 veterum
1214 4020 1336 4069 fides
1370 4028 1423 4096 et

287 4084 1420 4211 *affaufflaeffisessxz‘xgfflz

290 4218 353 4269 de
386 4216 685 4280 scaturigine
716 4214 915 4281 proprie
948 4214 1047 4263 dici
1080 4212 1291 4263 solitum.
1349 4213 1421 4260 At

292 4281 404 4333 tulis
426 4280 635 4331 sontium
656 4294 891 4331 numerus
920 4277 1035 4327 alibi
1058 4292 1157 4325 non
1178 4274 1417 4327 memora-

286 4354 383 4397 tur.
442 4345 681 4409 Superest
700 4354 759 4393 ut
778 4360 932 4393 amnes
952 4342 1055 4392 sint
1076 4340 1217 4398 alvei,
1243 4338 1421 4403 quibus

289 4410 503 4473 Ganges,
538 4424 568 4459 e
602 4408 851 4459 montibus
890 4406 1094 4457 Emodis
1134 4418 1421 4469 progressus

1478 3004 1529 3045 et
1549 3012 1640 3063 per
1661 2996 1914 3063 planitiem
1945 2996 2161 3045 locorum
2197 2994 2387 3045 delatus
2419 2996 2600 3053 fertur}

1478 3062 1608 3123 quod
1629 3077 1741 3109 cum
1771 3062 1868 3109 fide
1890 3070 2112 3109 veterum
2143 3060 2384 3109 convenit.
2445 3061 2508 3108 In
2528 3060 2602 3108 lo-

1478 3124 1552 3174 cis
1572 3125 1732 3189 planis
1754 3125 1908 3175 fertur
1933 3128 2036 3189 jam
2071 3128 2246 3189 spdatis
2276 3128 2498 3182 amnibus,
2523 3140 2600 3173 se-

1480 3189 1593 3237 date
1631 3203 1686 3237 ac
1723 3189 1898 3246 taciteg
1933 3189 2081 3238 etiam
2119 3202 2261 3237 aucto
2295 3188 2451 3237 solitis
2487 3187 2604 3237 anni

1480 3252 1668 3300 vicibus
1701 3253 1870 3301 alveo:
1919 3268 2014 3315 quo
2052 3253 2229 3301 ducere
2268 3252 2463 3302 videtur
2497 3268 2601 3301 voc.

1477 3316 2474 3444 ffssfflffinssffffliquffssssfflss
2495 3316 2604 3428 ἓξὲξ

1480 3442 1768 3507 simpliciter
1797 3459 1901 3507 pro,
1934 3443 2196 3493 incedens:
2233 3443 2326 3491 etsi
2354 3443 2604 3491 notionem

1480 3515 1652 3555 auctus
1695 3507 1973 3568 adjunctam
2016 3523 2123 3555 esse
2160 3506 2367 3555 videam.
2443 3507 2606 3570 Igitur

1480 3572 1679 3633 Ganges
1700 3570 1815 3619 inde
1837 3572 1898 3619 ab
1920 3580 2028 3619 orm
2050 3578 2238 3635 septem
2255 3570 2408 3619 alveis
2421 3569 2607 3619 incedit

1480 3634 1647 3683 sedate
1676 3650 1733 3682 ac
1767 3634 1928 3683 tacite.
1983 3637 2078 3682 Per
2109 3638 2314 3691 ειη-ἰωῇ,
2339 3650 2402 3683 ex
2419 3649 2525 3699 sup.
2549 3638 2605 3693 ie,

1480 3698 1666 3746 incedit
1687 3697 1860 3755 tacite;
1893 3708 1964 3756 ut,
1983 3713 2072 3763 per
2093 3696 2358 3757 silentium,
2375 3714 2466 3763 per
2487 3713 2602 3747 noc-

1547 3828 1625 3874 35.
1659 3830 1738 3875 Ab
1757 3828 1951 3876 aduersa
1970 3828 2096 3885 nole,
2119 3826 2244 3875 turri
2264 3826 2318 3874 in
2337 3825 2610 3875 munitione

1482 3891 1806 3967 Troianorum
1840 3890 1923 3954 (cf.
1957 3889 2021 3939 ad
2053 3906 2097 3938 v.
2137 3890 2239 3953 13,)
2275 3890 2337 3939 ab
2373 3905 2432 3939 ea
2466 3898 2606 3955 parte

1483 3954 2110 4083 qussaffi‘ffffissffiss
2131 4016 2334 4082 ‘rm-„fi
2353 4018 2486 4068 zm
2507 4018 2609 4068 val-

1484 4084 1588 4133 lum
1611 4094 1663 4132 et
1681 4099 1860 4133 muros.

1551 4150 1630 4197 41.
1665 4148 1718 4197 Si
1771 4147 1847 4196 uis
1869 4146 1985 4196 belli
2003 4160 2214 4196 cauisse
2237 4145 2460 4203 σῶα-εις
2495 4162 2604 4196 ver-

1484 4214 1562 4272 bo,
1586 4211 1630 4261 si
1651 4212 1734 4275 qui
1788 4210 2042 4260 accideret.

1548 4278 1628 4387 ἔρ.
1665 4278 1900 4324 umato-at
1919 4275 1972 4323 h.
1991 4275 2024 4323 l.
2048 4276 2285 4333 hortat-n,
2305 4274 2492 4335 studet,
2512 4276 2606 4325 im-

1585 4348 1639 4387 ιε.

1483 4354 1758 4452 pe48--50.
1797 4402 1860 4451 In
1899 4403 2060 4453 verbis
2103 4412 2150 4451 et
2189 4407 2296 4451 urbe·
2337 4406 2612 4467 Improvisus

1410 4469 1497 4516 31·
