3050 4934
254 810 263 850 l

1220 272 1562 338 LIBER
1609 275 1740 341 vl.

481 420 1199 505 Infantumque·animae
1228 423 1484 501 flenteS,
1518 425 1583 488 in
1615 423 1828 488 limine
1859 429 2105 509 prim03

482 521 673 596 Quos
706 522 913 587 dulcis
946 525 1095 586 vitae
1122 537 1445 601 exsorteS,
1476 536 1545 588 et
1575 527 1660 590 ab
1693 528 1894 591 ubere
1923 541 2171 612 raptOS,

246 688 253 721 Ι
480 623 777 688 Abstulit
808 636 949 688 atra
980 625 1143 700 dies,
1176 636 1243 689 et
1275 625 1500 690 funere
1535 629 1759 692 mersit
1787 630 2049 693 acerbo·

246 732 259 783 ἱ
302 723 435 787 430
480 723 627 789 Hos
648 725 845 808 juxta
874 724 1037 788 falso
1067 727 1351 789 damnati
1384 729 1646 792 crimine
1677 729 1926 792 mortis,

478 825 625 889 Nec
655 847 811 889 vero
842 826 947 888 hae
978 829 1115 890 sine
1147 838 1323 890 sorte
1357 828 1553 904 datae,
1587 831 1724 893 sine
1748 831 1995 913 judice,
2031 832 2242 896 sedeS.

482 924 816 999 Quaesitor
844 925 1067 991 Minos
1096 949 1326 990 urnam
1358 938 1608 1005 movet3
1656 929 1762 994 ille
1794 931 2094 994 silentum

478 1026 965 1111 conciliumque
996 1038 1207 1104 vocat,
1240 1030 1536 1113 vitasque
1567 1041 1635 1094 et
1663 1032 1928 1094 crimina
1958 1033 2172 1098 discit.

478 1127 785 1192 Proxima
816 1129 1053 1192 deinde
1086 1140 1311 1192 tenent
1338 1131 1554 1194 moesti
1585 1129 1748 1208 loca,
1782 1134 1894 1215 qui
1923 1133 2047 1196 sibi
2076 1133 2326 1198 lethum

306 1228 435 1292 435
482 1228 785 1293 Insontes
816 1251 1134 1313 peperere
1164 1253 1381 1306 manu,
1414 1229 1753 1315 lucemque
1783 1234 2004 1315 perosi

478 1327 827 1414 Projecere
858 1331 1125 1394 animas.
1204 1330 1421 1405 Quam
1452 1330 1691 1396 vellent
1721 1331 1965 1397 aethere
1997 1334 2062 1396 in
2092 1333 2224 1406 alto

476 1430 676 1494 Nunc
706 1443 774 1495 et
800 1432 1181 1515 pauperiem
1208 1441 1276 1495 et
1306 1432 1507 1496 duros
1541 1431 1835 1516 perferre
1866 1432 2160 1497 labores!

476 1529 606 1595 Fas
637 1533 877 1608 obstat,
909 1533 1207 1616 tristique
1238 1530 1427 1616 palus
1456 1531 1815 1596 inamabilis
1847 1535 2024 1598 unda

478 1629 748 1716 Alligat‚
781 1643 851 1696 et
876 1634 1099 1696 novies
1132 1633 1299 1716 Styx
1328 1631 1647 1697 interfusa
1675 1645 1954 1698 coercet.

304 1733 434 1796 440
564 1733 711 1797 Nec
742 1732 971 1818 procul
1000 1733 1149 1797 hinc
1181 1744 1433 1817 partem
1460 1733 1590 1796 fusi
1619 1745 2062 1798 monstrantur
2090 1737 2156 1800 in
2189 1760 2441 1803 omnem

302 2000 533 2059 heroine,
577 2011 628 2048 et
670 2000 865 2050 feminae
903 2001 1046 2050 clarae
1086 2000 1263 2050 veteris
1308 1999 1425 2058 aevi;

303 2063 433 2113 inter
458 2081 541 2114 eas
573 2065 721 2114 etiam
754 2066 931 2114 misere
965 2075 1197 2113 amantes.
1256 2065 1425 2114 Conti-

303 2143 400 2192 gua
434 2129 548 2188 illis,
572 2138 623 2178 et
654 2130 708 2178 in
742 2139 961 2178 extrema
984 2147 1240 2191 camporum
1264 2133 1425 2193 lugen-

306 2197 419 2241 tium
458 2203 611 2257 parte,
652 2193 745 2242 sita
784 2207 860 2242 est
898 2193 1038 2242 sedes
1076 2198 1272 2242 virorum
1316 2196 1429 2244 bello

301 2260 543 2316 clarorum,
577 2267 629 2306 et
666 2258 797 2306 inter
826 2257 1142 2322 pugnandum
1178 2271 1425 2307 casotum.

307 2323 387 2370 Ita
415 2321 670 2386 excipiunt
706 2337 760 2371 se
800 2323 906 2371 loca
942 2338 1109 2370 eorum
1150 2323 1235 2384 qui
1272 2333 1428 2371 morte

302 2387 433 2435 haud
452 2392 643 2435 matura
658 2386 905 2445 interiere,
928 2386 1184 2444 infantum,
1200 2385 1424 2434 heroina-

302 2465 428 2508 rum,
474 2451 703 2500 heroum:
752 2457 1011 2500 commune
1054 2450 1279 2500 omnibus
1318 2451 1425 2508 hoc,

302 2515 433 2578 quod
470 2515 689 2564 debitum
723 2515 838 2564 vitae
878 2524 1073 2579 tempus
1108 2529 1207 2562 non
1249 2529 1424 2577 exege-

301 2588 432 2628 runt.
493 2579 628 2627 Hinc
650 2582 752 2627 (ἔω
780 2583 881 2627 vt'ae.
950 2579 997 2626 A
1030 2577 1229 2626 sinistra
1256 2581 1424 2626 Tarta-

302 2661 403 2692 rum
436 2651 650 2692 ostentat
670 2653 723 2692 et
752 2642 985 2692 describit
1008 2642 1291 2706 Deiphobe;
1328 2658 1427 2690 non

300 2718 467 2756 autem
500 2707 665 2756 intrat.
728 2707 788 2756 In
818 2707 948 2756 hunc
984 2707 1231 2755 transtulit
1264 2706 1429 2754 omnia

336 2781 449 2820 oeta
483 2787 591 2835 quae
624 2780 815 2820 veteres
844 2770 909 2819 de
944 2771 1164 2827 Tartaro,
1201 2770 1253 2818 in
1283 2785 1428 2832 quem

300 2789 507 2885 {stanes
556 2836 750 2884 fuerant
793 2836 993 2892 detrusi,
1044 2834 1243 2882 fabulati
1298 2843 1426 2882 sunt.

306 2901 453 2949 Nunc
480 2898 675 2949 diversa
704 2901 812 2948 loca
832 2899 1055 2948 videmus
1075 2914 1182 2946 esse
1206 2897 1425 2962 Elysium

300 2975 354 3013 et
398 2965 671 3014 Tartarum.
744 2964 857 3012 Jsm
896 2963 958 3011 ad
1003 2965 1215 3010 Plutonis
1254 2965 1427 3023 regiam

298 3037 595 3093 perventum
628 3037 717 3076 est.
776 3027 1033 3091 Sapienter
1070 3028 1195 3074 hanc
1227 3026 1429 3074 omnino

300 3093 615 3158 pretermisit
650 3100 807 3156 poeta.
864 3092 1022 3138 Intrat
1058 3103 1219 3137 tamen
1244 3089 1427 3138 AEneas

300 3157 597 3206 vestibulum
628 3156 789 3219 regiae,
826 3155 1003 3202 lustrat
1037 3169 1105 3210 se,
1148 3162 1201 3201 et
1237 3169 1427 3202 ramum

300 3237 507 3270 aureum
540 3221 592 3268 in
626 3220 811 3268 foribus
845 3218 965 3281 fig-it.
1024 3218 1211 3265 Praeter
1242 3217 1427 3280 regiam

303 3285 528 3334 Plutonis
549 3284 629 3332 via
650 3299 751 3331 non
779 3283 925 3345 longa
946 3281 1008 3330 ad
1032 3282 1095 3329 El
1154 3282 1255 3330 'um
1278 3281 1425 3329 ducit.

306 3351 385 3399 De
420 3349 510 3398 hoc
534 3348 652 3397 satis
685 3347 870 3394 dictum
905 3346 967 3394 ad
1004 3362 1047 3394 v.
1120 3345 1179 3396 37
1204 3361 1305 3408 sqq.
1368 3346 1427 3393 In

302 3417 411 3476 eJus
442 3412 659 3462 convalle
682 3413 827 3459 Lethe
861 3421 949 3468 est,
972 3409 1035 3457 sd
1068 3425 1211 3472 quam
1244 3425 1425 3457 convo-

299 3485 475 3527 cantur
528 3475 705 3524 anime
761 3490 943 3523 novum
1004 3489 1180 3538 eorpus
1238 3473 1425 3537 ingres-

298 3558 441 3592 surae.

364 3608 477 3654 430.
512 3605 777 3667 Hosjuaeta.
813 3603 947 3658 Quid
961 3602 1015 3650 in
1032 3603 1228 3651 sedibus
1246 3603 1323 3650 his
1345 3617 1423 3650 as-

297 3669 552 3734 signandis
596 3677 793 3717 secutus
828 3669 897 3716 sit
927 3677 1087 3730 poeta,
1124 3683 1222 3714 non
1258 3667 1423 3730 liquet.

298 3734 534 3798 Suspicor
566 3742 727 3781 tamen
760 3731 910 3780 fuisse
944 3732 1301 3794 Pythagoreum
1334 3731 1423 3778 nli-
1454 3787 1463 3796 ο

296 3815 443 3862 quem
474 3807 735 3854 auctorem,
768 3795 866 3860 qui,
894 3811 1003 3858 quae
1030 3795 1114 3842 alii
1146 3794 1425 3844 summatim

296 3863 593 3920 extulerunt,
662 3859 889 3910 subtilius
954 3868 1241 3924 prosecutus
1306 3869 1425 3907 erat.

300 3928 415 3976 Hoc
445 3941 597 3975 unum
626 3925 759 3973 inter
784 3924 984 3988 infantes
1009 3934 1059 3972 et
1080 3923 1428 3986 &aiquojudict’o

296 4001 385 4040 sut
398 4008 484 4039 sua
506 4007 643 4038 manu
658 3993 917 4038 interemtos
936 4003 1193 4036 commune
1214 3988 1425 4035 interce-

298 4055 417 4104 dere
444 4055 651 4111 videtur,
677 4053 805 4116 quod
832 4061 1037 4100 mortem
1065 4052 1260 4100 fatalem
1286 4061 1423 4099 ante-

294 4127 564 4176 verterunt‚
611 4129 664 4166 et
705 4121 949 4166 instatura
990 4125 1133 4165 morte
1171 4116 1423 4171 obierunt3

296 4184 517 4246 adeoque
552 4183 787 4230 interiora
816 4196 1007 4244 quoque
1040 4181 1309 4228 inferorum
1348 4179 1423 4226 in-

296 4247 439 4312 gredi
478 4247 811 4312 prohibentur.
879 4245 1237 4293 Warburtonus
1276 4243 1428 4291 multa

296 4313 419 4361 satis
448 4321 619 4374 argute
652 4325 800 4386 super
834 4309 994 4357 causis
1028 4309 1201 4356 harum
1236 4306 1426 4356 sedium

298 4377 522 4424 datarum
543 4373 941 4424 comminiscitur.

364 4442 476 4488 431.
514 4443 613 4488 Nee
634 4455 739 4488 vero
758 4441 828 4486 Μ
851 4441 947 4486 sirie
974 4446 1097 4485 sorte
1115 4440 1239 4485 ἀπίω
1260 4445 1351 4484 etc.
1376 4437 1423 4484 h.

1494 2018 1536 2051 e.
1563 2017 1663 2050 non
1686 2001 1794 2051 sine
1809 2001 1975 2066 judice
2007 2003 2179 2052 sortito
2209 2003 2350 2059 datm
2383 2005 2472 2054 sed
2487 2006 2618 2068 judi-

1493 2081 1604 2115 cum
1641 2067 1812 2114 sortito
1847 2067 2072 2115 datorum
2107 2068 2377 2116 sententiis.
2407 2085 2412 2090 ’
2453 2069 2498 2116 Ε
2539 2087 2618 2119 se-

1492 2131 1754 2194 quentibus
1795 2131 1929 2180 enim
1963 2141 2168 2206 apparet
2207 2141 2388 2186 sortem
2421 2147 2522 2182 non
2559 2135 2620 2184 de

1494 2194 1600 2258 ipsa
1623 2195 1868 2242 sententia
1887 2196 2040 2260 accipi
2183 2212 2222 2244 e.
2277 2199 2517 2256 Quaesitor,
2533 2214 2621 2247 seu

1487 2258 1644 2320 judex
1675 2259 1970 2320 quaestionis,
1997 2269 2052 2307 ut
2127 2275 2250 2308 omae
2277 2261 2330 2308 in
2362 2277 2508 2310 causa
2537 2278 2618 2312 ca-

1492 2323 1544 2388 pi
1550 2323 1634 2370 tali
1647 2333 1840 2397 praetor,
1855 2332 1998 2372 movet
2011 2341 2186 2382 ternant,
2197 2324 2398 2373 sortitur
2405 2326 2618 2388 judicem

1495 2393 1598 2434 tum
1617 2395 1734 2434 citat
1751 2401 1860 2434 reos
1880 2387 2204 2450 adjudicium,
2222 2391 2435 2436 silentum
2457 2391 2617 2439 Conci-

1493 2453 1606 2498 lium
1623 2459 1766 2508 vocat,
1779 2455 1985 2512 vitaque
2001 2459 2050 2498 et
2071 2455 2266 2500 crimin
2283 2455 2436 2510 discit,
2453 2454 2621 2503 audita

1493 2513 1746 2589 utriusque
1759 2515 1913 2580 partis
1929 2514 2163 2574 oratione,
2180 2524 2229 2562 et
2243 2515 2448 2565 testibus
2463 2518 2617 2566 inter·

1492 2587 1690 2640 rogatis

1557 2645 1669 2690 432.
1697 2641 1878 2698 Minos,
1897 2657 1926 2694 e
1945 2641 2168 2691 Maronis
2189 2652 2366 2702 mente,
2387 2643 2439 2692 in
2458 2645 2620 2709 primo

1492 2707 1555 2754 ad
1588 2706 1770 2754 inferos
1802 2705 1952 2764 aditu,
1976 2707 2226 2769 cog-noscit
2256 2707 2318 2755 de
2350 2707 2614 2758 advenien-

1495 2770 1618 2818 tium
1657 2769 1928 2817 animarum
1971 2784 2130 2828 causa,
2171 2787 2213 2818 v.
2251 2773 2374 2828 4323
2419 2773 2615 2822 Rhada-

1493 2834 1748 2882 manthum
1783 2847 1899 2881 vero
1937 2833 1990 2880 in
2024 2835 2230 2882 Tartaro
2269 2836 2536 2894 constituit,
2571 2854 2616 2885 v.

1494 2899 1617 2952 5663
1661 2913 1759 2944 non
1797 2907 1894 2945 tam
1926 2897 2144 2959 judicem
2181 2899 2265 2960 qui
2301 2899 2619 2961 quaestionem

1493 2971 1704 3020 exercet,
1740 2976 1884 3024 quam
1925 2973 1980 3009 ut
2012 2961 2400 3011 Triumvirorum
2433 2964 2616 3028 capita-

1492 3025 1614 3074 lium
1633 3039 1766 3074 more
1788 3025 2056 3074 sententias
2070 3027 2291 3088 judicum
2310 3037 2617 3090 exsequatur,

1492 3099 1544 3137 et
1571 3089 1866 3153 supplicium
1897 3100 2070 3138 sumat.
2129 3091 2186 3140 M
2221 3092 2334 3140 thus
2363 3093 2444 3140 hic
2476 3093 2620 3142 aliter

1491 3155 1556 3201 ab
1584 3155 1810 3202 Homero·
1837 3163 2082 3202 uastatur.
2203 3171 2282 3204 am
2317 3156 2359 3203 is
2395 3157 2618 3206 Minoem

1493 3218 1650 3265 obiter
1671 3217 1800 3265 inter
1830 3227 2030 3266 caeterss
2064 3219 2254 3268 animas
2281 3220 2518 3278 nominat,
2543 3226 2618 3270 oe·

1490 3280 1792 3341 μιστεύοντα,
1817 3281 2033 3356 adeoque
2048 3283 2292 3344 judicem;
2334 3300 2393 3332 eo
2415 3285 2616 3343 scilicet,

1492 3354 1548 3393 ut
1575 3345 1626 3393 id
1655 3354 1768 3408 agat
1792 3345 1922 3408 apud
1951 3346 2132 3395 inferos
2161 3349 2291 3409 quod
2321 3348 2374 3394 in
2405 3349 2494 3398 hac
2518 3349 2620 3398 vita

1492 3409 1718 3474 persequi
1751 3419 1858 3457 erat
1881 3410 2077 3467 solitus;
2113 3421 2170 3458 ut
2189 3411 2272 3459 alii
2301 3413 2474 3460 heroes
2506 3413 2614 3460 elia.

1497 3475 1566 3521 At
1613 3473 2016 3522 Rhadamanthus
2065 3475 2118 3522 in
2167 3475 2336 3537 Elysio
2379 3487 2615 3534 versatur,

1494 3548 1722 3600 tanquam
1743 3537 1858 3600 pius
1879 3539 2049 3585 heros:
2087 3537 2262 3600 Odyss.
2287 3541 2329 3594 δ,
2353 3541 2462 3586 564.

1558 3602 1830 3648 434—439.
1875 3601 2108 3662 Magnam
2151 3601 2212 3648 ad
2253 3601 2616 3651 miserationem

1488 3664 1671 3714 extulit
1707 3675 1888 3712 sortem
1933 3664 2220 3711 miserorum
2259 3665 2342 3726 qui
2387 3666 2481 3714 sibi
2522 3667 2619 3731 ipsi

1490 3729 1730 3778 violentas
1783 3743 1956 3776 manus
2003 3727 2227 3786 intulere,
2274 3730 2362 3777 sed
2405 3735 2616 3790 insontes,

1492 3793 1627 3842 nullo
1673 3791 1878 3840 crimine
1931 3792 2120 3855 polluti,
2165 3793 2252 3840 sed
2297 3793 2410 3842 vitae
2459 3796 2616 3852 taedio,

1490 3867 1693 3924 propter
1707 3871 2034 3904 aerumnarum
2050 3856 2228 3904 molem
2247 3873 2342 3920 qua
2359 3874 2618 3922 oppressos

1492 3937 1546 3970 se
1579 3921 1820 3970 videbant.
1891 3921 2125 3983 Prqiecere
2155 3926 2368 3980 animam,
2397 3939 2508 3970 cum
2541 3923 2616 3970 di-

1492 3987 1637 4044 lectu,
1662 3985 1800 4048 quasi
1828 4000 1932 4033 rem
1957 3983 2116 4033 vilem.
2176 3986 2350 4033 Atina
2373 3987 2486 4034 facti
2509 4003 2614 4050 poe-

1490 4050 1750 4098 nitentium
1767 4048 2078 4106 declarantis,
2102 4052 2248 4101 Quam
2269 4053 2434 4098 vellem
2449 4055 2618 4102 attam

1490 4120 1542 4163 in
1563 4119 1670 4170 alto,
1693 4129 1756 4161 ex
1770 4123 1885 4161 nota
1907 4113 1991 4160 illa
2012 4123 2062 4160 et
2085 4128 2114 4160 e
2133 4113 2351 4160 Luciano
2373 4115 2619 4177 exagitata

1491 4177 1736 4226 sententia
1758 4177 1966 4224 Achillis
1997 4176 2155 4232 ducta,
2181 4176 2354 4240 Odyss.
2379 4187 2428 4232 λ,
2455 4182 2620 4227 488-

1492 4245 1604 4298 490,
1639 4241 1822 4288 habent
1853 4241 1952 4289 vim
1994 4241 2158 4288 nescio
2189 4255 2334 4303 quam
2370 4243 2432 4289 ad
2467 4244 2620 4292 animi

1492 4305 1730 4354 affectum.
1787 4307 1894 4360 Fas,
1911 4307 2024 4365 Jura
2052 4305 2336 4354 inferorum.
2391 4311 2508 4370 Styx
2535 4325 2614 4356 no-

1491 4374 1600 4427 vies,
1639 4369 1728 4416 hoc
1763 4379 1837 4415 est
1871 4367 2063 4432 saepius,
2095 4367 2302 4418 flexibus
2333 4370 2436 4419 suis
2467 4387 2618 4436 reg-na

1491 4434 1646 4483 infera
1669 4432 1853 4481 ambire
1875 4431 2066 4480 dicitur.
2571 4459 2576 4464 -

1417 4502 1503 4546 30
