3050 4934
1132 302 1473 367 LIBER
1518 301 1701 368 VII.

431 450 630 516 Hunc
660 451 864 516 decus
892 453 1228 536 egregium
1255 453 1480 517 formae
1508 465 1726 518 movet
1752 463 1949 537 atque
1970 455 2296 538 juventae3

441 550 642 616 Hunc
667 553 840 616 atavi
870 575 1062 637 reges
1087 580 1103 632 3
1150 554 1325 618 hunc
1355 554 1545 618 claris
1572 555 1847 619 dextera
1874 554 2113 618 factis.-

255 652 390 716 475
520 651 702 716 Dum
729 652 999 716 Turnus
1031 653 1314 718 Rutulos
1346 656 1571 718 animis
1602 656 1958 719 audacibus
1988 653 2231 739 implet,

436 751 694 818 Allecto
721 755 788 816 in
818 753 1115 818 Teucros
1149 755 1393 839 Stygiis
1425 777 1496 818 se
1525 756 1807 820 concitat
1834 754 1949 818 alis
1974 781 1990 832 3

441 851 608 917 Arte
639 876 842 931 nova3
891 854 1226 938 speculata
1254 854 1488 932 locum,
1519 879 1653 939 quo
1675 855 1891 919 littore
1922 853 2195 939 pulcher

434 953 694 1018 Insidiis
722 975 1050 1037 cursuque
1078 953 1250 1018 feras
1280 956 1569 1039 agitabat
1600 954 1801 1019 Iulus.

441 1052 570 1118 Hic
601 1055 882 1118 subitam
910 1056 1180 1120 canibus
1211 1057 1456 1120 rabiem
1487 1056 1755 1140 Cocytia
1784 1057 1965 1140 virgo

256 1155 392 1218 480
434 1154 705 1239 Objicit,
737 1166 806 1219 et
833 1167 990 1219 noto
1017 1178 1208 1220 nares
1240 1159 1555 1241 contingit
1588 1157 1813 1234 odore,

443 1255 540 1318 Ut
563 1276 823 1320 cervum
851 1257 1156 1321 ardentes
1188 1268 1459 1340 agerent
1482 1285 1498 1335 ;
1545 1280 1693 1341 quae
1714 1258 1921 1341 prima
1948 1255 2241 1322 laborum

441 1355 659 1420 Causa
685 1355 830 1434 fuit,
862 1356 1164 1442 belloque
1195 1360 1440 1422 animos
1470 1359 1768 1423 accendit
1795 1369 2109 1442 agrestes-

439 1457 692 1521 Cervus
721 1466 865 1521 erat
891 1457 1099 1522 forma
1127 1460 1466 1541 praestanti
1494 1469 1564 1522 et
1591 1459 1893 1523 cornibus
1918 1460 2170 1542 ingens,

437 1556 790 1641 Tyrrhidae
819 1560 1010 1643 pueri
1039 1581 1231 1641 quem
1261 1560 1484 1623 matris
1513 1561 1598 1623 ab
1624 1561 1826 1624 ubere
1858 1571 2113 1643 raptum

273 1659 408 1722 485
449 1657 834 1736 Nutribant‚
865 1658 1337 1745 Tyrrheusque
1367 1671 1577 1744 pater,
1610 1663 1714 1725 cui
1743 1663 1925 1744 regia
1953 1671 2185 1743 parent

442 1757 781 1837 Armenta,
811 1769 879 1826 et
908 1760 1038 1826 late
1070 1763 1371 1826 custodia
1400 1763 1650 1827 credita
1676 1763 1904 1846 campi.

441 1857 803 1924 Assuetum
831 1863 1115 1944 imperiis
1149 1883 1332 1926 soror
1359 1864 1531 1926 omni
1560 1862 1759 1926 Silvia
1786 1884 1943 1926 cura

443 1959 758 2024 Mollibus
787 1962 1086 2025 intexens
1118 1965 1392 2027 ornabat
1420 1985 1663 2027 cornua
1696 1964 1907 2038 sertis,

444 2060 890 2144 Pectebatque
919 2060 1151 2138 ferum,
1181 2085 1476 2147 puroque
1507 2065 1574 2126 in
1605 2063 1783 2127 fonte
1812 2063 2088 2126 lavabat.
2136 2093 2149 2110 e

265 2161 400 2224 490
443 2160 583 2238 Ille,
611 2183 868 2224 manum
897 2161 1175 2244 patiens,
1206 2185 1577 2247 mensoeque
1606 2175 1907 2226 assuetus
1938 2161 2147 2238 herili,

439 2261 729 2325 Errabat
756 2259 928 2324 silvis
955 2287 971 2338 3
1017 2283 1375 2345 rursusque
1406 2265 1491 2326 ad
1514 2263 1731 2326 limina
1761 2274 1916 2327 nota

447 2362 600 2446 Ipse
631 2362 891 2426 domum
917 2383 1064 2424 sera
1089 2363 1378 2445 quamvis
1411 2384 1481 2426 se
1511 2374 1702 2427 nocte
1732 2363 2003 2427 ferebat.

448 2462 646 2527 Hunc
675 2461 904 2546 procul
932 2473 1256 2526 errantem
1287 2464 1537 2527 rabidae
1564 2464 1855 2538 venantis
1886 2462 2011 2526 Iuli

442 2563 862 2627 commovere
893 2584 1088 2626 canes
1114 2589 1130 2640 ς
1175 2563 1372 2627 fluvio
1400 2586 1601 2647 quum
1632 2561 1798 2627 forte
1828 2564 2114 2627 secundo

269 2665 406 2729 495
449 2665 814 2740 Deflueret,
847 2665 1116 2748 ripaque
1147 2677 1347 2728 aestus
1378 2661 1694 2730 viridante
1724 2664 1990 2728 levaret.

450 2765 603 2850 Ipse
631 2766 849 2841 etiam,
880 2765 1132 2828 eximiae
1160 2764 1372 2830 laudis
1403 2787 1757 2830 succensus
1787 2787 2027 2841 amore,

445 2865 768 2930 Ascanius
798 2887 998 2930 curvo
1023 2865 1264 2929 direxit
1294 2865 1542 2949 spicula
1571 2888 1775 2930 cornu
1800 2889 1815 2928 ε

441 2968 590 3034 Nec
612 2967 866 3032 dextrae
889 2967 1131 3030 erranti
1162 2967 1324 3030 deus
1356 2967 1603 3045 abfuit3
1651 2979 1925 3050 actaque
1957 2964 2159 3029 multo

443 3069 704 3151 Perque
733 3077 988 3131 uterum
1013 3067 1230 3130 sonitu
1257 3089 1503 3152 perque
1534 3066 1641 3131 ilia
1670 3069 1844 3132 venit
1871 3068 2143 3131 arund0.

267 3239 358 3288 dii
393 3237 768 3303 ptdcbritmline,
805 3237 888 3286 alii
927 3235 1180 3285 nobilitate
1217 3237 1391 3295 Turni,

267 3303 356 3352 alii
381 3303 574 3352 virtutis
595 3302 722 3350 fama
745 3301 909 3349 erecti.

337 3369 434 3418 475
457 3383 559 3429 sqq.
595 3365 897 3428 Principium
911 3364 1026 3413 belli
1047 3363 1178 3412 inter
1195 3363 1396 3412 Latinos

270 3443 326 3480 et
343 3432 582 3494 Troianos
613 3445 786 3478 cervus
808 3429 1066 3478 venatione
1092 3428 1392 3476 interemtus.

441 3495 648 3544 hemum
679 3493 770 3541 hoc
798 3495 900 3555 jam
934 3491 1064 3556 apud
1098 3493 1314 3540 Macrob.
1349 3507 1393 3550 v,

276 3561 353 3618 17,
377 3569 430 3608 et
449 3558 564 3607 hinc
596 3573 626 3606 a
658 3557 838 3614 multis,
857 3566 1092 3618 tanquam
1110 3567 1256 3604 tenue
1279 3565 1329 3604 et
1347 3555 1396 3604 vi

269 3623 416 3736 ff
445 3619 1310 3735 {ffnffimffiffioeffgedffizzss‘ssn
1343 3683 1396 3730 in

271 3751 514 3814 Troianos
535 3749 762 3798 concitati
795 3763 968 3813 parum
990 3747 1163 3811 placet.
1224 3747 1398 3795 Malim

270 3831 306 3864 a
321 3815 514 3878 magnis
533 3814 804 3862 animorum
828 3811 1053 3867 motibus,
1077 3811 1166 3859 iris
1187 3821 1238 3859 et
1258 3811 1396 3869 odiis,

269 3893 360 3928 eas
380 3877 635 3928 messius
656 3893 778 3934 esse,
803 3891 947 3939 quam
969 3890 999 3923 a
1023 3874 1292 3924 Discordiae
1313 3890 1399 3922 seu

273 3943 442 3992 Fut-in
461 3941 658 3991 artibus
709 3941 813 3989 Nec
834 3949 996 3989 tamen
1019 3955 1163 3988 cerva
1179 3938 1260 3987 hic
1283 3939 1398 3988 belli

271 4017 354 4056 est
393 4023 554 4064 ausa,
594 4005 682 4054 sed
733 4004 922 4054 occasio
977 4013 1168 4052 tantum
1207 4013 1258 4051 et
1300 4003 1396 4051 ini-

271 4073 414 4122 tium.
469 4073 651 4118 Animis
695 4071 948 4117 mandene
1003 4071 1171 4130 implet.
1211 4068 1398 4116 Home-

271 4135 460 4186 ricumz
495 4131 695 4196 Μρσονς
725 4135 916 4190 πλῆσεν
947 4131 1132 4194 φρένας,
1167 4141 1222 4180 ut
1259 4131 1398 4180 Iliad.

271 4219 316 4264 ρ,
335 4201 446 4248 ⁶8³.
499 4197 638 4246 Facit
659 4213 790 4246 nunc
815 4197 989 4246 Alecto
1010 4196 1140 4258 quod
1163 4195 1277 4244 Eris
1297 4195 1404 4244 Ho-

273 4263 473 4320 merica,
497 4262 636 4312 Iliad.
662 4263 704 4319 8,
718 4263 830 4320 444,
849 4262 1002 4310 νεῖκος
1023 4259 1202 4318 ὁμοίϊον
1223 4257 1410 4319 ἔμβαλε

277 4339 374 4377 etc.
433 4331 552 4376 Arte
589 4343 718 4384 nova,
747 4341 862 4374 eum
893 4323 990 4372 alia
1027 4322 1211 4381 fraude,
1229 4337 1410 4371 novum

267 4391 446 4440 dolum
473 4390 720 4439 meditata.

345 4458 458 4512 481,
494 4457 606 4504 482.
645 4457 806 4501 Pri-a
845 4455 1049 4500 laborum
1089 4455 1244 4500 Gom
1273 4449 1376 4511 sui!
1393 4470 1408 4498 .·

1457 3237 1671 3301 primum
1701 3237 1895 3286 initium
1913 3239 2243 3286 calamitatum
2262 3253 2371 3300 quae
2391 3239 2584 3289 insecu-

1459 3310 1744 3427 taetggtsqq.
1782 3365 1961 3413 Molles
1994 3375 2045 3414 et
2074 3366 2307 3414 bucolicis
2328 3367 2583 3430 propiores

1461 3443 1631 3477 versus
1664 3437 1781 3476 sunt
1800 3428 1883 3491 qui
1906 3439 2185 3492 sequuntur.
2248 3431 2465 3491 Tyrkidae
2492 3447 2582 3491 pu·

1459 3496 1543 3550 eri,
1570 3492 1888 3568 pquyrrbei
1916 3493 2019 3540 mii.
2073 3493 2292 3554 Tyrrhus
2325 3501 2434 3566 erat
2462 3494 2587 3568 regii

1460 3565 1671 3604 armenti
1694 3565 1936 3618 magister,
1951 3555 2081 3618 apud
2094 3570 2239 3616 quem
2263 3557 2469 3602 Lavrma
2488 3557 2583 3603 811-

1371 3647 1393 3657 -
1460 3621 1593 3668 vium
1610 3618 1755 3667 enixa
1770 3628 1857 3667 est.
1906 3621 2041 3666 Soror
2064 3633 2129 3665 sc.
2163 3633 2440 3681 puerorum,
2460 3620 2583 3683 Tyr-

1461 3683 1566 3732 rhei
1590 3682 1703 3730 filia.

1529 3746 1827 3795 490—492.
1882 3743 2113 3808 Χειροήθη
2168 3755 2218 3792 et
2272 3744 2594 3808 ὁμοτράπεζον

1463 3811 1615 3860 fuisse
1652 3811 1798 3858 dicit:
1834 3809 1893 3858 cf.
1934 3809 2094 3858 Guell.
2153 3812 2273 3871 Ipse,
2312 3810 2466 3869 αὐτὸς,
2504 3825 2595 3874 pro

1467 3871 1753 3934 αὐτομάτως.

1527 3940 1818 3988 493—495.
1876 3939 2065 3986 Cervus
2126 3946 2240 4001 post
2294 3935 2592 3985 natationem

1465 4003 1739 4066 (eleganter
1772 4005 1966 4065 defluere
2032 4017 2089 4050 ro
2122 4000 2316 4061 natare)
2336 3999 2388 4047 in
2410 3999 2517 4063 ripa
2539 4017 2592 4049 se

1465 4070 1526 4116 ab
1548 4077 1669 4116 aestu
1690 4068 1954 4115 recreabat.
2062 4079 2147 4128 rgo
2172 4067 2275 4126 jam
2309 4065 2561 4124 defluxerat
2576 4083 2592 4112 .-

1467 4141 1518 4180 et
1538 4146 1657 4180 sane
1677 4145 1824 4179 canes
1846 4145 1961 4178 eum
1980 4129 2283 4178 reficientem
2306 4143 2359 4176 se
2379 4143 2591 4177 commo-

1472 4205 1665 4253 verunt,
1692 4195 1979 4242 excitarunt.

1539 4261 1650 4316 498,
1696 4259 1807 4307 499.
1851 4257 2043 4306 Turbes
2086 4255 2270 4304 faciunt
2310 4255 2365 4303 in
2404 4261 2595 4305 erranti.

1475 4325 1580 4372 Res
1602 4321 1830 4386 expedita
1852 4321 1958 4378 erit,
1974 4321 2017 4370 si
2032 4320 2217 4384 cogites
2239 4320 2435 4368 inverso
2450 4333 2596 4370 sensu

1473 4386 1686 4435 dictum:
1722 4389 1901 4435 manti
1924 4389 2035 4434 deus
2056 4382 2221 4446 ulfi-it,
2240 4385 2309 4432 ita
2326 4393 2382 4432 ut
2402 4385 2595 4432 aberra-

1475 4461 1565 4499 ret.
1626 4451 1771 4498 Nunc
1796 4449 2105 4512 negationem
2136 4449 2349 4498 addidit:
2385 4464 2467 4495 nee
2488 4451 2599 4494 deus
