3050 4934
1136 269 1478 336 LIBER
1524 272 1708 335 XII.

2461 270 2593 334 647

274 413 405 478 840
446 415 593 480 Nec
624 439 785 500 gens
816 417 947 482 ulla
977 431 1123 484 tuos
1154 443 1340 504 aeque
1372 419 1728 484 celebrabit
1753 419 2058 486 honores.

444 516 697 582 Annuit
726 519 829 582 his
859 519 1059 596 Juno,
1090 533 1157 584 et
1185 533 1462 586 mentem
1492 521 1711 586 laetata
1739 525 2022 587 retorsit.
2098 531 2118 572 '-

445 617 704 684 Interea
732 621 992 686 excedit
1022 621 1210 699 coelo,
1240 624 1611 706 nubemque
1641 622 1922 706 reliquit.

528 719 657 783 His
682 722 865 798 actia,
899 721 1072 786 aliud
1102 723 1361 806 genitor
1391 745 1612 788 secum
1659 725 1799 808 ipse
1831 723 2110 800 volutat3

441 820 919 906 «Iuturnamque
947 835 1137 907 parat
1166 822 1384 887 fratris
1418 825 1741 887 dimittere
1769 825 1853 888 ab
1883 825 2097 888 armis.

272 920 401 984 845
446 919 777 986 Dicuntur
797 926 1069 1006 geminae
1098 934 1321 1008 pestes
1354 926 1734 1009 cognomine
1765 924 1972 1002 Dirae,

444 1021 629 1094 Quas
660 1034 729 1086 et
757 1023 1143 1090 Tartaream
1174 1025 1331 1088 Nox
1362 1015 1752 1110 intempesta
1782 1026 2163 1110 Megaeram„

445 1122 597 1187 Uno
627 1125 985 1208 eodemque
1014 1125 1162 1189 tulit
1190 1138 1406 1209 partu,
1439 1127 1838 1211 paribusque
1861 1129 2140 1193 revinxit

442 1224 833 1309 Serpentum
863 1227 1077 1311 spiriS,
1109 1237 1544 1311 ventosasque
1573 1229 1827 1292 addidit
1855 1227 2012 1292 alaS.

444 1325 572 1389 Hae
599 1326 783 1390 Jovis
815 1329 900 1392 ad
933 1326 1183 1405 solium,
1218 1329 1501 1411 saevique
1532 1329 1598 1392 in
1626 1327 1840 1393 limine
1873 1332 2071 1413 regiS,

270 1427 399 1490 850
442 1424 809 1512 Apparent,
834 1431 1210 1513 'acuuntque
1241 1440 1482 1493 metum
1512 1429 1889 1495 mortalibus
1921 1434 2134 1515 aegris,

441 1528 512 1592 Si
542 1530 804 1612 quando
835 1528 1083 1594 lethum
1112 1529 1488 1594 horrificum
1517 1532 1910 1614 morbosque
1941 1531 2134 1597 desim
2165 1557 2282 1597 rex

442 1629 739 1706 Molitur,
770 1631 1031 1694 meritas
1062 1643 1176 1695 aut
1204 1630 1377 1695 bello
1408 1633 1666 1696 territat
1696 1634 1914 1697 urbes,

442 1731 699 1798 Harum
726 1753 919 1795 unam
942 1730 1219 1796 celerem
1248 1733 1505 1796 demisit
1537 1734 1620 1797 ab
1651 1733 1896 1797 aethere
1929 1757 2176 1798 summo

440 1830 725 1916 Jupiter,
758 1832 955 1915 inque
984 1853 1171 1896 omen
1202 1832 1505 1896 Juturnae
1535 1854 1876 1897 occurrere
1899 1835 2120 1917 jussit.

161 1920 179 1934 “
268 1933 395 1996 855
440 1931 557 1996 Illa
584 1931 779 2008 volat,
812 1933 1136 2017 celerique
1162 1934 1248 1997 ad
1279 1944 1519 1997 terram
1549 1935 1806 1998 turbine
1835 1933 2064 1999 fertur.

438 2033 595 2098 Non
628 2055 815 2098 secus
845 2057 921 2098 ac
950 2057 1149 2099 nervo
1178 2057 1299 2117 per
1328 2036 1568 2099 nubem
1596 2035 1873 2118 impulsa
1903 2038 2161 2120 sagitta,

438 2132 774 2198 Armatam
804 2137 957 2199 saevi
987 2135 1274 2200 Parthus
1298 2159 1493 2219 quam
1522 2134 1672 2199 felle
1702 2138 1954 2214 veneni,

437 2236 747 2313 Parthae,
782 2237 915 2302 sive
948 2237 1201 2321 Cydon,
1235 2237 1433 2302 telum
1460 2237 1953 2316 immedicabile,
1987 2242 2210 2318 torsit3

437 2338 759 2414 StridenS,
794 2349 861 2400 et
888 2337 1131 2402 celeres
1164 2340 1493 2422 incognita
1520 2338 1798 2404 transilit
1824 2342 2084 2404 umbras
2110 2366 2124 2403 :

266 2440 395 2503 860
438 2438 621 2503 Talis
652 2461 722 2502 se
753 2449 897 2501 sata
926 2437 1141 2502 Nocte
1172 2438 1340 2516 tulit,
1373 2451 1713 2521 terrasque
1743 2441 1992 2521 petivit.

434 2539 793 2622 Postquam
822 2540 993 2602 acies
1025 2539 1203 2602 videt
1232 2538 1461 2604 Iliacas
1492 2551 1690 2623 atque
1721 2541 1976 2624 agmina
2005 2539 2239 2617 Turni,

433 2639 628 2702 Alitis
656 2641 723 2703 in
750 2661 969 2722 parvae
1000 2640 1277 2704 subitam
1308 2639 1580 2704 collecta
1607 2639 1907 2723 figuram,

261 2842 502 2907 gendum:
546 2841 791 2905 significat
824 2851 1013 2890 tantum
1045 2844 1375 2906 praestantiam

260 2922 497 2956 summam
554 2906 607 2953 in
657 2905 750 2953 hoc
811 2921 1003 2969 genere.
1086 2906 1375 2956 Tenendum

259 2972 391 3020 idem
414 2971 467 3018 in
500 2970 771 3018 innumeris
802 2969 934 3027 locis,
970 2970 1053 3018 ubi
1077 2987 1374 3034 quaecunque

258 3035 505 3084 excellunt
521 3043 571 3083 et
582 3041 817 3098 praestant
830 3034 953 3092 aliis,
972 3049 1067 3082 non
1082 3036 1228 3083 modo
1237 3037 1375 3100 paria

256 3099 351 3148 diis
374 3115 429 3147 ac
452 3098 617 3146 divina
638 3113 759 3155 esse,
783 3113 953 3147 verum
976 3099 1123 3146 etiam
1146 3115 1375 3165 superare

254 3165 375 3212 deos
396 3162 638 3210 dicuntur.

322 3230 432 3286 841,
455 3229 564 3276 842.
600 3228 797 3275 Mentem
816 3231 1016 3284 retorsit,
1034 3227 1241 3285 inflexit,
1266 3244 1371 3276 mu-

255 3293 392 3341 tavit.
448 3293 645 3340 Excedit
663 3294 787 3339 coelo.
822 3292 933 3346 Quo
956 3291 1107 3354 igitur
1126 3291 1211 3339 illa
1238 3291 1371 3349 abiit,

251 3357 297 3406 si
318 3356 441 3405 coelo
465 3355 673 3404 excessit
694 3355 819 3404 dea?
858 3355 971 3404 Erit
990 3359 1153 3403 coelum
1174 3357 1221 3403 h.
1247 3355 1277 3403 Ι.
1310 3354 1371 3403 de

252 3423 382 3470 nube
426 3418 775 3483 accipiendum,
820 3419 951 3468 unde
990 3419 1077 3467 illa
1123 3420 1373 3483 spectabat

250 3499 482 3601 933⁰ssss
518 3484 893 3596 ffifffffflssff
895 3483 1171 3597 {3²⁸31‘2'm‘3
1206 3519 1219 3531 '
1258 3483 1369 3542 Μ’

352 3584 365 3606 ,
482 3582 494 3594 .

250 3612 545 3668 cubiculum,
600 3612 729 3673 quod
784 3613 1031 3661 Homerus
1086 3612 1372 3661 memoravit

257 3677 397 3726 Iliad.
419 3681 458 3738 ε,
488 3677 579 3724 166
602 3691 703 3740 sqq.

316 3743 587 3790 845-850.
610 3741 689 3788 De
708 3739 871 3788 Furiis
888 3751 1085 3804 poetam
1100 3755 1257 3803 agere,
1277 3741 1367 3788 du-

250 3806 397 3856 bitari
442 3805 623 3868 nequit.
694 3808 973 3866 cognomine,
1018 3820 1112 3879 pro
1157 3805 1366 3852 nomine.

250 3874 383 3920 Dirae
402 3883 477 3918 est
494 3885 673 3918 nomen
694 3867 889 3916 illarum
906 3877 1133 3932 pestium,
1156 3868 1202 3916 h.
1220 3868 1362 3916 exiti-

250 3951 443 3984 osarum
479 3933 692 3981 dearum.
750 3935 1059 3981 Geminae—et
1098 3936 1363 3996 Megaeram.

250 4001 409 4048 Docte
431 3999 500 4046 sic
524 3997 730 4046 variavit
750 4006 907 4062 poeta,
933 3997 1060 4059 quod
1078 3998 1223 4060 vulgo
1245 4008 1364 4056 erat,

248 4073 365 4113 sunt
388 4073 487 4111 tres
509 4063 657 4110 Dirae.
715 4062 843 4109 Tum
872 4077 1025 4109 unum
1058 4071 1244 4110 tantum
1276 4078 1362 4110 no-

248 4127 1364 4256 fftzfflnigtssffizziffiffls{225

246 4257 351 4322 plet
380 4256 575 4304 animo?
611 4257 775 4303 Noctis
793 4257 924 4315 filias
956 4254 1130 4303 Furias
1151 4255 1229 4302 vel
1262 4255 1363 4304 Eu-

246 4321 467 4370 menides
494 4319 641 4368 etiam
670 4335 777 4384 sup.
802 4318 885 4376 vii,
910 4321 1019 4376 331,
1044 4317 1108 4376 vi,
1134 4321 1228 4366 250
1260 4319 1363 4367 edi-

245 4386 395 4433 derat.
443 4384 586 4440 Quod
608 4401 697 4432 uno
712 4392 857 4446 partu
875 4387 1025 4432 editas
1050 4382 1178 4440 facit,
1201 4385 1367 4432 nescio

245 4465 309 4497 an
338 4449 535 4497 aliunde
558 4449 811 4512 acceperit.
874 4451 1086 4506 paribus,
1120 4463 1210 4512 pro
1232 4449 1363 4511 pari-

1234 3565 1367 3608 αμον,
1432 3563 1468 3612 ι)

1444 2854 1529 2902 ter,
1585 2846 1658 2894 ari
1676 2861 1846 2894 omnes
1867 2846 2024 2894 modo.
2079 2849 2294 2896 Vento-ras
2315 2852 2416 2898 alas
2439 2865 2566 2899 novo

1441 2924 1469 2956 e
1504 2909 1544 2956 it
1580 2918 1673 2967 eto,
1731 2910 1860 2971 quod
1908 2911 2158 2959 notionem
2213 2914 2564 2976 magnitudinis

1486 2989 1627 3021 arum
1650 2982 1702 3021 et
1719 2974 1946 3023 concitati
1971 2976 2160 3024 volatus
2175 2976 2348 3032 haben
2384 2994 2497 3026 nam
2521 2979 2564 3028 is

1440 3047 1642 3085 ventum
1664 3049 1839 3087 movet.
1886 3043 2128 3102 Apparent
2147 3057 2244 3088 vox
2265 3042 2476 3105 propria,
2501 3043 2563 3092 de

1442 3101 1727 3160 ministerio,
1783 3103 1914 3152 unde
1968 3120 2030 3167 ap
2065 3105 2283 3153 aritores.
2373 3111 2559 3156 Acuunt

1440 3174 1604 3213 metum
1621 3185 1636 3213 .·
1675 3176 1860 3214 terrent
1881 3178 2038 3216 morta
2057 3185 2110 3217 es
2139 3169 2356 3219 miseros.

1504 3231 1776 3278 853—856.
1822 3233 1980 3279 Unam.
2035 3235 2160 3280 Cum
2178 3244 2324 3298 poeta
2349 3235 2429 3283 vix
2451 3237 2556 3300 dig-

1438 3306 1558 3341 num
1581 3293 1646 3340 sit
1667 3293 1921 3341 indefinite
1945 3295 2090 3357 loqui,
2111 3297 2376 3359 Megaeram
2397 3300 2556 3363 desig-

1437 3371 1580 3404 nasse
1607 3357 1841 3405 dicendus
1871 3367 1971 3406 est:
2007 3377 2143 3407 unam
2173 3364 2314 3409 illam.
2356 3366 2557 3413 Turbine

1436 3419 1594 3495 simpl.
1618 3437 1709 3484 pro
1725 3430 1874 3469 motu.
1918 3422 2064 3470 Volat
2087 3425 2303 3487 Megaera
2326 3435 2556 3490 tanquam

1435 3493 1612 3546 sagitta
1652 3501 1768 3532 arcu
1807 3485 1997 3534 emissa.
2071 3490 2166 3534 Per
2199 3492 2372 3546 nubem,
2412 3500 2560 3553 auget

1469 3549 1734 3605 hantasma,
1757 3565 1850 3612 pro
1869 3565 1958 3613 per
1978 3566 2155 3600 aerem.

1502 3612 1596 3661 857
1599 3615 1774 3662 -859.
1829 3613 2034 3662 Parthos
2075 3614 2266 3678 sagittis
2304 3619 2557 3668 venenatis

1434 3693 1550 3726 usos
1572 3691 1679 3724 esse
1703 3677 1865 3725 firmat
1895 3678 2094 3726 Servius
2134 3679 2322 3728 Lucani
2345 3683 2554 3730 auctori·

1436 3749 1537 3788 tate
1577 3740 1660 3790 lib.
1704 3740 1806 3798 viii,
1845 3743 1954 3799 303,
1995 3745 2102 3791 304.
2161 3747 2248 3792 Fet
2277 3749 2447 3803 veneni,
2473 3763 2551 3795 or·
2619 3797 2634 3812 ,

1436 3813 1564 3860 nate,
1588 3814 1643 3853 ut
1661 3804 1807 3864 virus,
1824 3805 1854 3853 i.
1877 3822 1919 3854 e.
1939 3821 2112 3856 succus
2133 3824 2339 3867 amarus,
2361 3811 2552 3860 noxius.

1432 3872 1688 3926 Armatam,
1725 3870 1940 3918 tinctam.
2014 3873 2166 3919 Telum
2211 3876 2554 3932 immedicabile,

1431 3933 1562 3996 quod
1577 3933 1753 3982 vulnus
1775 3934 2044 3984 insanabile
2061 3935 2188 3984 facit.
2249 3939 2444 3986 Umbras
2464 3955 2555 4002 pro

1430 4014 1544 4047 aere
1567 3998 1705 4046 dixit.

1496 4063 1605 4111 862.
1645 4065 1813 4112 Habet
1832 4063 1936 4110 haec
1961 4065 2190 4126 Megaerae
2229 4065 2281 4112 in
2312 4067 2553 4116 bubonem

1431 4128 1636 4176 mutatio
1658 4127 1841 4192 aliquid
1867 4128 1995 4190 quod
2027 4128 2289 4191 insigniter
2311 4130 2372 4177 ad
2397 4141 2550 4179 terro-

1431 4207 1535 4240 rem
1575 4193 1988 4241 accommodatum
2025 4203 2098 4240 est
2132 4209 2194 4240 ex
2226 4203 2445 4242 veterum
2469 4213 2550 4244 su-

1432 4255 1744 4319 perstitione3
1815 4273 1878 4306 ex
1933 4273 2026 4319 qua
2085 4267 2306 4306 recentes
2363 4275 2552 4323 quoque

1430 4329 1589 4384 poetae
1622 4321 1844 4369 certatim
1877 4322 2168 4370 transtulere
2203 4324 2436 4387 proesagia
2459 4327 2548 4374 bu-

1431 4386 1612 4432 bonum
1637 4395 1686 4433 et
1709 4393 2008 4433 noctuarum.
2067 4389 2214 4433 Alitis
2231 4405 2398 4448 parvae.
2459 4391 2548 4437 vi-

1430 4449 1575 4498 detur
1607 4459 1740 4498 recte
1775 4450 2013 4498 monitum
2035 4466 2064 4498 a
2097 4451 2281 4506 Servio,
2305 4452 2396 4500 hoc
2431 4454 2545 4501 alie-
