3050 4934
960 315 1458 383 VIRGILII
1519 317 1799 384 VITA.
2466 319 2549 384 vii
2602 260 2609 268 ⁰

215 435 355 484 uc.

211 533 358 596 727.
413 538 436 568 ⁴
463 533 720 612 Caesar,
755 555 841 599 ex
875 544 1026 599 ante
1056 533 1230 600 diem
1251 534 1362 598 xvi
1392 532 1531 599 Cal.
1563 533 1750 613 Feb„
1782 535 2104 599 sententia
2149 533 2231 599 L.
2267 533 2551 599 Munatii

479 658 500 688 ‘
533 649 782 731 Planci,
807 673 850 716 a
871 663 1102 718 senatu
1125 653 1510 737 caeterisque
1534 653 1781 718 civibus
1807 651 2148 740 Augustus
2182 651 2546 738 appellatus

485 776 506 806 ‘
537 781 676 850 est;
723 770 1070 857 septimum
1106 770 1256 856 ipso
1303 779 1371 835 et
1417 769 1518 834 Μ.
1568 770 1891 856 Vipsanio
1934 769 2239 857 Agrippa
2289 770 2549 836 tertium

483 895 504 924 ‘
541 886 754 953 Coss.’
831 888 1172 953 Censorin.
1205 909 1264 954 c.
1297 889 1414 952 22:
1459 888 1592 954 vid.
1624 887 1786 953 AEn.
1819 889 1903 968 vi,
1936 889 2087 954 793.

399 1004 594 1070 Bello
615 1007 686 1070 in
711 1005 1064 1072 Britannos
1085 1016 1314 1092 parato
1339 1006 1457 1071 sed
1479 1025 1633 1070 mox
1666 1007 1977 1092 seposito,
2000 1006 2227 1071 Caesar
2252 1007 2336 1071 ab
2367 1004 2553 1070 Urbe

487 1127 560 1188 in
589 1122 840 1189 Gallias
865 1135 938 1189 et
967 1124 1322 1211 Hispanias
1351 1123 2194 1209 proficiscitur.—Messala
2222 1123 2306 1189 de
2337 1121 2555 1187 Gallia

489 1240 872 1326 triumphat.

219 1361 380 1426 728.
431 1357 760 1445 Apuleius
790 1359 874 1424 de
905 1358 1232 1446 Hispania
1261 1356 1639 1445 triumphat.

225 1479 386 1543 729.
439 1477 801 1562 Expeditio
829 1475 1116 1562 Augusti
1143 1478 1212 1542 in
1241 1477 1631 1542 Cantabros.

405 1593 632 1659 AElius
661 1593 898 1659 Gallus
947 1595 1306 1661 exercitum
1345 1615 1430 1659 ex
1479 1593 1775 1680 AEgypto
1822 1594 1891 1658 in
1919 1590 2234 1658 Arabiam
2279 1589 2561 1659 Felicem

497 1710 716 1776 ducit:
761 1710 847 1777 cf.
879 1709 1042 1777 AEn.
1075 1712 1185 1791 vii,
1213 1712 1365 1777 605.

233 1829 384 1894 730.
433 1827 790 1914 Templum
817 1828 971 1894 Jani
999 1827 1311 1907 clausum,
1343 1828 1658 1915 Augusto
1687 1850 1772 1894 ex
1796 1827 2123 1913 Hispania
2148 1828 2411 1894 reduce.

229 1948 388 2010 731.
435 1943 541 2010 M.
590 1943 968 2024 Marcellus,
1032 1947 1330 2012 Octaviae
1393 1958 1462 2012 et
1503 1946 1582 2013 C.
1632 1945 1733 2012 Cl.
1780 1944 2081 2014 Marcelli
2121 1944 2319 2024 filius,
2364 1944 2559 2010 obiit:

502 2062 634 2128 vid.
661 2062 820 2128 AEn.
853 2065 940 2142 vi,
971 2064 1123 2128 870.

413 2178 764 2266 Augustus
793 2180 1085 2266 captivos
1113 2193 1182 2247 et
1213 2183 1400 2268 signa
1427 2181 1750 2262 militaria,
1780 2182 2004 2246 Crassi
2034 2193 2105 2247 et
2133 2180 2403 2247 Antonii
2434 2180 2562 2248 ela-

494 2297 688 2363 dibus
717 2298 974 2377 amissa,
1006 2322 1047 2365 a
1077 2297 1342 2364 Parthis
1368 2301 1683 2384 reposcit:
1716 2299 1847 2364 vid.
1882 2298 2043 2364 AEn.
2074 2299 2184 2376 vii,
2212 2299 2363 2364 606.
2416 2298 2558 2364 Res

507 2427 722 2481 tamen
744 2437 877 2481 non
899 2415 1196 2501 perfecta
1224 2428 1327 2482 est
1355 2427 1506 2482 ante
1537 2439 1779 2482 annum
1814 2416 1903 2482 U.
1940 2416 2018 2481 C.
2052 2415 2203 2480 734.

232 2537 398 2602 732.
446 2533 528 2599 C.
563 2532 934 2611 Petronius,
967 2533 1248 2620 AEgypti
1275 2535 1652 2620 praefectus,
1676 2534 2084 2620 AEthiopiam
2111 2532 2430 2618 praesidiis
2462 2554 2569 2599 oc-

517 2663 742 2738 cupat:
788 2652 920 2718 vid.
949 2651 1112 2718 AEn.
1145 2652 1231 2730 vi,
1261 2652 1411 2719 796.

237 2771 400 2836 733.
448 2768 795 2854 Augustus
825 2768 1108 2836 Siciliam
1144 2768 1504 2855 profectus,
1533 2769 1687 2836 inde
1726 2768 1794 2833 in
1825 2767 2153 2833 Graeciam
2182 2765 2570 2833 transmisit:

511 2887 578 2952 in
600 2885 795 2951 Samo
823 2886 1148 2952 hiemavit.

235 3003 400 3070 734.
448 3001 794 3088 Augustus
821 3002 891 3067 in
919 3001 1150 3068 Asiam
1187 3014 1258 3068 et
1300 3002 1554 3089 Syriam
1582 3003 1895 3089 perrexit,
1924 3002 2146 3088 ibique
2175 3001 2390 3068 omnia
2418 3021 2571 3066 con-

509 3119 739 3184 stituit.
803 3119 1052 3184 Iterum
1076 3121 1146 3184 in
1176 3119 1374 3187 Samo
1397 3119 1673 3186 hiberna
1699 3141 1927 3206 agens,
1949 3141 2175 3205 pacem
2206 3141 2355 3186 cum
2385 3117 2567 3184 Indis

510 3235 762 3301 foedere
789 3234 1212 3301 confirmavit.

427 3353 582 3420 Hoc
608 3374 780 3418 anno
809 3351 1242 3419 Garamantes
1288 3355 1439 3420 victi
1483 3366 1659 3434 sunt,
1691 3356 1871 3442 quod
1910 3365 2109 3440 poeta
2153 3365 2463 3440 tanquam
2511 3352 2579 3418 in

522 3469 823 3536 vaticinio
851 3471 1174 3538 ominatur
1203 3471 1366 3538 AEn.
1399 3473 1486 3552 vi,
1517 3474 1667 3540 795.

248 3589 406 3655 735.
455 3585 636 3653 Ante
664 3586 742 3652 C.
775 3585 871 3652 N.
907 3588 1011 3667 19,
1043 3589 1157 3654 xix
1203 3587 1344 3656 cal.
1379 3589 1715 3676 Septemb.
1764 3591 2175 3658 celebrantur
2220 3587 2579 3665 Eleusinia,

520 3704 761 3790 quibus
792 3702 1140 3790 Augustus
1171 3705 1458 3772 initiatus
1491 3716 1615 3772 est.

431 3829 453 3860 ‘
483 3819 826 3907 Virgilius,
857 3843 1030 3888 anno
1058 3823 1599 3910 quinquagesimo
1648 3823 1959 3902 secundo,
1990 3834 2067 3889 ut
2110 3821 2400 3889 ultimam
2447 3845 2581 3888 ma-

516 3944 538 3975 ‘
567 3959 724 4005 num
769 3937 1044 4005 AEneidi
1091 3938 1476 4026 imponeret,
1526 3940 1754 4006 statuit
1788 3941 1856 4005 in
1888 3939 2217 4006 Groeciam
2242 3950 2312 4006 et
2349 3939 2581 4006 Asiam

522 4061 544 4092 ⁸
576 4055 922 4134 decedere,
941 4056 1352 4143 triennioque
1381 4059 1692 4124 continuo
1711 4079 1965 4124 omnem
1987 4077 2251 4142 operam
2269 4056 2583 4124 limationi

517 4177 538 4208 ‘
569 4173 752 4250 dare,
782 4183 859 4237 ut
886 4171 1137 4260 reliqua
1164 4175 1298 4240 vita
1333 4185 1587 4240 tantum
1614 4173 2050 4261 philosophiae
2078 4187 2361 4241 vacaret.
2441 4175 2579 4241 Sed

515 4295 536 4326 ‘
566 4311 736 4368 cum,
775 4289 1112 4376 ingressus
1155 4291 1302 4370 iter,
1355 4291 1641 4358 Athenis
1696 4292 2089 4358 occurrisset
2139 4290 2451 4378 Augusto
2495 4294 2582 4358 ab

520 4411 542 4442 ‘
575 4406 851 4474 Oriente
883 4406 1162 4474 Romam
1183 4411 1557 4488 revertenti,
1580 4432 1710 4488 una
1740 4431 1886 4476 cum
1909 4409 2173 4476 Caesare
2204 4409 2422 4476 redire
2454 4419 2584 4476 sta-
