3050 4934
463 255 591 322 172
1278 241 1950 310 GEORGICON

635 400 932 484 Taygete
967 397 1152 462 simul
1182 419 1256 460 os
1289 395 1478 462 terris
1510 393 1799 459 ostendit
1825 391 2172 456 honestum

639 501 838 578 Plias,
869 510 937 565 et
966 498 1218 564 Oceani
1250 507 1508 582 spretos
1539 495 1711 580 pede
1740 491 1983 579 repulit
2011 513 2267 568 amnes;

633 600 778 666 Aut
804 602 1034 667 eadem
1059 600 1241 665 sidus
1270 598 1528 682 fugiens
1558 598 1671 661 ubi
1701 595 1909 660 Piscis
1940 593 2169 679 aquosi

462 705 591 769 235
635 703 920 768 Tristior
945 701 1254 766 hibernas
1283 699 1453 765 coelo
1481 697 1828 765 descendit
1852 697 1919 759 in
1948 695 2182 759 undas.

637 803 772 870 Illis
803 805 900 868 ira
926 803 1190 868 modum
1219 823 1420 887 supra
1447 811 1575 877 est,
1600 799 1905 882 laesaeque
1936 816 2255 860 venenum

640 905 979 970 Morsibus
1008 905 1352 988 inspirant,
1379 911 1448 966 et
1479 898 1729 986 spicula
1756 921 1931 964 caeca
1959 896 2331 980 relinquunt

637 1004 880 1071 Affixae
908 1006 1110 1082 venis,
1142 1005 1514 1087 animasque
1544 1003 1609 1066 in
1640 1000 1905 1066 vulnere
1934 1009 2208 1084 ponunt.

642 1108 758 1172 Sin
781 1109 1011 1172 duram
1038 1115 1334 1170 metuens
1363 1104 1663 1180 hiemem,
1693 1121 2055 1186 parcesque
2085 1098 2331 1173 future,

468 1210 599 1274 9240
641 1209 1100 1292 Contusosque
1131 1207 1378 1272 animos
1407 1215 1476 1270 et
1503 1227 1611 1269 res
1640 1203 2033 1268 miserabere
2063 1199 2340 1274 fractas3

641 1308 735 1372 At
765 1309 984 1373 suffire
1014 1307 1262 1392 thymo,
1289 1327 1607 1390 cerasque
1634 1305 1928 1369 recidere
1956 1303 2180 1366 inanes
2187 1347 2204 1377 ,

643 1409 812 1483 Quis
841 1410 1142 1475 dubitet?
1187 1429 1336 1472 nam
1365 1428 1542 1491 saepe
1573 1405 1755 1471 favos
1783 1406 2046 1489 ignotus
2076 1401 2301 1467 adedit

643 1510 907 1589 Stellio;
952 1522 1020 1575 et
1045 1508 1350 1593 lucifugis
1377 1518 1693 1592 congesta
1721 1503 1959 1572 cubilia
1986 1503 2244 1580 blattis;

644 1611 1082 1696 Immunisque
1113 1610 1350 1676 sedens
1381 1608 1591 1674 aliena
1620 1608 1705 1673 ad
1735 1604 1979 1692 pabula
2004 1604 2218 1681 fucus,

472 1714 601 1778 245
643 1710 786 1778 Aut
813 1734 1010 1797 asper
1039 1712 1274 1777 crabro
1301 1710 1657 1796 imparibus
1690 1730 1761 1772 se
1790 1707 2132 1771 immiscuit
2156 1705 2387 1783 armis;

642 1813 786 1879 Aut
815 1815 1051 1892 dirum,
1081 1814 1295 1889 tineae,
1326 1833 1571 1896 genus;
1618 1822 1732 1874 aut
1760 1810 1965 1874 invisa
1996 1808 2315 1873 Minervae

648 1916 870 1981 Laxos
900 1915 966 1980 in
995 1914 1246 1978 foribus
1277 1913 1619 1997 suspendit
1649 1933 1888 1976 aranea
1916 1931 2156 1975 casses.

473 2114 573 2148 ves.
631 2095 936 2146 Manendum
961 2095 1114 2158 igitur
1140 2093 1195 2142 in
1223 2093 1378 2142 altera
1401 2092 1590 2150 Cer-de,

475 2161 633 2218 Ruaei,
654 2169 706 2208 et
739 2159 945 2208 Martini
975 2157 1392 2222 interpretatione,
1417 2156 1500 2219 qui
1529 2157 1593 2206 ad

474 2225 796 2288 interpretum
839 2237 1130 2272 consensum
1169 2229 1414 2285 provocat,
1439 2218 1593 2282 soetas

471 2291 690 2352 gravidos
723 2301 830 2335 esse
863 2286 1028 2350 ipsum
1067 2285 1196 2334 mel:
1232 2300 1406 2348 cog-ere
1445 2284 1593 2332 mella

473 2351 685 2402 vidimus
705 2365 856 2414 supra
866 2367 911 2399 v.
941 2351 1047 2398 140.
1107 2349 1308 2398 Dictum
1331 2349 1426 2396 erit
1446 2348 1591 2396 soetus

473 2416 673 2466 notione
760 2413 914 2464 nersli
935 2415 998 2464 de
1018 2428 1307 2478 quocunque
1333 2421 1591 2476 proventu,

475 2497 606 2530 nunc
631 2495 710 2527 me
729 2479 823 2536 1503
858 2493 958 2526 non
995 2477 1138 2526 modo
1163 2476 1420 2541 pecudum,
1447 2477 1591 2525 arbo-

473 2561 601 2602 rum,
625 2543 757 2608 agri:
793 2559 910 2606 ergo
933 2557 1064 2591 nunc
1085 2541 1304 2590 absolute
1324 2549 1593 2604 proventus

473 2609 648 2658 mellis.
711 2609 944 2656 Gravidss
965 2615 1130 2655 autem
1151 2620 1281 2653 nunc
1301 2614 1380 2653 est
1398 2603 1589 2668 plenus,

474 2673 626 2730 dives,
649 2681 706 2719 ut
721 2673 942 2746 gravidas
970 2674 1156 2728 aristas,
1176 2671 1394 2732 gravidos
1410 2671 1592 2726 calamos,

473 2735 632 2848 ¹dictos
647 2734 872 2784 vidimus.
929 2736 1034 2782 Duo
1057 2742 1257 2795 cen-pora
1275 2736 1446 2790 messis,
1469 2732 1591 2780 mel·

523 2798 684 2847 tionis.

541 2864 653 2920 232,
683 2863 793 2910 238.
828 2862 876 2910 h.
914 2877 955 2909 e.
998 2861 1092 2910 sub
1119 2871 1280 2909 ortum
1317 2860 1587 2909 Pleiadum.

477 2929 624 2975 Simul
660 2943 716 2974 ae
757 2927 931 2984 Pleias,
963 2941 1053 2974 seu
1095 2927 1243 2983 Plias,
1289 2939 1350 2972 ex
1395 2923 1588 2982 Πλειὰς,

482 2992 682 3054 Taygete
711 2990 812 3052 (est
837 3005 898 3038 ea
921 3004 1022 3037 una
1051 2986 1318 3044 Pleiadum,
1345 3003 1454 3051 quae
1483 2988 1531 3036 h.
1555 2988 1587 3036 l.

474 3069 573 3102 una
593 3053 834 3116 cumipse
855 3051 1185 3114 intenigendae
1213 3051 1368 3112 sunt),
1393 3055 1593 3100 ostendit

471 3135 521 3166 os
537 3121 784 3174 honestent,
800 3116 1076 3180 pulchrum,
1094 3124 1322 3178 tanquam
1344 3115 1589 3179 Nympha,

476 3183 628 3237 terris,
659 3180 707 3227 h.
730 3180 786 3227 in
823 3188 1140 3242 conspectum
1173 3179 1323 3238 venit,
1359 3189 1466 3228 orta
1499 3188 1589 3228 est.

475 3245 542 3292 Et
557 3245 728 3304 repulit
739 3245 872 3304 pede,
895 3243 1024 3306 quod
1052 3242 1238 3291 faciunt
1257 3242 1342 3306 qui
1363 3243 1416 3291 in
1437 3242 1593 3292 altum

474 3306 744 3364 enituntur,
801 3306 998 3356 elevant
1047 3321 1116 3355 se.
1191 3309 1362 3355 Auses
1419 3309 1593 3356 Oceani

477 3369 772 3433 (Homerico
809 3369 1060 3428 vocabulo,
1095 3378 1154 3418 ut
1189 3378 1238 3427 λ,
1281 3369 1392 3428 638,
1437 3369 1593 3419 ambit

475 3434 608 3484 enim
643 3441 823 3483 terram
866 3433 1025 3484 amnis
1063 3433 1239 3495 more),
1275 3433 1392 3496 quia
1427 3433 1592 3484 sidera

473 3497 682 3548 cosmice
703 3497 914 3548 orientia
943 3513 1008 3548 ex
1035 3513 1218 3548 oceano
1237 3512 1492 3561 assurgere
1513 3497 1588 3546 vi-

473 3562 580 3611 deri
615 3571 834 3626 possum,
858 3571 916 3612 ut
933 3563 1019 3612 sol.
1077 3565 1274 3625 Spreta-t,
1299 3573 1474 3611 ornatu
1497 3578 1589 3626 po·

475 3626 602 3674 etico
623 3626 880 3688 adjectum,
894 3627 1024 3702 <guod
1037 3627 1271 3676 convenit
1287 3625 1504 3689 alioquin
1525 3625 1603 3684 iis

475 3690 1286 3812 qugssffgggfpglthffibaoccasum,
1327 3753 1412 3816 qui
1447 3753 1499 3800 in
1541 3753 1591 3802 vi

478 3817 600 3866 Idus
622 3817 918 3866 Novembris
935 3817 1158 3866 refertur.
1213 3820 1309 3864 Ast
1331 3821 1412 3864 aba·
1432 3820 1591 3865 eadem

479 3881 640 3930 Pleias
661 3884 894 3930 descendit
912 3885 1036 3938 coelo,
1059 3878 1251 3938 occidit,
1267 3884 1460 3938 tristior,
1475 3881 1593 3944 quia

477 3945 622 4004 tristi,
644 3945 849 4008 ingmto,
873 3944 990 3993 anni
1013 3955 1248 4009 tempore,
1269 3947 1320 3992 in
1346 3947 1492 3993 undae
1513 3949 1589 3994 1ιί-

478 4011 654 4066 beram,
718 4007 1088 4073 tempestatibus
1143 4017 1356 4066 vexatas,
1407 4009 1590 4073 quippe

475 4087 645 4120 mense
690 4072 972 4122 Novembri.
1045 4073 1106 4122 In
1149 4087 1284 4122 mare
1325 4082 1490 4120 autem
1534 4089 1589 4122 se

475 4135 684 4184 condere
703 4137 858 4185 videri
883 4146 1091 4200 possunt
1111 4135 1272 4186 sidera
1303 4135 1587 4186 occidentia.

476 4201 679 4261 Fugiens
712 4203 842 4248 sidau
872 4202 1024 4249 Piscis
1055 4204 1212 4264 aquoso·
1226 4219 1244 4254 ‚-
1286 4201 1585 4264 quandoqui-

474 4263 588 4311 dem
623 4262 666 4310 is
706 4263 958 4313 Pleiadum
993 4264 1117 4314 situs
1157 4273 1234 4312 est
1267 4263 1322 4312 in
1359 4264 1497 4322 coelo,
1534 4275 1593 4314 ut

474 4326 598 4375 alter
629 4327 844 4376 Piscium
869 4343 952 4376 eas
973 4344 1004 4376 a
1026 4339 1162 4392 tergo
1189 4343 1366 4392 urgere
1383 4336 1435 4377 et
1455 4328 1585 4378 inse·

473 4390 558 4453 qui
581 4390 736 4440 videri
755 4389 924 4454 possit.

1724 2093 1995 2140 236—288.
2030 2091 2305 2154 Coniuncta
2340 2091 2443 2140 lma
2478 2105 2590 2140 cum
2626 2107 2776 2168 supe·

1657 2156 1869 2205 rioribus
1888 2176 1900 2212 ς
1936 2171 2064 2214 nanu,
2084 2154 2201 2203 dum
2223 2155 2321 2202 mel
2339 2154 2657 2214 exscinditur,
2678 2172 2780 2206 iras

1658 2235 1807 2284 apum
1832 2219 2045 2268 mxime
2074 2219 2345 2283 experiare.
2418 2222 2607 2282 Spicula
2638 2237 2777 2280 σιω,

1658 2285 1706 2332 h.
1751 2284 1954 2342 occulta,
1994 2283 2175 2342 brevia,
2218 2299 2327 2345 quae
2362 2293 2571 2348 possunt
2604 2285 2776 2334 latere.

1658 2351 1840 2396 Morsus
1852 2363 1943 2412 pro
1956 2347 2233 2396 aculeorum
2247 2347 2424 2396 ictibus
2438 2345 2550 2406 di'ci,
2560 2348 2777 2398 obvium.

1656 2415 1821 2474 [φῖ-τω
1854 2415 1994 2470 cenis,
2016 2411 2214 2474 gravius
2248 2427 2396 2474 quam
2418 2412 2535 2471 cuti,
2566 2429 2593 2461 c
2718 2413 2776 2463 ri.

1658 2479 1717 2524 In
1758 2479 1957 2533 vulnere,
1992 2476 2045 2524 'm
2090 2475 2345 2524 inserendo
2382 2476 2577 2526 vulnus.
2696 2493 2779 2528 sm

1656 2539 1839 2590 aculeis
1860 2539 2053 2588 amissis
2074 2539 2195 2588 mori
2217 2539 2417 2589 credita
2436 2551 2567 2590 sunt.

1722 2605 1994 2656 239—247.
2031 2604 2121 2652 Sin
2154 2603 2385 2668 apiarius,
2406 2604 2585 2654 hiemis
2610 2604 2779 2654 immi-

1656 2667 1795 2717 tioris
1816 2678 1965 2727 metu,
1980 2683 2193 2731 curaque
2208 2683 2357 2733 apum
2376 2678 2426 2717 et
2447 2668 2779 2728 miseratione,

1656 2748 1757 2781 non
1788 2747 1958 2781 omnes
1996 2732 2133 2781 savos
2170 2732 2437 2791 exscindet,
2476 2742 2526 2782 et
2566 2733 2631 2782 ali
2664 2749 2781 2783 uam

1658 2796 1819 2852 mellis
1829 2805 2019 2861 partem
2034 2796 2207 2861 apibus
2218 2796 2489 2860 relinquam
2523 2807 2576 2846 at
2662 2807 2781 2856 tem,

1688 2871 1857 2925 ropter
1867 2861 2112 2910 variorum
2134 2861 2431 2910 insectorum
2450 2861 2655 2912 insidias
2672 2863 2779 2912 sul*-

1653 2878 1846 2974 flendus
1881 2935 1957 2974 est
1990 2925 2170 2984 alveus,
2209 2925 2380 2974 inanes
2412 2925 2551 2974 celloe
2584 2927 2777 2976 exscal-

1654 2989 1829 3102 pglndae
1842 2999 1893 3038 et
1904 2989 2269 3102 ῐεῗέἓξιηὶὶιὶἓὲ
2281 2989 2411 3052 quod
2426 2990 2479 3038 in
2492 2989 2557 3039 iis
2566 2990 2777 3042 animal-

1654 3070 1681 3102 c
1736 3069 1819 3102 um
1840 3069 1961 3102 occu

1722 3119 1832 3174 239,
1858 3119 1968 3166 240.
2010 3119 2183 3166 Parcas
2202 3116 2385 3180 fulmo,
2418 3118 2687 3169 conditioni
2722 3136 2783 3170 ac

1656 3181 1933 3230 necessitati
1968 3197 2115 3246 apum
2148 3182 2339 3231 future.
2409 3185 2625 3232 Οοηωεοι
2668 3189 2779 3234 ass·-

1656 3262 1748 3294 mos
1780 3253 1829 3293 et
1860 3261 1936 3294 res
1951 3243 2154 3307 fractas,
2178 3245 2387 3310 spoliato
2416 3247 2559 3298 alveo
2592 3257 2647 3297 et
2679 3249 2781 3300 cibi

1654 3309 1875 3373 penuria,
1898 3308 2097 3358 hiemali
2120 3319 2353 3373 tempore.

1720 3374 1992 3422 241—243.
2036 3376 2100 3422 Ut
2127 3391 2276 3422 omnes
2294 3378 2449 3424 vitiosi
2468 3373 2577 3438 favi
2602 3379 2776 3426 tollon-

1654 3444 1747 3495 ur,
1768 3436 2039 3486 curandum
2061 3446 2149 3486 est.
2197 3438 2386 3488 Colum.
2410 3439 2478 3498 ix,
2508 3441 2581 3498 18,
2608 3443 2653 3490 8.
2688 3444 2725 3490 Ι
2750 3471 2775 3482 -

1653 3508 1785 3548 notus
1802 3503 1976 3558 Stellio,
2004 3515 2105 3549 non
2132 3502 2431 3582 observante,
2464 3504 2655 3553 occulte
2684 3460 2775 3556 sd-

1652 3567 2195 3703 rs‘gfflffiffiw
2208 3571 2777 3692 marmiae:

1652 3701 1819 3754 gestas,
1842 3692 2050 3742 adedere
2068 3693 2217 3744 favos.
2270 3693 2530 3771 Lueisugis,
2547 3713 2637 3762 per
2654 3714 2775 3748 noc-

1656 3763 1753 3804 tem
1800 3757 2101 3870 vsgmtibus.
2173 3759 2267 3808 Est
2311 3775 2555 3809 vermium
2600 3777 2775 3824 genus,

1652 3835 1815 3869 ceram

1655 3883 1833 3933 salides
1885 3886 2176 3949 tandemque
2219 3887 2273 3935 in
2316 3888 2494 3938 blattas
2534 3889 2777 3954 lucifugas

1655 3948 1987 3997 transformari
2004 3949 2176 3998 solent.

1720 4013 1991 4064 244—247.
2028 4015 2180 4064 Fam
2220 4018 2445 4074 immunis,
2492 4017 2623 4079 quod
2662 4016 2777 4082 ipse

1653 4075 1777 4124 nihil
1786 4077 2327 4140 operaeadmellificium
2336 4079 2537 4130 confert.
2566 4083 2773 4144 Inpari-

1657 4143 1738 4188 bus
1752 4144 1910 4198 armis,
1924 4142 1972 4190 h.
1990 4141 2023 4190 l.
2041 4143 2218 4205 quibus
2230 4159 2349 4208 apes
2364 4160 2508 4209 pares
2526 4159 2625 4194 non
2640 4155 2777 4196 sunt.

1652 4205 1805 4265 Asper
1842 4205 1938 4254 vid.
1983 4208 2104 4256 Geo.
2144 4207 2215 4265 iii,
2258 4209 2363 4257 149.
2434 4211 2603 4268 Tissa,
2647 4227 2771 4273 qus-

1652 4281 1761 4316 rum
1788 4269 2061 4332 papiliones
2092 4287 2297 4320 enecare
2318 4274 2461 4335 jubet
2484 4273 2677 4325 Colum.
2702 4275 2773 4334 ix,

1658 4333 1731 4388 14,
1748 4335 1793 4380 8.
1852 4335 2009 4384 Invisa
2052 4337 2309 4400 mserum
2354 4347 2473 4388 nota
2506 4337 2673 4388 fabula
2708 4341 2775 4390 de

1654 4395 1895 4445 Arachne.

1907 3821 2211 3884 pascentium
2232 3841 2245 3872 ε
2282 3839 2345 3872 ex
2372 3823 2533 3874 erucis
2554 3825 2607 3874 in
2627 3827 2772 3891 chry-
