3050 4934
1200 258 1538 327 LIBER.
1585 259 1672 325 V.

2456 268 2584 331 355

438 404 797 483 Praeterea,
826 407 881 469 si
907 426 1081 473 nona
1109 406 1281 473 diem
1308 405 1688 473 mortalibus
1719 407 1956 478 almum

294 504 391 569 65
434 504 699 571 Aurora
726 506 1060 583 extulerit,
1086 508 1417 591 radiisque
1445 510 1758 575 retexerit
1788 511 2034 587 orbem,

434 604 655 671 Prima
682 608 829 672 citoe
858 607 1135 673 Teucris
1165 630 1403 692 ponam
1428 611 1781 675 certamina
1808 609 2070 687 classis3

432 706 697 791 Quique
728 709 972 792 pedum
1002 730 1200 773 cursu
1228 707 1425 785 valet,
1448 719 1517 774 et
1545 711 1660 793 qui
1688 709 1930 775 viribus
1963 711 2182 778 audax

430 804 573 871 Aut
590 806 811 890 jaculo
839 809 1083 873 incedit
1112 807 1339 876 melior
1366 808 1748 893 levibusque
1779 810 2060 894 sagittis,

432 904 567 970 Seu
594 908 801 971 crudo
828 907 977 973 fidit
1006 931 1293 993 pugnam
1318 911 1718 975 committere
1748 922 1968 980 cestu:

294 1004 389 1068 70
431 1004 665 1071 Cuncti
691 1007 932 1085 adsint,
964 1009 1341 1093 meritaeque
1372 1020 1758 1093 exspectent
1786 1012 2052 1093 praemia
2084 1012 2338 1097 palmae.

434 1104 572 1169 Ore
603 1106 815 1169 favete
846 1129 1092 1183 omnes,
1124 1119 1193 1173 et
1221 1118 1515 1193 tempora
1543 1109 1780 1193 cingite
1809 1112 2027 1177 ramiS.

516 1204 625 1269 Sic
652 1205 851 1283 fatus,
882 1206 1054 1271 velat
1082 1218 1373 1274 materna
1402 1218 1700 1292 tempora
1728 1221 1964 1293 myrto.

428 1303 578 1369 Hoc
608 1304 929 1389 Helymus
958 1306 1135 1383 facit,
1166 1307 1291 1373 hoc
1321 1310 1441 1373 oevi
1468 1320 1762 1376 maturus
1790 1308 2100 1389 Acestes,

428 1403 578 1469 Hoc
606 1428 771 1490 puer
798 1404 1161 1483 Asca-niun
1208 1409 1502 1491 sequitur
1531 1432 1698 1492 quos
1725 1422 1964 1478 caetera
1992 1414 2226 1498 pubes.

296 1502 385 1567 75
426 1502 545 1569 Ille
573 1527 613 1569 e
637 1505 909 1571 concilio
934 1506 1151 1571 multis
1180 1504 1327 1571 cum
1356 1508 1638 1573 millibus
1663 1510 1800 1576 ibat

422 1602 535 1668 Ad
565 1606 902 1684 tumulum,
932 1628 1165 1691 magna
1194 1608 1445 1674 medius
1476 1610 1824 1677 comitante
1855 1622 2136 1678 caterva.

424 1706 557 1770 Hic
586 1707 721 1770 duo
747 1709 869 1773 rite
900 1729 1079 1773 mero
1104 1706 1313 1773 libans
1342 1708 1678 1775 carchesia
1705 1710 1976 1777 Baccho

421 1805 667 1871 Fundit
694 1808 895 1885 humi,
926 1809 1059 1873 duo
1087 1807 1255 1873 lacte
1285 1830 1477 1886 novo,
1510 1811 1644 1873 duo
1675 1813 1988 1894 sanguine
2019 1834 2241 1890 sacro;

424 1905 931 1991 Purpureusque
951 1908 1115 1991 jacit
1144 1907 1363 1983 flores,
1396 1932 1473 1975 ac
1503 1909 1656 1975 talia
1685 1909 1894 1975 fatur:

289 2006 382 2069 80
424 2004 637 2082 Salve,
667 2018 889 2073 sancte
914 2029 1177 2091 parens,
1200 2008 1465 2086 iterum3
1512 2009 1756 2077 salvete
1785 2014 2032 2095 recepti

421 2106 885 2191 Nequidquam
912 2110 1185 2186 cinereS,
1214 2110 1572 2193 animoeque
1601 2113 1978 2195 umbraeque
2008 2122 2322 2197 paternoe.

420 2205 579 2270 Non
605 2206 785 2271 licuit
810 2208 977 2275 fines
1004 2208 1205 2273 Italos
1234 2208 1582 2293 fataliaque
1611 2232 1788 2286 arva,

418 2306 565 2371 Nec
594 2318 811 2372 tecum
834 2306 1225 2384 Ausonium,
1253 2310 1622 2391 quicunque
1651 2320 1776 2386 est,
1801 2332 2094 2393 quaerere
2126 2310 2469 2395 Thybrim.

420 2406 701 2472 Dixerat
726 2407 904 2471 haec:
951 2408 1165 2491 adytis
1194 2428 1392 2491 quum
1421 2406 1710 2471 lubricus
1741 2410 1970 2490 anguis
2003 2409 2089 2473 ab
2117 2410 2260 2473 imis

290 2506 377 2569 85
419 2506 685 2591 Septem
712 2508 939 2591 ingens
968 2528 1189 2591 gyros»,
1222 2516 1495 2591 septena
1524 2504 1875 2582 volumina,
1907 2508 2132 2584 traxit,

240 2723 301 2773 in
320 2723 383 2772 iis
402 2722 569 2775 libatio
591 2722 647 2774 fit,
659 2722 753 2771 diis
773 2720 1039 2771 Penatibus
1056 2730 1108 2769 et
1127 2720 1361 2785 Trojano-

242 2802 357 2837 rum
400 2798 451 2837 et
492 2786 782 2844 Siculorum,
822 2785 1071 2835 communi
1113 2784 1367 2848 epularum

246 2866 399 2901 more.

313 2915 391 2963 64.
428 2916 480 2963 8
514 2928 603 2976 pro
635 2927 761 2970 cum,
784 2920 842 2961 ut
870 2920 922 2961 et
942 2910 1071 2959 alibi.
1128 2913 1277 2969 Nona,
1302 2926 1365 2961 ex

246 2993 397 3029 more.
456 2976 503 3024 N
507 2985 641 3025 otum
672 2978 933 3027 novendiale
966 2992 1160 3031 sacrum,
1186 2991 1315 3024 nono
1336 2990 1367 3023 a

245 3040 499 3104 sepultura
553 3040 646 3087 die.
722 3040 861 3089 Alias
902 3039 1024 3103 ipsae
1066 3038 1367 3090 ceremonia

244 3114 363 3155 sunt
386 3102 722 3153 novendiales:
760 3103 854 3153 vid.
876 3103 962 3151 inf.
989 3102 1097 3153 762.

310 3167 515 3217 66-71,
551 3170 725 3225 Mna,
744 3167 901 3231 primo
914 3166 1035 3215 loco.
1070 3168 1241 3213 Ponam
1264 3182 1361 3214 cer-

245 3235 435 3288 maha,
459 3230 587 3287 θήσω
608 3228 768 3288 ἆθλον,
791 3230 965 3290 ebrauc,
984 3229 1235 3277 instituam
1258 3245 1362 3277 cer-

244 3304 413 3345 tamen
434 3294 627 3351 'nevela
651 3294 689 3342 ii
711 3296 831 3343 Geo.
857 3296 965 3350 530,
984 3297 1244 3355 pecorisque
1267 3310 1363 3341 ma-

238 3363 407 3422 gistris
445 3360 618 3407 Veloeiae
640 3358 797 3419 jaculi
848 3361 1097 3407 certamina
1140 3360 1272 3418 pouit
1318 3360 1367 3403 in

240 3424 375 3471 alno.
432 3421 559 3471 Tum
589 3426 670 3495 qui
704 3424 871 3482 pedum
905 3438 1041 3469 cursu
1062 3423 1181 3495 ”filet
1202 3430 1293 3494 etc.
1317 3420 1365 3467 h.

238 3500 457 3599 3:1⁸⁰
474 3494 741 3597 3²:23&
763 3484 1363 3596 fflzaffimffi'abff

240 3614 275 3663 J
276 3628 357 3661 am
372 3611 609 3675 poeticam
625 3612 893 3659 orationem
906 3611 1117 3659 adverte.
1166 3613 1360 3667 Incedit,

240 3692 333 3741 pro
354 3684 423 3725 eet
440 3675 666 3739 positum,
692 3690 753 3723 ne
772 3674 996 3731 offendat,
1012 3674 1263 3737 jungenda
1286 3684 1358 3721 te-

242 3756 361 3789 neas
382 3744 461 3801 qui
494 3742 667 3789 vir-’bus
702 3742 856 3787 audax
890 3741 1074 3794 incedit,
1098 3746 1180 3785 aue
1209 3740 1363 3785 melior

224 3804 422 3866 jaculis.
478 3804 607 3853 Tum
627 3802 791 3865 jaculo
824 3812 875 3851 et
916 3804 1118 3864 sagittis,
1156 3802 1202 3847 h.
1235 3801 1265 3847 l.
1302 3801 1363 3849 de

240 3866 412 3915 eadem
446 3882 515 3915 re.
578 3870 728 3915 Cruda
763 3874 901 3921 cestu,
940 3881 967 3912 e
1006 3864 1138 3913 corio
1181 3863 1363 3912 bubulo

238 3930 417 3979 crudo:
466 3930 563 3979 vid.
609 3930 694 3978 inf.
734 3931 845 3977 404.
902 3930 1090 3985 Palma,
1130 3926 1359 3977 victoriae.

240 3996 425 4051 mu,
447 3994 715 4054 εὐφημεῖτε.
771 3996 932 4041 Remis
958 4008 1035 4057 ap.
1056 4002 1251 4056 poetam
1272 4006 1363 4055 pro

238 4056 433 4109 corollis
454 4057 683 4107 frondeis.

306 4120 335 4171 7
340 4122 385 4167 2.
427 4122 559 4169 Vetat
580 4138 681 4171 voc.
703 4136 893 4169 sacrum
915 4120 977 4169 de
998 4118 1206 4175 corollis,
1231 4117 1359 4165 infu-

234 4184 315 4241 lis.
348 4200 404 4233 sc
435 4184 598 4233 vittis:
635 4182 693 4232 ct
724 4184 791 4241 xi,
827 4185 946 4239 101;
982 4182 1065 4241 vii,
1104 4184 1221 4237 154;
1258 4180 1359 4237 viii,

236 4248 349 4301 276.
374 4248 482 4299 277.
537 4250 754 4296 Materna
775 4256 923 4310 myrto
951 4262 1057 4310 sup.
1089 4246 1209 4293 Geo.
1242 4245 1273 4303 i,
1300 4246 1361 4293 28

230 4314 337 4373 jam
356 4310 578 4361 vidimus.

304 4374 333 4425 7
338 4376 381 4421 8.
416 4378 659 4438 Helymum
677 4376 801 4422 bene
818 4375 867 4423 h.
891 4374 923 4423 l.
948 4380 1211 4427 memor-au
1248 4386 1361 4419 nam

1428 2720 1473 2769 is
1494 2736 1608 2769 cum
1629 2720 1834 2785 AEgesto
1849 2720 1928 2769 vel
1947 2720 2128 2775 Ace-ta
2145 2722 2294 2786 Troja
2310 2736 2452 2791 capta
2474 2726 2552 2776 Si-

1428 2785 1590 2833 ciliam
1635 2784 1834 2849 petiisse
1878 2784 2136 2838 ferebatur.
2193 2790 2308 2839 AEm'
2349 2799 2556 2841 matum

1429 2848 1671 2911 exquisite
1706 2864 1796 2913 pro
1835 2857 2042 2899 maturus
2079 2867 2186 2909 σου,
2231 2852 2310 2901 vel
2353 2869 2457 2903 aevo
2501 2864 2553 2905 et

1428 2922 1571 2959 aetate
1591 2922 1792 2961 matura.

1493 2973 1700 3026 77—79.
1739 2974 2031 3025 Inferisrum
2049 2975 2200 3025 ritus:
2237 2978 2295 3026 σε
2325 2977 2466 3027 Iliad.
2499 2984 2548 3043 ψ,

1433 3038 1527 3089 170
1549 3055 1617 3102 sq.
1645 3040 1738 3087 219
1755 3054 1824 3102 sq.
1848 3048 1898 3087 et
1915 3055 2020 3105 sup.
2041 3038 2110 3097 iii,
2132 3040 2210 3098 66,
2233 3040 2309 3092 67.
2355 3046 2552 3093 Carche-

1426 3104 1513 3161 σία,
1534 3118 1631 3153 vox
1647 3105 1708 3151 ob
1726 3102 2012 3167 dignitatem
2031 3104 2216 3169 epicam
2234 3105 2422 3165 dilecta,
2442 3123 2553 3155 cum

1429 3167 1558 3213 vasis
1601 3182 1756 3229 genus
1801 3175 1929 3215 esset
1972 3169 2350 3217 memorandum.
2421 3172 2554 3219 Mero

1430 3230 1626 3287 Baccho,
1665 3245 1726 3277 ex
1762 3245 1923 3285 mores
1971 3230 2024 3279 in
2065 3232 2215 3281 sacris
2259 3248 2394 3281 mero
2438 3234 2554 3282 vino

1430 3306 1606 3353 aquam
1633 3292 1836 3341 miscere
1867 3293 2005 3341 nefas
2035 3306 2152 3343 erat.
2211 3300 2442 3359 Sanguine
2471 3314 2548 3345 εα-

1431 3372 1521 3412 cro,
1548 3354 1866 3405 victimarum.
1923 3358 2184 3418 Purpureos
2193 3362 2348 3419 flores,
2373 3360 2552 3408 iterum

1432 3418 1502 3467 sic
1526 3418 1590 3475 vi,
1625 3420 1732 3467 885.
1802 3419 2069 3485 Epitheton
2101 3436 2279 3469 ornans
2309 3422 2552 3483 adjectum

1429 3497 1457 3529 a
1492 3492 1626 3530 certo
1659 3498 1838 3545 genere
1871 3482 2056 3541 florum,
2081 3494 2200 3547 puta
2230 3485 2468 3533 violarum
2500 3494 2551 3533 et

1430 3545 1636 3594 aliorum
1658 3546 1936 3595 rubentium
1958 3547 2094 3593 fusco
2115 3546 2289 3595 colore.

1493 3610 1571 3665 80,
1598 3610 1673 3655 81.
1717 3608 1791 3657 cf.
1827 3608 1952 3657 Iliad
1981 3612 2030 3669 ψ,
2060 3606 2150 3655 179
2181 3624 2250 3670 sq.
2282 3612 2548 3671 Aninaeque

1428 3676 1684 3732 ambr-«tque
1709 3678 1931 3731 paternae,
1954 3685 2044 3733 pro
2079 3670 2242 3719 anima
2277 3680 2328 3719 et
2363 3674 2548 3723 umbra.

1431 3736 1529 3783 Sed
1547 3750 1606 3783 an
1625 3735 1749 3781 hanc
1767 3742 2017 3808 receperat
2035 3733 2249 3783 AEneasl
2275 3734 2430 3799 Atqui
2443 3736 2548 3784 ani-

1428 3814 1507 3846 ma
1542 3808 1592 3846 et
1609 3798 1785 3847 Manes
1807 3796 1859 3844 in
1882 3797 2080 3845 inferis:
2118 3797 2214 3846 vid.
2245 3798 2330 3845 inf.
2366 3799 2443 3855 98,
2469 3801 2546 3847 99.

1430 3862 1627 3910 Scilicet
1658 3861 1853 3925 proprie
1878 3865 2032 3923 patrie
2062 3864 2235 3909 cineres
2266 3870 2546 3935 receperatz

1429 3928 1523 3974 'am
1539 3926 1668 3973 idem
1681 3924 1763 3973 ille
1772 3934 1951 3987 patrem
1969 3929 2186 3987 recepisse
2203 3926 2324 3973 bene
2343 3924 2545 3982 dicium

1462 4006 1517 4037 oc
1537 3998 1700 4037 autem
1717 3988 1846 4037 idem
1863 3998 2008 4052 poeta
2059 4003 2113 4036 er
2130 3992 2317 4045 cineres,
2333 3992 2546 4049 animan,

1426 4062 1471 4101 et
1493 4056 1654 4101 umbra
1673 4052 1947 4101 declaravit.
2055 4068 2109 4098 ec
2141 4060 2304 4099 tamen
2332 4052 2424 4099 hoc
2457 4068 2544 4101 ne-

1426 4132 1592 4171 cesse3
1627 4116 1712 4165 sed
1739 4115 2010 4177 distingue:
2047 4116 2215 4161 salvete
2243 4118 2416 4175 recepta·
2445 4118 2544 4163 Nc-

1426 4182 1670 4243 quidquam
1701 4182 1873 4227 cineres
1891 4198 1906 4225 .-
1949 4178 2132 4227 salvete
2161 4180 2410 4239 animaque
2444 4196 2543 4226 un-

1432 4246 1610 4305 braeque
1625 4250 1847 4303 paternae.

1492 4305 1699 4354 84—86.
1750 4306 1870 4353 Com
2027 4312 2047 4350 t
2215 4314 2354 4353 ntum
2387 4304 2546 4356 simile

1426 4385 1503 4435 ap.
1531 4368 1734 4417 Homer.
1763 4312 2214 4431 mmmm
2258 4366 2375 4417 Alio
2403 4370 2547 4419 modo
