3050 4934
468 279 594 340 458

1375 273 1909 340 AENEIDOS

647 429 818 500 Quae
848 427 981 492 fors
1014 429 1218 512 prima
1247 429 1452 504 dedit,
1487 425 1752 509 sanguis
1782 444 1987 486 novus
2020 421 2248 504 imbuit
2276 439 2473 484 arma.

472 529 598 592 555
642 527 834 592 Talia
862 530 1207 606 connubia,
1241 540 1309 593 et
1337 527 1500 592 tales
1531 526 1865 592 celebrent
1892 523 2263 607 hymnaeos

645 629 1004 714 Egregium
1033 630 1312 694 Veneris
1343 651 1552 714 genus
1582 639 1651 691 et
1681 649 1800 691 rex
1830 627 1973 709 ipse
2006 623 2304 688 Latinus.

643 729 746 794 Te
779 753 978 814 super
1007 729 1308 794 aetherias
1341 751 1562 793 errare
1592 727 1891 792 licentius
1922 747 2116 788 auras

643 831 844 894 Haud
876 842 1066 914 pater
1093 829 1200 894 ille
1232 829 1406 906 velit,
1441 831 1671 894 summi
1700 837 2009 910 regnator
2041 824 2327 910 Olympi.

641 931 822 996 Cede
853 930 1032 996 locis.
1113 931 1288 1016 Ego,
1322 933 1375 995 si
1407 953 1539 1014 qua
1568 951 1768 1013 super
1798 927 2060 992 fortuna
2088 925 2383 990 laborum
2412 936 2538 1001 est,

469 1033 597 1096 560
641 1031 796 1116 Ipsa
826 1055 1067 1116 regam.
1145 1031 1347 1096 Tales
1376 1032 1654 1096 dederat
1685 1029 1992 1093 Saturnia
2020 1049 2234 1092 voees.

642 1133 760 1197 Illa
791 1145 1006 1196 autem
1037 1131 1273 1197 attollit
1303 1132 1655 1196 stridentes
1686 1131 2009 1212 anguibus
2041 1127 2202 1204 alaS,

643 1234 1001 1317 Cocytique
1031 1235 1197 1316 petit
1227 1233 1472 1309 sedem,
1507 1253 1747 1316 supera
1774 1231 1983 1294 ardua
2008 1228 2329 1312 linquens·

643 1334 768 1398 Est
795 1333 976 1398 locus
1008 1333 1213 1397 Italiae
1241 1333 1478 1410 medio,
1513 1333 1637 1396 sub
1667 1331 1993 1395 montibus
2024 1329 2171 1394 altis

639 1435 920 1512 Nobilis,
952 1447 1018 1499 et
1050 1435 1218 1499 fama
1247 1434 1462 1498 multis
1489 1444 1883 1498 memoratus
1912 1433 1981 1496 in
2010 1432 2165 1508 oris,

470 1541 598 1604 565
645 1537 983 1604 Amsancti
1012 1537 1247 1602 valles:
1295 1539 1517 1602 densis
1548 1538 1725 1601 hunc
1753 1536 2096 1600 frondibus
2129 1546 2343 1600 atrum

651 1641 860 1723 Urget
889 1641 1212 1723 utrimque
1242 1638 1413 1704 latus
1443 1640 1746 1715 nemoris,
1776 1637 2121 1720 medioque
2150 1635 2451 1719 fragosus

641 1741 780 1805 Dat
811 1743 1091 1804 sonitum
1123 1742 1297 1804 saxis
1329 1751 1397 1804 et
1425 1751 1603 1804 torto
1632 1741 1873 1803 vertice
1902 1749 2195 1802 torrens:

640 1843 773 1907 Hic
803 1865 1040 1927 specus
1073 1843 1494 1918 horrendum,
1527 1841 1682 1904 saevi
1714 1839 2037 1924 spiracula
2066 1838 2271 1914 Ditis,

641 1944 1078 2021 Mousti-atur,
1107 1954 1437 2028 ruptoque
1467 1943 1697 2025 ingens
1728 1939 2109 2004 Acheronte
2140 1939 2384 2023 vorago

467 2044 595 2108 570
641 2044 996 2108 Pestiferas
1027 2045 1240 2128 aperit
1267 2043 1524 2120 fauces3
1572 2043 1759 2126 queis
1787 2041 2051 2106 condita
2081 2041 2393 2124 Erinnys,

645 2145 928 2208 Invisum
958 2167 1218 2221 numen,
1251 2155 1460 2207 terras
1494 2142 1861 2226 coelumque
1888 2141 2169 2206 levabat.

733 2245 880 2309 Nec
909 2246 1119 2308 minus
1150 2245 1400 2308 interea
1427 2255 1785 2308 extremam
1816 2243 2123 2308 Saturnia
2145 2241 2318 2306 bello

645 2346 928 2431 Imponit
957 2347 1182 2430 regina
1209 2367 1488 2410 manum.
1568 2345 1733 2408 Ruit
1764 2344 1967 2408 omnis
1998 2344 2061 2407 in
2092 2344 2323 2408 urbem

646 2447 991 2511 Pastorum
1023 2469 1106 2512 ex
1138 2449 1274 2511 acie
1305 2467 1639 2522 numerus,
1670 2465 2007 2528 coesosque
2038 2455 2378 2528 reportant

473 2548 601 2611 575
649 2546 992 2613 Almonem
1017 2571 1292 2633 puerum
1321 2547 1683 2630 foedatique
1714 2567 1831 2610 ora
1860 2543 2147 2622 Galaesi3

647 2650 1132 2734 Implorantque
1162 2652 1347 2726 deOS,
1379 2651 1921 2730 obtestanturque
1954 2646 2283 2711 Latinum.

641 2749 911 2815 Turnus
943 2751 1153 2826 adest,
1183 2750 1526 2832 medioque
1558 2749 1625 2811 in
1654 2747 1915 2812 crimine
1946 2747 2145 2812 eaedis
2176 2758 2244 2812 et
2274 2747 2441 2831 ignis

643 2851 997 2916 Terrorem
1025 2853 1410 2934 ingeminat:
1459 2848 1757 2913 Teucros
1789 2848 1855 2911 in
1884 2871 2089 2932 regna
2117 2851 2369 2926 vocari;

639 2952 926 3036 Stirpem
957 2952 1298 3016 admisceri
1330 2951 1721 3035 Phrygiam3
1768 2972 1839 3014 se
1870 2949 2085 3014 limine
2116 2949 2293 3035 pelli.

465 3053 594 3115 580
639 3051 836 3129 Tum,
867 3075 1144 3136 quorum
1173 3053 1466 3116 attonitae
1497 3050 1763 3115 Baccho
1792 3073 2056 3114 nemora
2084 3052 2229 3115 avia
2250 3061 2491 3116 matres

641 3151 963 3217 Insultant
995 3153 1243 3230 thiasis,
1276 3175 1490 3238 neque
1520 3153 1691 3216 enim
1720 3151 1860 3216 leve
1889 3174 2123 3216 nomen
2159 3149 2437 3227 Amatae,

465 3359 591 3398 stare
622 3348 801 3398 dicitur
832 3349 954 3398 illud
985 3351 1114 3412 quod
1145 3351 1478 3408 constitutum,
1501 3365 1589 3415 pa·

468 3424 643 3471 ratum,
665 3413 888 3462 effectum
913 3423 1000 3462 est.

534 3479 642 3526 559.
682 3477 917 3542 Reliquos
937 3478 1054 3526 belli
1077 3493 1218 3526 casus
1241 3479 1347 3542 ipsa
1369 3479 1592 3527 modera-

467 3543 582 3591 bor:
620 3553 670 3591 et
691 3559 808 3591 sane
797 3495 916 3592 qius.
941 3543 1036 3594 672
1059 3551 1328 3592 extremam
1349 3543 1512 3592 bello'
1497 3557 1590 3592 im-

466 3607 607 3670 ponit
625 3623 836 3656 manum.

533 3673 642 3719 561.
695 3671 838 3720 Nova
878 3671 1041 3720 Furiae
1079 3672 1281 3736 species,
1323 3671 1453 3734 quod
1491 3687 1591 3720 non

467 3735 610 3784 modo
653 3735 781 3784 alata
825 3745 912 3792 est,
961 3737 1041 3798 (ut
1084 3751 1189 3800 sup.
1237 3735 1376 3798 4760
1421 3751 1592 3784 verum

467 3800 596 3862 quod
618 3807 870 3875 serpentes
889 3799 982 3848 alis
1003 3799 1267 3863 implicitos
1283 3801 1443 3848 habet.
1481 3799 1592 3849 Etsi

465 3879 545 3912 res
581 3864 650 3912 ita
680 3862 834 3940 accipi
869 3871 1045 3927 potest,
1073 3873 1128 3912 ut
1163 3879 1360 3927 angues,
1385 3864 1468 3926 qui
1500 3881 1591 3928 pro

465 3928 618 3976 comis
647 3937 776 3988 sunt,
811 3927 943 3976 iuter
968 3927 1183 3976 volatum
1213 3939 1359 3976 vento
1391 3929 1590 3992 impulsi

466 3992 594 4040 inter
616 3992 717 4041 alas
739 4001 1003 4040 commotas
1022 3993 1273 4040 strideant.

531 4057 801 4108 563—571.
845 4060 1084 4105 Amsancti
1121 4059 1282 4104 vallem
1311 4056 1371 4103 ad
1409 4056 1584 4132 Hirpi-

464 4119 1587 4247 33⁸0‚535‚⁰²3¹11⁰0m¹‘⁰t50„⁰22?⁰332d02„¹333

463 4249 630 4311 possit.
690 4252 846 4297 Itatiae
867 4251 1012 4298 medio
1035 4265 1132 4298 non
1155 4249 1362 4298 debebat
1392 4250 1584 4312 urg-ern

463 4321 540 4360 est
571 4313 731 4388 simpl.
775 4313 827 4361 in
873 4313 1030 4362 Italia.
1099 4317 1193 4361 Sub
1225 4317 1462 4370 montibus,
1503 4313 1588 4377 qui

463 4385 626 4424 tamen
660 4377 758 4425 situ
791 4378 956 4441 paullo
993 4377 1277 4428 remotiores
1311 4387 1452 4427 sunt:
1499 4379 1589 4427 sed

461 4439 584 4487 silva
617 4439 733 4488 olim
769 4440 884 4489 inde
915 4457 944 4489 a
965 4442 1213 4490 montibus
1235 4443 1296 4490 ad
1329 4441 1587 4506 planitiem

1652 3349 1885 3462 protendi
1918 3349 2092 3413 potuit.
2154 3349 2215 3397 In
2248 3349 2389 3398 vallis
2422 3348 2598 3406 medio,
2626 3349 2784 3398 amnis

1734 3413 2385 3476 turcumimpemetfmgo
2385 3429 2453 3462 re.
2510 3417 2783 3475 Hicspeous

1658 3479 1955 3526 hoo-reddum.-
1990 3492 2087 3524 non
2112 3477 2260 3534 addit,
2283 3492 2347 3524 an
2367 3477 2527 3526 amnis
2554 3477 2675 3526 illud
2706 3478 2778 3526 fe-

1658 3541 1793 3590 cerit.
1854 3544 1999 3589 Latus
2020 3545 2213 3589 memorie
2244 3541 2494 3604 eleganter
2520 3542 2661 3591 collis
2694 3557 2778 3591 ne-

1658 3620 1891 3663 morosus,
1928 3605 2013 3668 qui
2050 3615 2281 3667 tanquam
2317 3605 2446 3654 latus
2480 3605 2616 3654 lacus
2650 3605 2778 3655 facit.

1659 3673 1795 3717 Sacis
1814 3677 1861 3718 ee
1890 3674 2072 3727 vertice,
2094 3669 2143 3718 h.
2168 3685 2209 3718 e.
2234 3669 2499 3720 vorticibus
2532 3685 2779 3734 aquarum,

1656 3733 1899 3783 vorticoso
1918 3750 2075 3792 mne,
2100 3733 2232 3783 inter
2252 3751 2372 3784 saxa
2400 3734 2557 3782 fimdi.
2615 3735 2783 3784 Potuit

1656 3799 1737 3847 hic
1770 3799 1885 3848 olim
1920 3814 2095 3863 specus
2134 3814 2242 3848 esse
2276 3799 2475 3848 odorem
2512 3799 2783 3848 sulfureum

1656 3863 1903 3916 exhalans.
1960 3865 2143 3912 Numen
2170 3867 2377 3922 invisum,
2399 3861 2617 3924 μισητόν.
2686 3866 2779 3912 Le-

1655 3931 1795 3976 vabat
1838 3927 2085 3990 eleganter
2134 3943 2237 3992 pro,
2284 3928 2601 3991 relinquebat.
2678 3927 2780 3976 Res

1654 3990 2645 4106 ωὲῗὲἓέωωωῖῗιῗὴΐὲἲὶόζ
2672 4071 2777 4104 mo.

1652 4119 1877 4168 rendum.

1718 4184 1990 4236 577-579.
2029 4185 2223 4234 Medias
2250 4185 2379 4233 inter
2396 4182 2775 4259 criminationes,

1652 4263 1772 4311 quas
1793 4249 1847 4296 in
1869 4250 2108 4326 Trojanos
2124 4250 2257 4312 jacit,
2282 4258 2467 4297 memm
2488 4247 2647 4311 imisit
2676 4249 2778 4298 sore

1650 4322 1709 4361 ut
1728 4313 1861 4362 eoede
1884 4323 1935 4362 et
1958 4313 2061 4378 igni
2084 4313 2249 4363 omnia
2270 4313 2577 4362 misceantur.
2634 4316 2692 4362 Se
2716 4317 2773 4360 la·-

1651 4395 1768 4426 mne
1786 4381 1915 4438 pelli,
1938 4395 2028 4442 pro
2050 4393 2216 4441 regno,
2240 4378 2397 4436 domo,
2422 4377 2570 4440 regia.

1716 4444 1989 4490 580-582.
2025 4442 2328 4492 auctoritate
2346 4441 2529 4506 reginae
2546 4441 2773 4490 commoti
