3050 4934
493 231 580 293 98

1316 225 1985 293 GEORGICON

666 378 1036 456 orchades,
1067 389 1135 442 et
1163 361 1350 456 radii,
1381 391 1451 442 et
1479 400 1697 441 amara
1726 378 1957 462 pausia
1986 376 2211 452 bacea,

665 481 1020 565 Pomaque,
1049 491 1118 543 et
1150 477 1406 544 Alcinoi
1439 478 1651 556 silvae3

1696 501 1819 542 nec
1850 477 2147 542 surculus
2177 476 2353 540 idem

662 581 1050 646 Crustumiis
1081 580 1416 665 Syriisque
1443 580 1627 663 piris,
1658 578 2097 662 gravibusque
2128 575 2413 640 volemis.

662 681 821 747 Non
850 683 1080 746 eadem
1107 681 1452 745 arboribus
1479 680 1729 764 pendet
1758 679 2079 742 vindemia
2106 677 2373 752 nostris,

529 785 618 846 90
661 785 880 857 Quam
911 782 1358 867 Methymnaeo
1385 781 1597 865 carpit
1624 781 1711 844 de
1738 778 2001 864 palmite
2035 778 2329 842 Lesbosz

661 885 830 950 Sunt
858 884 1128 949 Thasiae
1154 884 1354 960 vites3
1403 893 1556 946 sunt
1584 891 1653 946 et
1682 880 2087 944 Mareotides
2120 877 2321 954 albae3

661 987 1026 1070 Pinguibus
1052 985 1158 1049 hae
1185 984 1377 1049 terris
1406 981 1684 1058 habiles,
1714 980 2063 1046 levioribus
2092 979 2255 1057 illae3

663 1089 757 1153 Et
784 1109 985 1172 passo
1016 1085 1270 1151 Psithia
1299 1083 1553 1162 utilior;
1598 1083 1943 1166 tenuisque
1975 1081 2260 1165 LageOS,

655 1190 1024 1254 Tentatura
1053 1188 1258 1272 pedes
1289 1186 1464 1263 olim,
1495 1183 1919 1267 vincturaque
1949 1181 2274 1266 linguam3

527 1291 615 1354 95
660 1291 1046 1374 Purpureae,
1077 1288 1484 1372 preciaeque3
1527 1297 1597 1349 et
1626 1306 1761 1368 quo
1788 1294 1857 1348 te
1882 1283 2165 1362 carnfine
2194 1283 2428 1359 dicam,

657 1391 1004 1456 Rhaetica?
1051 1412 1172 1455 nec
1201 1387 1378 1453 cellis
1409 1388 1563 1452 ideo
1588 1384 1912 1451 contende
1940 1383 2259 1448 Falernis.

656 1494 826 1557 Sunt
853 1503 923 1557 et
953 1489 1266 1555 Aminoeae
1295 1491 1484 1566 vites,
1515 1487 1883 1552 firmissima
1910 1485 2079 1562 vina,

653 1593 926 1658 Tmolus
955 1603 1025 1658 et
1053 1591 1345 1676 assurgit
1374 1591 1638 1675 quibus,
1668 1598 1737 1652 et
1766 1609 1884 1652 rex
1912 1587 2055 1671 ipse
2088 1585 2454 1664 Phanaeus;

653 1693 1036 1780 Argitisque
1063 1694 1296 1770 minor,
1329 1692 1434 1756 cui
1465 1713 1599 1755 non
1628 1689 1974 1754 certaverit
2002 1686 2157 1762 ulla,

487 1798 610 1862 100
653 1795 795 1861 Aut
821 1807 1074 1861 tantum
1101 1796 1330 1871 fluere,
1363 1804 1476 1858 aut
1506 1793 1777 1856 totidem
1806 1791 2047 1854 durare
2074 1811 2197 1874 per
2226 1811 2451 1854 annos.

654 1898 812 1962 Non
840 1919 968 1981 ego
995 1907 1086 1972 te,
1120 1895 1222 1959 dis
1251 1907 1322 1959 et
1346 1894 1585 1958 mensis
1616 1904 1887 1977 accepta
1916 1891 2245 1968 secundis,

653 1999 1078 2074 Transierim‚
1111 1994 1400 2072 Rhodia,
1431 2006 1502 2059 et
1529 1994 1817 2070 tumidis,
1852 1993 2189 2070 Bumaste,
2220 1993 2515 2058 racemis.

652 2100 788 2165 Sed
817 2121 1030 2182 neque
1059 2120 1252 2182 quam
1280 2095 1499 2160 multae
1532 2095 1807 2180 specieS,
1839 2115 1960 2158 nec
1987 2093 2245 2158 nomina
2274 2116 2424 2178 quae
2454 2094 2607 2171 sint,

655 2200 784 2264 Est
813 2221 1118 2264 numerus
1125 2246 1143 2276 ,
1175 2219 1388 2282 neque
1417 2198 1588 2261 enim
1619 2218 1891 2260 numero
1920 2195 2389 2280 comprendere
2418 2193 2659 2260 refert:

479 2359 732 2400 enumerat
750 2359 907 2416 poeta,
924 2351 1159 2406 orchadas,
1181 2347 1376 2412 oblongi
1394 2347 1605 2411 generis,

476 2419 646 2474 radios,
667 2413 915 2478 longioris,
938 2423 988 2462 et
1003 2415 1209 2475 pausias,
1231 2427 1354 2476 quae,
1378 2412 1494 2460 dum
1517 2411 1603 2459 ad·

475 2482 572 2530 huc
593 2479 773 2528 virides
791 2487 842 2526 et
861 2479 1047 2527 acerbae
1063 2485 1192 2534 sunt,
1219 2476 1426 2538 (habent
1441 2485 1605 2523 autem

477 2556 581 2594 tum
613 2557 831 2592 amarum
853 2557 1066 2598 succum,
1091 2541 1206 2588 hinc
1236 2556 1398 2588 amara
1423 2538 1603 2600 ὃσα-α.)

477 2607 707 2673 leg-untur
727 2623 783 2655 ac
802 2607 1086 2655 tunduntur.
1136 2605 1320 2652 Alcinoo·
1339 2605 1468 2650 εἰὶσε
1490 2612 1606 2650 sunt

475 2679 1034 2800 {wamyffiffiff
1069 2667 1476 2795 Ἴῖἐῖῗωιὲιωῦε
1493 2681 1607 2794 ἷὲῗέ

477 2799 696 2862 grandia,
721 2815 830 2862 quai
851 2799 1009 2848 volam
1031 2797 1173 2845 facile
1195 2795 1446 2860 impleant.

539 2865 748 2913 89—96.
800 2862 950 2911 Italas
982 2861 1107 2910 vites
1146 2861 1363 2909 diversas
1399 2875 1508 2908 esse
1543 2859 1605 2908 ab

475 2927 584 2976 aliis
603 2928 684 2976 ait.
738 2929 976 2976 Vindemia
992 2933 1260 2990 proventus
1271 2924 1462 2981 vitium,
1479 2939 1601 2973 uvoe.

473 2995 650 3040 Pendet
673 2993 927 3048 arboribus,
957 2990 1035 3038 vel
1067 2988 1184 3052 quia
1209 2987 1272 3037 iis
1297 2987 1424 3037 vites
1453 2987 1601 3036 mari-

473 3066 640 3105 tantur
659 3057 712 3103 in
735 3055 891 3113 Italia,
913 3053 991 3102 vel
1015 3063 1070 3101 ut
1092 3055 1288 3102 arbores
1309 3067 1401 3116 pro
1423 3051 1606 3100 vitibus

471 3121 615 3169 dietae
658 3121 772 3178 sint,
815 3129 874 3166 ut
911 3116 1026 3166 alibi
1071 3117 1202 3181 apud
1241 3115 1505 3180 Virgilium
1552 3125 1603 3163 et

474 3183 766 3238 Horatium3
803 3193 854 3231 et
891 3183 982 3230 hoc
1015 3189 1228 3246 praestat.
1299 3183 1603 3228 Mareoticum

469 3249 642 3296 vinum
664 3257 833 3295 notum
854 3246 932 3295 vel
956 3261 1018 3293 ex
1040 3245 1160 3293 Hor.
1181 3247 1342 3293 Carm.
1365 3244 1398 3303 i,
1422 3243 1500 3301 37,
1524 3245 1599 3303 14,

470 3328 499 3360 a
543 3311 664 3360 loeis
706 3311 834 3359 circa
876 3311 1036 3358 lacum
1083 3308 1408 3357 Mareoticum
1451 3325 1601 3372 super

472 3375 847 3424 Alexandriam:
891 3389 1022 3422 nunc
1057 3371 1273 3422 deterius
1305 3371 1441 3430 illud,
1477 3389 1597 3435 quo-

469 3439 601 3488 niam
623 3440 840 3488 Arabum
857 3437 1113 3495 latrocinia
1130 3436 1461 3485 maturitatem
1477 3451 1597 3485 uva-

469 3521 577 3553 rum
601 3503 931 3569 intercipiunt.
991 3502 1176 3552 Vinum
1190 3519 1375 3564 passum
1405 3517 1469 3548 ex
1491 3500 1601 3549 uvis

468 3568 639 3634 passis,
676 3584 706 3616 a
733 3568 1007 3633 pandendo,
1043 3569 1089 3616 h.
1125 3566 1179 3615 in
1211 3567 1314 3615 sole
1346 3565 1512 3622 coctis,
1544 3577 1601 3614 ut

468 3641 820 3682 exarescerent.
893 3635 1079 3681 Psithia
1111 3631 1241 3689 vitis,
1279 3633 1454 3694 Lagea,
1488 3645 1598 3693 quae

465 3697 608 3746 facile
630 3697 853 3754 inebriat,
874 3699 992 3754 olim,
1013 3711 1125 3745 cum
1145 3695 1404 3758 aliquando
1427 3695 1597 3744 vinum

467 3779 530 3811 ex
551 3778 612 3810 ea
630 3775 915 3826 expressum
935 3759 1097 3818 fuerit,
1113 3776 1351 3822 purpurea
1369 3768 1418 3806 et
1434 3763 1597 3820 precia

467 3827 594 3885 vitis,
631 3825 761 3889 apud
794 3825 919 3872 Plin.
943 3823 1043 3881 xiv,
1069 3825 1113 3882 2,
1145 3839 1184 3871 s.
1210 3825 1242 3870 4
1275 3839 1376 3886 sqq.
1409 3833 1460 3871 et
1491 3823 1589 3870 Co-

464 3890 580 3938 lum.
600 3888 671 3948 iii,
691 3891 722 3937 2
797 3905 840 3964 q.
865 3887 1088 3936 videnda.
1127 3889 1229 3935 Nec
1245 3889 1385 3935 cenis.
1415 3885 1589 3934 Varia-

467 3955 600 4002 tione
622 3969 750 4002 nova
805 3961 901 4001 icta
919 3951 1024 4001 haec
1045 3966 1137 4016 pro
1331 3949 1368 3998 ἐ
1395 3950 1591 3999 tametsi

463 4017 669 4066 inferius
690 4017 756 4066 sit
774 4017 946 4066 vinum
969 4016 1244 4066 Rhaeticum
1271 4015 1492 4064 Falerno.

529 4081 768 4131 97—100.
819 4082 1004 4131 Vinum
1036 4085 1304 4139 Amineum,
1340 4081 1496 4141 cuius,
1537 4087 1594 4128 ut

463 4145 689 4194 vinorum
705 4145 961 4194 celebritas
973 4161 1148 4211 parum
1161 4153 1390 4194 constans
1405 4159 1460 4192 ac
1479 4143 1589 4192 diu-

463 4219 608 4258 turna
651 4223 758 4257 esse
801 4209 940 4268 solet,
981 4211 1116 4259 cultu
1161 4209 1291 4258 enim
1331 4207 1591 4256 deficiente

463 4273 588 4322 vites
611 4273 807 4348 optimae
829 4273 970 4322 facile
991 4275 1304 4340 degenerant,
1329 4273 1464 4322 nulla
1495 4272 1593 4322 alia

463 4351 709 4395 memoria,
750 4347 930 4400 praeter
973 4339 1198 4396 nominis,
1242 4338 1382 4387 nobis
1421 4347 1589 4386 restat.

462 4403 647 4450 Graecae
680 4399 882 4462 originis
917 4410 966 4448 et
1001 4402 1158 4450 Italici
1191 4402 1364 4460 cultus,
1391 4417 1506 4450 cum
1540 4402 1591 4450 in

1672 2345 1782 2394 aliis
1805 2354 1908 2394 tum
1931 2346 1983 2394 in
2009 2345 2231 2395 Falernis
2254 2347 2385 2410 agris
2406 2347 2700 2397 maturuisse
2724 2351 2805 2399 vi-

1670 2411 1840 2459 detur:
1876 2409 1932 2458 ct
1967 2409 2123 2475 intpp.
2152 2410 2215 2458 ad
2242 2412 2290 2459 h.
2319 2412 2350 2459 l.
2424 2411 2600 2460 Multis
2628 2414 2809 2476 utique

1672 2474 1722 2521 in
1752 2474 1873 2522 locis
1902 2474 2024 2522 illud
2056 2485 2365 2533 memoratur,
2390 2476 2602 2525 maxime
2632 2487 2803 2526 tamen

1669 2538 1723 2585 in
1752 2538 1855 2585 solo
1888 2539 2200 2602 Campaniae:
2240 2539 2457 2589 Masei-ob.
2488 2541 2589 2590 Sat.
2626 2541 2677 2598 ii,
2722 2543 2801 2602 16,

1670 2604 1795 2649 Nam
1828 2605 2026 2649 Aminaet'
2190 2611 2254 2662 nt,
2289 2608 2369 2652 ιιὸι·
2398 2621 2519 2652 nunc
2550 2608 2804 2655 Falernum

1670 2673 1752 2713 est.
1810 2664 1891 2714 Ad
1916 2665 2065 2714 colles
2089 2667 2395 2732 Leucogoeos,
2420 2685 2569 2734 supra
2595 2670 2642 2717 N
2648 2685 2801 2735 eapo-

1669 2729 1757 2777 lim
1790 2744 1960 2778 versus
1998 2731 2241 2788 Puteolos,
2276 2731 2427 2780 refert
2462 2743 2513 2781 et
2549 2734 2805 2785 Aminaeos

1670 2793 1820 2842 colles
1834 2803 1885 2841 et
1898 2793 2133 2842 Falernos
2149 2794 2477 2845 Mai-torellus.
2509 2799 2675 2861 Atque
2690 2803 2805 2862 ejus

1669 2867 1855 2906 tantam
1904 2873 1967 2906 ex
2016 2857 2249 2907 diumrna
2300 2859 2528 2924 inprimis
2578 2863 2803 2913 bonitate

1666 2921 1999 2996 praestantiam
2040 2922 2265 2987 perhibet
2298 2933 2457 2988 poeta,
2496 2935 2551 2973 ut
2588 2926 2633 2974 ei
2673 2929 2804 2978 adeo

1670 3001 1837 3034 vmum
1882 2989 2114 3044 Manu,
2156 3003 2187 3035 a
2226 2986 2395 3051 Lydiae
2434 3001 2599 3038 monte
2640 2991 2803 3042 vineis

1670 3050 1972 3100 nobilissimo
1990 3051 2119 3115 (sup.
2136 3052 2257 3100 Geo.
2276 3051 2309 3110 i,
2332 3051 2436 3114 56),
2458 3063 2509 3102 et
2529 3057 2799 3116 Pham-n,

1668 3115 1828 3177 (fuere
1852 3115 2046 3172 Phanae,
2066 3113 2225 3174 odra,
2248 3125 2419 3180 portus
2438 3127 2490 3165 et
2504 3131 2798 3192 promonto-

1664 3179 1795 3227 rium
1825 3179 1936 3228 chii
1967 3179 2155 3238 insum,
2183 3195 2291 3244 quae
2319 3181 2441 3230 alias
2468 3197 2585 3231 vino
2606 3188 2803 3234 Ariusio

1666 3244 1844 3292 nobilis
1866 3253 1955 3301 est,
1976 3242 2029 3290 in
2051 3259 2110 3291 eo
2134 3245 2371 3309 templum
2391 3246 2639 3309 Apollinis
2662 3249 2797 3298 Pha-

1666 3307 1801 3369 noei,)
1834 3325 2089 3371 assurgere,
2122 3309 2310 3367 cedere,
2340 3309 2437 3357 vid.
2472 3311 2577 3358 Eel.
2612 3311 2676 3370 vi,
2712 3315 2798 3372 66,

1664 3369 1807 3420 dicat.
1872 3373 2000 3420 Cum
2030 3371 2143 3431 illis,
2178 3375 2293 3422 Sene
2330 3381 2379 3421 et
2409 3377 2628 3424 Anum
2660 3380 2800 3435 vites,

1657 3438 1812 3499 junge
1829 3440 2100 3499 Argitisque
2117 3441 2274 3485 nutrior.
2328 3437 2421 3486 Est
2436 3439 2585 3488 etiam
2604 3441 2800 3504 Argitis

1666 3499 1793 3558 vitis,
1818 3515 1927 3548 uva.
1974 3500 2183 3564 Ἀργΐτις
2204 3503 2265 3550 ab
2288 3501 2446 3564 ἀργὸς,
2470 3503 2598 3566 quod
2622 3504 2799 3556 vinum

1663 3564 1925 3614 candidum
1968 3565 2143 3613 reddit.
2214 3565 2309 3614 Est
2346 3575 2509 3615 autem
2552 3573 2696 3617 minor
2742 3581 2801 3620 et

1662 3629 1822 3692 major.
1881 3629 1959 3677 Ea
1980 3628 2108 3688 vitis,
2134 3629 2250 3679 vino
2270 3630 2498 3695 inprimis
2519 3633 2794 3694 abundans,

1630 3717 1641 3730 ·
1661 3693 1925 3752 πολύοινος,
1950 3705 2039 3753 est,
2061 3709 2215 3757 eoque
2236 3695 2378 3744 firmo
2400 3711 2457 3744 ac
2480 3696 2705 3746 durabili.

1731 3760 1837 3816 lol,
1880 3759 1986 3806 1⁰2.
2044 3759 2229 3807 Vinum
2272 3761 2512 3820 Rhodiam,
2554 3763 2694 3825 cujus
2738 3763 2797 3814 in

1658 3824 1843 3870 mensis
1860 3822 2089 3870 secundis
2110 3839 2228 3870 usus
2247 3833 2380 3881 eran
2414 3841 2621 3888 cumque
2644 3827 2706 3875 de
2730 3844 2797 3878 eo

1656 3893 1771 3934 ante
1804 3886 1969 3934 omnia
1989 3885 2085 3934 diis
2116 3886 2365 3946 libaretur,
2388 3889 2503 3938 hinc
2526 3890 2639 3940 vitis
2660 3893 2793 3942 mao-

1654 3953 1737 3998 dt'a
1768 3951 1845 3998 dis
1872 3958 2073 4011 accepta,
2102 3961 2254 4014 grata,
2288 3961 2337 4000 et
2367 3959 2530 4002 nensis
2560 3959 2793 4016 secundis,

1658 4014 1759 4062 fere
1790 4024 1846 4062 ut
1876 4013 2005 4078 apud
2036 4014 2157 4062 Hor.
2181 4015 2251 4072 iii,
2280 4018 2355 4075 11,
2382 4017 2427 4075 7,
2452 4017 2557 4082 lyra
2576 4021 2795 4070 Dicin„

1656 4083 1821 4128 mensis
1842 4088 1889 4127 et
1908 4082 2057 4127 antica
2079 4083 2270 4142 templis.
2330 4081 2455 4129 Plin.
2478 4081 2578 4141 xiv,
2606 4085 2649 4142 1,
2674 4101 2713 4134 s.
2743 4089 2793 4146 3,

1663 4147 1855 4226 Teneat
1898 4161 2191 4192 mammarum
2240 4147 2367 4195 nodo
2412 4149 2621 4206 bumasti,
2668 4153 2791 4206 βου-

1720 4227 1994 4349 ]οὲἲ-Ιθὸ.
2050 4273 2211 4322 Locus
2252 4274 2605 4325 ornatissimus.
2680 4277 2793 4328 Re·

1656 4337 1805 4402 spicit
1827 4353 1937 4386 eum
1962 4337 2089 4386 Plin.
2114 4338 2212 4395 xiv,
2236 4340 2282 4397 2,
2305 4353 2344 4386 a.
2368 4341 2401 4386 4
2422 4355 2496 4403 pr.

1728 4405 1833 4450 104.
1884 4403 2041 4463 Neque
2080 4407 2198 4450 enim
2234 4401 2447 4467 positum
2484 4421 2591 4470 pro,
2626 4421 2795 4471 neque
