<?xml version="1.0" encoding="UTF-8"?>
<!DOCTYPE html PUBLIC "-//W3C//DTD XHTML 1.0 Transitional//EN"
    "http://www.w3.org/TR/xhtml1/DTD/xhtml1-transitional.dtd">
<html xmlns="http://www.w3.org/1999/xhtml" xml:lang="en" lang="en">
 <head>
  <title>
</title>
<meta http-equiv="Content-Type" content="text/html;charset=utf-8" />
  <meta name='ocr-system' content='tesseract 3.04.00' />
  <meta name='ocr-capabilities' content='ocr_page ocr_carea ocr_par ocr_line ocrx_word'/>
</head>
<body>
  <div class='ocr_page' id='page_1' title='image "./publiivirgiliim00unkngoog_0536.png"; bbox 0 0 3050 4934; ppageno 0'>
   <div class='ocr_carea' id='block_1_1' title="bbox 1153 276 1682 342">
    <p class='ocr_par' dir='ltr' id='par_1_1' title="bbox 1153 276 1682 342">
     <span class='ocr_line' id='line_1_1' title="bbox 1153 276 1682 342; baseline -0.004 0"><span class='ocrx_word' id='word_1_1' title='bbox 1153 276 1497 342; x_wconf 83' lang='lat' dir='ltr'>LIBER</span> <span class='ocrx_word' id='word_1_2' title='bbox 1541 276 1682 341; x_wconf 81' lang='lat' dir='ltr'>lx.</span> 
     </span>
    </p>
   </div>
   <div class='ocr_carea' id='block_1_2' title="bbox 273 423 2344 2805">
    <p class='ocr_par' dir='ltr' id='par_1_2' title="bbox 273 423 2344 2805">
     <span class='ocr_line' id='line_1_2' title="bbox 448 423 2006 510; baseline 0.001 -23"><span class='ocrx_word' id='word_1_3' title='bbox 448 424 781 510; x_wconf 84' lang='lat' dir='ltr'>Corripuit</span> <span class='ocrx_word' id='word_1_4' title='bbox 808 424 1087 504; x_wconf 84' lang='lat' dir='ltr'>tabulas,</span> <span class='ocrx_word' id='word_1_5' title='bbox 1118 435 1188 490; x_wconf 87' lang='lat' dir='ltr'>et</span> <span class='ocrx_word' id='word_1_6' title='bbox 1214 424 1515 510; x_wconf 83' lang='lat' dir='ltr'>postibus</span> <span class='ocrx_word' id='word_1_7' title='bbox 1543 423 1737 489; x_wconf 74' lang='lat' dir='ltr'>haesit</span> <span class='ocrx_word' id='word_1_8' title='bbox 1766 424 2006 489; x_wconf 84' lang='lat' dir='ltr'>adesis.</span> 
     </span>
     <span class='ocr_line' id='line_1_3' title="bbox 444 522 2060 611; baseline 0.001 -24"><span class='ocrx_word' id='word_1_9' title='bbox 444 523 727 589; x_wconf 82' lang='lat' dir='ltr'><strong>Turbati</strong></span> <span class='ocrx_word' id='word_1_10' title='bbox 755 528 1085 611; x_wconf 88' lang='lat' dir='ltr'>trepidare</span> <span class='ocrx_word' id='word_1_11' title='bbox 1114 528 1313 601; x_wconf 86' lang='lat' dir='ltr'>intus,</span> <span class='ocrx_word' id='word_1_12' title='bbox 1342 524 1717 607; x_wconf 75' lang='lat' dir='ltr'>frustraque</span> <span class='ocrx_word' id='word_1_13' title='bbox 1745 522 2060 589; x_wconf 78' lang='lat' dir='ltr'>malorum</span> 
     </span>
     <span class='ocr_line' id='line_1_4' title="bbox 444 622 2344 709; baseline -0.001 -22"><span class='ocrx_word' id='word_1_14' title='bbox 444 622 635 689; x_wconf 89' lang='lat' dir='ltr'>Velle</span> <span class='ocrx_word' id='word_1_15' title='bbox 662 624 906 709; x_wconf 79' lang='lat' dir='ltr'>fugam.</span> <span class='ocrx_word' id='word_1_16' title='bbox 983 626 1164 689; x_wconf 86' lang='lat' dir='ltr'>Dum</span> <span class='ocrx_word' id='word_1_17' title='bbox 1192 646 1265 688; x_wconf 90' lang='lat' dir='ltr'>se</span> <span class='ocrx_word' id='word_1_18' title='bbox 1294 624 1679 707; x_wconf 83' lang='lat' dir='ltr'>glomerant,</span> <span class='ocrx_word' id='word_1_19' title='bbox 1709 634 2014 706; x_wconf 86' lang='lat' dir='ltr'>retroque</span> <span class='ocrx_word' id='word_1_20' title='bbox 2045 623 2344 688; x_wconf 89' lang='lat' dir='ltr'>residunt</span> 
     </span>
     <span class='ocr_line' id='line_1_5' title="bbox 273 721 2206 809; baseline 0.002 -25"><span class='ocrx_word' id='word_1_21' title='bbox 273 721 403 785; x_wconf 83' lang='lat'>540</span> <span class='ocrx_word' id='word_1_22' title='bbox 446 722 524 787; x_wconf 90' lang='lat' dir='ltr'>In</span> <span class='ocrx_word' id='word_1_23' title='bbox 555 736 828 807; x_wconf 86' lang='lat' dir='ltr'>partem,</span> <span class='ocrx_word' id='word_1_24' title='bbox 861 748 1011 809; x_wconf 79' lang='lat' dir='ltr'>quae</span> <span class='ocrx_word' id='word_1_25' title='bbox 1036 736 1225 809; x_wconf 85' lang='lat' dir='ltr'>peste</span> <span class='ocrx_word' id='word_1_26' title='bbox 1256 734 1471 800; x_wconf 80' lang='lat' dir='ltr'>caret3</span> <span class='ocrx_word' id='word_1_27' title='bbox 1516 733 1657 786; x_wconf 86' lang='lat' dir='ltr'>tum</span> <span class='ocrx_word' id='word_1_28' title='bbox 1685 724 1978 806; x_wconf 89' lang='lat' dir='ltr'>pondere</span> <span class='ocrx_word' id='word_1_29' title='bbox 2007 725 2206 787; x_wconf 85' lang='lat' dir='ltr'>turris</span> 
     </span>
     <span class='ocr_line' id='line_1_6' title="bbox 449 820 2184 906; baseline 0 -21"><span class='ocrx_word' id='word_1_30' title='bbox 449 820 809 888; x_wconf 85' lang='lat' dir='ltr'>Procubuit</span> <span class='ocrx_word' id='word_1_31' title='bbox 836 827 1073 901; x_wconf 84' lang='lat' dir='ltr'>subito,</span> <span class='ocrx_word' id='word_1_32' title='bbox 1106 834 1175 889; x_wconf 88' lang='lat' dir='ltr'>et</span> <span class='ocrx_word' id='word_1_33' title='bbox 1202 821 1440 888; x_wconf 85' lang='lat' dir='ltr'>coelum</span> <span class='ocrx_word' id='word_1_34' title='bbox 1468 832 1657 886; x_wconf 87' lang='lat' dir='ltr'>tonat</span> <span class='ocrx_word' id='word_1_35' title='bbox 1685 844 1870 886; x_wconf 86' lang='lat' dir='ltr'>omne</span> <span class='ocrx_word' id='word_1_36' title='bbox 1901 820 2184 906; x_wconf 83' lang='lat' dir='ltr'>fragore.</span> 
     </span>
     <span class='ocr_line' id='line_1_7' title="bbox 448 920 1994 1000; baseline 0 -14"><span class='ocrx_word' id='word_1_37' title='bbox 448 922 819 988; x_wconf 71' lang='lat' dir='ltr'>Semineces</span> <span class='ocrx_word' id='word_1_38' title='bbox 850 926 937 988; x_wconf 85' lang='lat' dir='ltr'>ad</span> <span class='ocrx_word' id='word_1_39' title='bbox 966 935 1231 998; x_wconf 86' lang='lat' dir='ltr'>terram,</span> <span class='ocrx_word' id='word_1_40' title='bbox 1259 922 1517 985; x_wconf 86' lang='lat' dir='ltr'>immani</span> <span class='ocrx_word' id='word_1_41' title='bbox 1547 920 1714 985; x_wconf 90' lang='lat' dir='ltr'>mole</span> <span class='ocrx_word' id='word_1_42' title='bbox 1747 930 1994 1000; x_wconf 85' lang='lat' dir='ltr'>secuta,</span> 
     </span>
     <span class='ocr_line' id='line_1_8' title="bbox 449 1022 1803 1107; baseline -0.001 -21"><span class='ocrx_word' id='word_1_43' title='bbox 449 1022 839 1107; x_wconf 77' lang='lat' dir='ltr'>confixique</span> <span class='ocrx_word' id='word_1_44' title='bbox 872 1025 1007 1087; x_wconf 85' lang='lat' dir='ltr'>suis</span> <span class='ocrx_word' id='word_1_45' title='bbox 1038 1022 1207 1099; x_wconf 89' lang='lat' dir='ltr'>telis,</span> <span class='ocrx_word' id='word_1_46' title='bbox 1238 1034 1306 1086; x_wconf 89' lang='lat' dir='ltr'>et</span> <span class='ocrx_word' id='word_1_47' title='bbox 1335 1032 1605 1105; x_wconf 81' lang='lat' dir='ltr'>pectora</span> <span class='ocrx_word' id='word_1_48' title='bbox 1634 1022 1803 1086; x_wconf 84' lang='lat' dir='ltr'>duro</span> 
     </span>
     <span class='ocr_line' id='line_1_9' title="bbox 448 1118 2140 1208; baseline -0.001 -21"><span class='ocrx_word' id='word_1_49' title='bbox 448 1122 829 1187; x_wconf 83' lang='lat' dir='ltr'>Transfossi</span> <span class='ocrx_word' id='word_1_50' title='bbox 858 1124 1057 1208; x_wconf 82' lang='lat' dir='ltr'>ligno,</span> <span class='ocrx_word' id='word_1_51' title='bbox 1088 1124 1372 1187; x_wconf 85' lang='lat' dir='ltr'>veniunt.</span> <span class='ocrx_word' id='word_1_52' title='bbox 1450 1120 1587 1185; x_wconf 86' lang='lat' dir='ltr'>Vix</span> <span class='ocrx_word' id='word_1_53' title='bbox 1613 1144 1784 1185; x_wconf 84' lang='lat' dir='ltr'>unus</span> <span class='ocrx_word' id='word_1_54' title='bbox 1817 1118 2140 1199; x_wconf 84' lang='lat' dir='ltr'>Helenor,</span> 
     </span>
     <span class='ocr_line' id='line_1_10' title="bbox 277 1221 2109 1307; baseline 0.001 -22"><span class='ocrx_word' id='word_1_55' title='bbox 277 1222 405 1285; x_wconf 83' lang='lat'>545</span> <span class='ocrx_word' id='word_1_56' title='bbox 448 1222 544 1285; x_wconf 87' lang='lat' dir='ltr'>Et</span> <span class='ocrx_word' id='word_1_57' title='bbox 571 1221 793 1306; x_wconf 85' lang='lat' dir='ltr'>Lycus</span> <span class='ocrx_word' id='word_1_58' title='bbox 822 1222 1063 1307; x_wconf 77' lang='lat' dir='ltr'>elapsi3</span> <span class='ocrx_word' id='word_1_59' title='bbox 1108 1244 1385 1305; x_wconf 87' lang='lat' dir='ltr'>quorum</span> <span class='ocrx_word' id='word_1_60' title='bbox 1412 1222 1758 1304; x_wconf 82' lang='lat' dir='ltr'>primaevus</span> <span class='ocrx_word' id='word_1_61' title='bbox 1789 1221 2109 1300; x_wconf 86' lang='lat' dir='ltr'>Helenor,</span> 
     </span>
     <span class='ocr_line' id='line_1_11' title="bbox 449 1320 1963 1407; baseline 0.001 -22"><span class='ocrx_word' id='word_1_62' title='bbox 449 1321 741 1386; x_wconf 82' lang='lat' dir='ltr'>Maeonio</span> <span class='ocrx_word' id='word_1_63' title='bbox 766 1324 909 1406; x_wconf 84' lang='lat' dir='ltr'>regi</span> <span class='ocrx_word' id='word_1_64' title='bbox 936 1344 1130 1407; x_wconf 90' lang='lat' dir='ltr'>quem</span> <span class='ocrx_word' id='word_1_65' title='bbox 1158 1343 1347 1385; x_wconf 80' lang='lat' dir='ltr'>serva</span> <span class='ocrx_word' id='word_1_66' title='bbox 1376 1320 1712 1403; x_wconf 78' lang='lat' dir='ltr'>Licymnia</span> <span class='ocrx_word' id='word_1_67' title='bbox 1741 1322 1963 1386; x_wconf 77' lang='lat' dir='ltr'>furtim</span> 
     </span>
     <span class='ocr_line' id='line_1_12' title="bbox 450 1420 2174 1504; baseline 0.001 -19"><span class='ocrx_word' id='word_1_68' title='bbox 450 1421 843 1500; x_wconf 84' lang='lat' dir='ltr'>Sustulerat‚</span> <span class='ocrx_word' id='word_1_69' title='bbox 872 1424 1221 1504; x_wconf 82' lang='lat' dir='ltr'>vetitisque</span> <span class='ocrx_word' id='word_1_70' title='bbox 1248 1421 1335 1485; x_wconf 84' lang='lat' dir='ltr'>ad</span> <span class='ocrx_word' id='word_1_71' title='bbox 1362 1420 1635 1504; x_wconf 79' lang='lat' dir='ltr'>Trojam</span> <span class='ocrx_word' id='word_1_72' title='bbox 1663 1422 1928 1487; x_wconf 82' lang='lat' dir='ltr'>miserat</span> <span class='ocrx_word' id='word_1_73' title='bbox 1953 1424 2174 1500; x_wconf 86' lang='lat' dir='ltr'>armis,</span> 
     </span>
     <span class='ocr_line' id='line_1_13' title="bbox 451 1518 1984 1605; baseline 0.001 -21"><span class='ocrx_word' id='word_1_74' title='bbox 451 1521 633 1585; x_wconf 87' lang='lat' dir='ltr'>Ense</span> <span class='ocrx_word' id='word_1_75' title='bbox 662 1522 821 1585; x_wconf 85' lang='lat' dir='ltr'>levis</span> <span class='ocrx_word' id='word_1_76' title='bbox 852 1521 1054 1599; x_wconf 79' lang='lat' dir='ltr'>nude,</span> <span class='ocrx_word' id='word_1_77' title='bbox 1086 1542 1441 1605; x_wconf 82' lang='lat' dir='ltr'>parmaque</span> <span class='ocrx_word' id='word_1_78' title='bbox 1468 1518 1784 1605; x_wconf 83' lang='lat' dir='ltr'>inglorius</span> <span class='ocrx_word' id='word_1_79' title='bbox 1813 1522 1984 1586; x_wconf 81' lang='lat' dir='ltr'>alba.</span> 
     </span>
     <span class='ocr_line' id='line_1_14' title="bbox 452 1619 2020 1705; baseline 0.001 -21"><span class='ocrx_word' id='word_1_80' title='bbox 452 1619 649 1705; x_wconf 88' lang='lat' dir='ltr'>Isque</span> <span class='ocrx_word' id='word_1_81' title='bbox 680 1622 795 1685; x_wconf 91' lang='lat' dir='ltr'>ubi</span> <span class='ocrx_word' id='word_1_82' title='bbox 826 1644 897 1685; x_wconf 87' lang='lat' dir='ltr'>se</span> <span class='ocrx_word' id='word_1_83' title='bbox 928 1620 1145 1685; x_wconf 91' lang='lat' dir='ltr'>Turni</span> <span class='ocrx_word' id='word_1_84' title='bbox 1173 1622 1385 1684; x_wconf 83' lang='lat' dir='ltr'>media</span> <span class='ocrx_word' id='word_1_85' title='bbox 1415 1621 1584 1684; x_wconf 87' lang='lat' dir='ltr'>inter</span> <span class='ocrx_word' id='word_1_86' title='bbox 1613 1620 1810 1685; x_wconf 85' lang='lat' dir='ltr'>millia</span> <span class='ocrx_word' id='word_1_87' title='bbox 1836 1622 2020 1699; x_wconf 82' lang='lat' dir='ltr'>vidit,</span> 
     </span>
     <span class='ocr_line' id='line_1_15' title="bbox 280 1720 2097 1806; baseline 0.001 -23"><span class='ocrx_word' id='word_1_88' title='bbox 280 1721 410 1784; x_wconf 88' lang='lat'>550</span> <span class='ocrx_word' id='word_1_89' title='bbox 453 1720 630 1786; x_wconf 88' lang='lat' dir='ltr'>Hinc</span> <span class='ocrx_word' id='word_1_90' title='bbox 654 1722 852 1798; x_wconf 84' lang='lat' dir='ltr'>acies,</span> <span class='ocrx_word' id='word_1_91' title='bbox 884 1732 1081 1806; x_wconf 82' lang='lat' dir='ltr'>atque</span> <span class='ocrx_word' id='word_1_92' title='bbox 1109 1720 1260 1785; x_wconf 89' lang='lat' dir='ltr'>hinc</span> <span class='ocrx_word' id='word_1_93' title='bbox 1290 1722 1461 1785; x_wconf 84' lang='lat' dir='ltr'>acies</span> <span class='ocrx_word' id='word_1_94' title='bbox 1492 1721 1756 1785; x_wconf 80' lang='lat' dir='ltr'>adstare</span> <span class='ocrx_word' id='word_1_95' title='bbox 1787 1722 2097 1799; x_wconf 77' lang='lat' dir='ltr'>Latinas3</span> 
     </span>
     <span class='ocr_line' id='line_1_16' title="bbox 453 1820 2071 1906; baseline 0 -21"><span class='ocrx_word' id='word_1_96' title='bbox 453 1820 550 1885; x_wconf 88' lang='lat' dir='ltr'>Ut</span> <span class='ocrx_word' id='word_1_97' title='bbox 580 1821 740 1898; x_wconf 85' lang='lat' dir='ltr'>fera,</span> <span class='ocrx_word' id='word_1_98' title='bbox 772 1845 943 1906; x_wconf 86' lang='lat' dir='ltr'>quae,</span> <span class='ocrx_word' id='word_1_99' title='bbox 974 1823 1183 1885; x_wconf 86' lang='lat' dir='ltr'>densa</span> <span class='ocrx_word' id='word_1_100' title='bbox 1210 1831 1558 1884; x_wconf 82' lang='lat' dir='ltr'>venantum</span> <span class='ocrx_word' id='word_1_101' title='bbox 1589 1832 1778 1905; x_wconf 81' lang='lat' dir='ltr'>septa</span> <span class='ocrx_word' id='word_1_102' title='bbox 1806 1842 2071 1898; x_wconf 84' lang='lat' dir='ltr'>corona,</span> 
     </span>
     <span class='ocr_line' id='line_1_17' title="bbox 454 1908 2056 2004; baseline 0.001 -18"><span class='ocrx_word' id='word_1_103' title='bbox 454 1916 713 1986; x_wconf 70' lang='lat' dir='ltr'>Contra</span> <span class='ocrx_word' id='word_1_104' title='bbox 730 1908 869 1987; x_wconf 32' lang='lat' dir='ltr'>tela*</span> <span class='ocrx_word' id='word_1_105' title='bbox 888 1922 1067 1997; x_wconf 77' lang='lat' dir='ltr'>furit,</span> <span class='ocrx_word' id='word_1_106' title='bbox 1100 1942 1375 2004; x_wconf 85' lang='lat' dir='ltr'>seseque</span> <span class='ocrx_word' id='word_1_107' title='bbox 1406 1920 1587 1984; x_wconf 84' lang='lat' dir='ltr'>haud</span> <span class='ocrx_word' id='word_1_108' title='bbox 1619 1924 1838 1985; x_wconf 84' lang='lat' dir='ltr'>nescia</span> <span class='ocrx_word' id='word_1_109' title='bbox 1865 1924 2056 1987; x_wconf 89' lang='lat' dir='ltr'>morti</span> 
     </span>
     <span class='ocr_line' id='line_1_18' title="bbox 455 2019 1846 2109; baseline 0.001 -25"><span class='ocrx_word' id='word_1_110' title='bbox 455 2020 690 2109; x_wconf 58' lang='lat' dir='ltr'>Injicit2</span> <span class='ocrx_word' id='word_1_111' title='bbox 722 2031 790 2085; x_wconf 85' lang='lat' dir='ltr'>et</span> <span class='ocrx_word' id='word_1_112' title='bbox 821 2021 991 2086; x_wconf 85' lang='lat' dir='ltr'>saltu</span> <span class='ocrx_word' id='word_1_113' title='bbox 1021 2044 1222 2106; x_wconf 85' lang='lat' dir='ltr'>supra</span> <span class='ocrx_word' id='word_1_114' title='bbox 1250 2019 1572 2085; x_wconf 81' lang='lat' dir='ltr'>venabula</span> <span class='ocrx_word' id='word_1_115' title='bbox 1600 2021 1846 2099; x_wconf 79' lang='lat' dir='ltr'>fertur3</span> 
     </span>
     <span class='ocr_line' id='line_1_19' title="bbox 453 2110 2170 2206; baseline 0.001 -20"><span class='ocrx_word' id='word_1_116' title='bbox 453 2110 657 2186; x_wconf 69' lang='lat' dir='ltr'>Haud</span> <span class='ocrx_word' id='word_1_117' title='bbox 688 2120 873 2185; x_wconf 84' lang='lat' dir='ltr'>aliter</span> <span class='ocrx_word' id='word_1_118' title='bbox 894 2123 1153 2206; x_wconf 79' lang='lat' dir='ltr'>juvenis</span> <span class='ocrx_word' id='word_1_119' title='bbox 1185 2122 1431 2185; x_wconf 86' lang='lat' dir='ltr'>medios</span> <span class='ocrx_word' id='word_1_120' title='bbox 1462 2123 1813 2186; x_wconf 86' lang='lat' dir='ltr'>moriturus</span> <span class='ocrx_word' id='word_1_121' title='bbox 1844 2124 1912 2186; x_wconf 88' lang='lat' dir='ltr'>in</span> <span class='ocrx_word' id='word_1_122' title='bbox 1941 2123 2170 2188; x_wconf 83' lang='lat' dir='ltr'>hostes</span> 
     </span>
     <span class='ocr_line' id='line_1_20' title="bbox 283 2220 2046 2305; baseline 0.001 -19"><span class='ocrx_word' id='word_1_123' title='bbox 283 2222 413 2286; x_wconf 87' lang='grc'>555</span> <span class='ocrx_word' id='word_1_124' title='bbox 455 2222 689 2299; x_wconf 78' lang='lat' dir='ltr'>Irruit3</span> <span class='ocrx_word' id='word_1_125' title='bbox 734 2232 825 2297; x_wconf 86' lang='lat' dir='ltr'>et,</span> <span class='ocrx_word' id='word_1_126' title='bbox 856 2244 987 2305; x_wconf 83' lang='lat' dir='ltr'>qua</span> <span class='ocrx_word' id='word_1_127' title='bbox 1014 2220 1145 2284; x_wconf 80' lang='lat' dir='ltr'>tela</span> <span class='ocrx_word' id='word_1_128' title='bbox 1172 2222 1349 2285; x_wconf 81' lang='lat' dir='ltr'>videt</span> <span class='ocrx_word' id='word_1_129' title='bbox 1378 2222 1783 2298; x_wconf 83' lang='lat' dir='ltr'>densissima,</span> <span class='ocrx_word' id='word_1_130' title='bbox 1814 2226 2046 2288; x_wconf 82' lang='lat' dir='ltr'>tendit.</span> 
     </span>
     <span class='ocr_line' id='line_1_21' title="bbox 454 2319 2162 2404; baseline 0.002 -19"><span class='ocrx_word' id='word_1_131' title='bbox 454 2320 550 2385; x_wconf 86' lang='lat' dir='ltr'>At</span> <span class='ocrx_word' id='word_1_132' title='bbox 579 2320 859 2404; x_wconf 77' lang='lat' dir='ltr'>pedibus</span> <span class='ocrx_word' id='word_1_133' title='bbox 891 2319 1085 2404; x_wconf 85' lang='lat' dir='ltr'>longe</span> <span class='ocrx_word' id='word_1_134' title='bbox 1114 2319 1339 2384; x_wconf 89' lang='lat' dir='ltr'>melior</span> <span class='ocrx_word' id='word_1_135' title='bbox 1367 2320 1586 2402; x_wconf 86' lang='lat' dir='ltr'>Lycus</span> <span class='ocrx_word' id='word_1_136' title='bbox 1616 2322 1786 2385; x_wconf 86' lang='lat' dir='ltr'>inter</span> <span class='ocrx_word' id='word_1_137' title='bbox 1815 2334 1884 2387; x_wconf 88' lang='lat' dir='ltr'>et</span> <span class='ocrx_word' id='word_1_138' title='bbox 1909 2324 2162 2400; x_wconf 86' lang='lat' dir='ltr'>hostes,</span> 
     </span>
     <span class='ocr_line' id='line_1_22' title="bbox 457 2419 2160 2503; baseline 0.001 -18"><span class='ocrx_word' id='word_1_139' title='bbox 457 2421 637 2485; x_wconf 86' lang='lat' dir='ltr'>Inter</span> <span class='ocrx_word' id='word_1_140' title='bbox 665 2432 734 2485; x_wconf 89' lang='lat' dir='ltr'>et</span> <span class='ocrx_word' id='word_1_141' title='bbox 762 2442 961 2496; x_wconf 84' lang='lat' dir='ltr'>arma,</span> <span class='ocrx_word' id='word_1_142' title='bbox 992 2419 1153 2503; x_wconf 80' lang='lat' dir='ltr'>fuga</span> <span class='ocrx_word' id='word_1_143' title='bbox 1179 2442 1397 2483; x_wconf 85' lang='lat' dir='ltr'>muros</span> <span class='ocrx_word' id='word_1_144' title='bbox 1429 2430 1634 2495; x_wconf 86' lang='lat' dir='ltr'>tenet,</span> <span class='ocrx_word' id='word_1_145' title='bbox 1663 2420 1922 2503; x_wconf 86' lang='lat' dir='ltr'>altaque</span> <span class='ocrx_word' id='word_1_146' title='bbox 1953 2434 2160 2486; x_wconf 86' lang='lat' dir='ltr'>certat</span> 
     </span>
     <span class='ocr_line' id='line_1_23' title="bbox 458 2518 2322 2602; baseline -0.001 -17"><span class='ocrx_word' id='word_1_147' title='bbox 458 2520 797 2585; x_wconf 73' lang='lat' dir='ltr'>Prende-re</span> <span class='ocrx_word' id='word_1_148' title='bbox 823 2530 1001 2585; x_wconf 81' lang='lat' dir='ltr'>tecta</span> <span class='ocrx_word' id='word_1_149' title='bbox 1024 2542 1244 2596; x_wconf 83' lang='lat' dir='ltr'>manu,</span> <span class='ocrx_word' id='word_1_150' title='bbox 1276 2518 1652 2602; x_wconf 66' lang='lat' dir='ltr'>sociumque</span> <span class='ocrx_word' id='word_1_151' title='bbox 1681 2521 2004 2602; x_wconf 82' lang='lat' dir='ltr'>attingere</span> <span class='ocrx_word' id='word_1_152' title='bbox 2028 2522 2322 2585; x_wconf 83' lang='lat' dir='ltr'>dextras.</span> 
     </span>
     <span class='ocr_line' id='line_1_24' title="bbox 459 2619 2112 2703; baseline -0.001 -18"><span class='ocrx_word' id='word_1_153' title='bbox 459 2620 677 2693; x_wconf 86' lang='lat' dir='ltr'>Quem</span> <span class='ocrx_word' id='word_1_154' title='bbox 705 2620 997 2697; x_wconf 85' lang='lat' dir='ltr'>Turnus,</span> <span class='ocrx_word' id='word_1_155' title='bbox 1030 2620 1277 2703; x_wconf 86' lang='lat' dir='ltr'>pariter</span> <span class='ocrx_word' id='word_1_156' title='bbox 1302 2641 1502 2682; x_wconf 86' lang='lat' dir='ltr'>cursu</span> <span class='ocrx_word' id='word_1_157' title='bbox 1528 2619 1792 2702; x_wconf 88' lang='lat' dir='ltr'>teloque</span> <span class='ocrx_word' id='word_1_158' title='bbox 1823 2631 2112 2697; x_wconf 86' lang='lat' dir='ltr'>secutus,</span> 
     </span>
     <span class='ocr_line' id='line_1_25' title="bbox 288 2718 2242 2805; baseline -0.001 -18"><span class='ocrx_word' id='word_1_159' title='bbox 288 2722 419 2787; x_wconf 89' lang='grc'>560</span> <span class='ocrx_word' id='word_1_160' title='bbox 459 2721 766 2805; x_wconf 80' lang='lat' dir='ltr'>Increpat</span> <span class='ocrx_word' id='word_1_161' title='bbox 792 2721 897 2785; x_wconf 85' lang='lat' dir='ltr'>his</span> <span class='ocrx_word' id='word_1_162' title='bbox 925 2722 1131 2785; x_wconf 82' lang='lat' dir='ltr'>victor</span> <span class='ocrx_word' id='word_1_163' title='bbox 1148 2744 1167 2783; x_wconf 74' lang='grc' dir='ltr'>ι</span> <span class='ocrx_word' id='word_1_164' title='bbox 1213 2718 1583 2782; x_wconf 76' lang='lat' dir='ltr'>Nosti-asne</span> <span class='ocrx_word' id='word_1_165' title='bbox 1615 2720 1918 2796; x_wconf 82' lang='lat' dir='ltr'>evadere,</span> <span class='ocrx_word' id='word_1_166' title='bbox 1949 2722 2242 2797; x_wconf 49' lang='lat' dir='ltr'>demeum</span> 
     </span>
    </p>
   </div>
   <div class='ocr_carea' id='block_1_3' title="bbox 2457 276 2590 339">
    <p class='ocr_par' dir='ltr' id='par_1_3' title="bbox 2457 276 2590 339">
     <span class='ocr_line' id='line_1_26' title="bbox 2457 276 2590 339; baseline 0 0"><span class='ocrx_word' id='word_1_167' title='bbox 2457 276 2590 339; x_wconf 73' lang='lat'>525</span> 
     </span>
    </p>
   </div>
   <div class='ocr_carea' id='block_1_4' title="bbox 286 2975 2601 3229">
    <p class='ocr_par' dir='ltr' id='par_1_4' title="bbox 287 2975 2597 3097">
     <span class='ocr_line' id='line_1_27' title="bbox 288 2975 2597 3053; baseline 0 -25"><span class='ocrx_word' id='word_1_168' title='bbox 288 2980 381 3029; x_wconf 88' lang='lat' dir='ltr'>rim</span> <span class='ocrx_word' id='word_1_169' title='bbox 406 2978 620 3042; x_wconf 78' lang='lat' dir='ltr'>ligneam</span> <span class='ocrx_word' id='word_1_170' title='bbox 650 2978 801 3027; x_wconf 85' lang='lat' dir='ltr'>fuisse</span> <span class='ocrx_word' id='word_1_171' title='bbox 824 2978 1119 3027; x_wconf 84' lang='lat' dir='ltr'>credendum</span> <span class='ocrx_word' id='word_1_172' title='bbox 1142 2985 1229 3033; x_wconf 81' lang='lat' dir='ltr'>est,</span> <span class='ocrx_word' id='word_1_173' title='bbox 1254 2975 1297 3024; x_wconf 88' lang='lat' dir='ltr'>si</span> <span class='ocrx_word' id='word_1_174' title='bbox 1320 2992 1405 3025; x_wconf 85' lang='lat' dir='ltr'>ex·</span> <span class='ocrx_word' id='word_1_175' title='bbox 1473 2975 1636 3040; x_wconf 85' lang='lat' dir='ltr'>spexit</span> <span class='ocrx_word' id='word_1_176' title='bbox 1666 2986 1826 3041; x_wconf 80' lang='lat' dir='ltr'>poeta,</span> <span class='ocrx_word' id='word_1_177' title='bbox 1858 2994 1954 3051; x_wconf 78' lang='lat' dir='ltr'>quo</span> <span class='ocrx_word' id='word_1_178' title='bbox 1987 2978 2132 3053; x_wconf 83' lang='lat' dir='ltr'>picta,</span> <span class='ocrx_word' id='word_1_179' title='bbox 2164 2994 2219 3027; x_wconf 86' lang='lat' dir='ltr'>ac</span> <span class='ocrx_word' id='word_1_180' title='bbox 2249 2978 2417 3028; x_wconf 79' lang='lat' dir='ltr'>caelata</span> <span class='ocrx_word' id='word_1_181' title='bbox 2449 2996 2597 3046; x_wconf 75' lang='lat' dir='ltr'>argu-</span> 
     </span>
     <span class='ocr_line' id='line_1_28' title="bbox 287 3042 2596 3097; baseline 0.001 -6"><span class='ocrx_word' id='word_1_182' title='bbox 287 3043 441 3092; x_wconf 86' lang='lat' dir='ltr'>terius</span> <span class='ocrx_word' id='word_1_183' title='bbox 463 3042 668 3091; x_wconf 83' lang='lat' dir='ltr'>adhaesit</span> <span class='ocrx_word' id='word_1_184' title='bbox 686 3042 769 3090; x_wconf 80' lang='lat' dir='ltr'>fax</span> <span class='ocrx_word' id='word_1_185' title='bbox 790 3042 927 3090; x_wconf 79' lang='lat' dir='ltr'>allisa</span> <span class='ocrx_word' id='word_1_186' title='bbox 950 3052 999 3089; x_wconf 87' lang='lat' dir='ltr'>et</span> <span class='ocrx_word' id='word_1_187' title='bbox 1021 3042 1177 3089; x_wconf 79' lang='lat' dir='ltr'>affixa.</span> <span class='ocrx_word' id='word_1_188' title='bbox 1473 3050 1654 3097; x_wconf 88' lang='lat' dir='ltr'>mento,</span> <span class='ocrx_word' id='word_1_189' title='bbox 1679 3050 1816 3089; x_wconf 83' lang='lat' dir='ltr'>scuta</span> <span class='ocrx_word' id='word_1_190' title='bbox 1842 3050 2036 3089; x_wconf 75' lang='lat' dir='ltr'>virtutis</span> <span class='ocrx_word' id='word_1_191' title='bbox 2058 3051 2110 3090; x_wconf 89' lang='lat' dir='ltr'>et</span> <span class='ocrx_word' id='word_1_192' title='bbox 2139 3042 2378 3092; x_wconf 84' lang='lat' dir='ltr'>clarorum</span> <span class='ocrx_word' id='word_1_193' title='bbox 2411 3044 2596 3093; x_wconf 75' lang='lat' dir='ltr'>facino-</span> 
     </span>
    </p>

    <p class='ocr_par' dir='ltr' id='par_1_5' title="bbox 286 3104 2601 3229">
     <span class='ocr_line' id='line_1_29' title="bbox 355 3104 2601 3173; baseline 0.001 -19"><span class='ocrx_word' id='word_1_194' title='bbox 355 3108 645 3155; x_wconf 76' lang='lat'>539—544.</span> <span class='ocrx_word' id='word_1_195' title='bbox 694 3109 851 3153; x_wconf 72' lang='lat' dir='ltr'>Pestis</span> <span class='ocrx_word' id='word_1_196' title='bbox 886 3106 949 3153; x_wconf 82' lang='lat' dir='ltr'>de</span> <span class='ocrx_word' id='word_1_197' title='bbox 986 3104 1230 3160; x_wconf 79' lang='lat' dir='ltr'>incendio,</span> <span class='ocrx_word' id='word_1_198' title='bbox 1271 3111 1327 3151; x_wconf 87' lang='lat' dir='ltr'>ut</span> <span class='ocrx_word' id='word_1_199' title='bbox 1360 3118 1407 3161; x_wconf 67' lang='lat' dir='ltr'>V,</span> <span class='ocrx_word' id='word_1_200' title='bbox 1472 3120 1584 3152; x_wconf 85' lang='lat' dir='ltr'>rum</span> <span class='ocrx_word' id='word_1_201' title='bbox 1623 3114 1764 3152; x_wconf 80' lang='lat' dir='ltr'>erant</span> <span class='ocrx_word' id='word_1_202' title='bbox 1803 3105 2014 3168; x_wconf 81' lang='lat' dir='ltr'>insignia</span> <span class='ocrx_word' id='word_1_203' title='bbox 2051 3122 2108 3153; x_wconf 84' lang='lat' dir='ltr'>ac</span> <span class='ocrx_word' id='word_1_204' title='bbox 2143 3107 2354 3171; x_wconf 75' lang='lat' dir='ltr'>praemia.</span> <span class='ocrx_word' id='word_1_205' title='bbox 2423 3109 2601 3173; x_wconf 81' lang='lat' dir='ltr'>Itaque</span> 
     </span>
     <span class='ocr_line' id='line_1_30' title="bbox 286 3164 2596 3229; baseline 0 -10"><span class='ocrx_word' id='word_1_206' title='bbox 286 3170 399 3219; x_wconf 76' lang='lat'>688.</span> <span class='ocrx_word' id='word_1_207' title='bbox 458 3170 593 3218; x_wconf 84' lang='lat' dir='ltr'>Dum</span> <span class='ocrx_word' id='word_1_208' title='bbox 612 3184 785 3217; x_wconf 84' lang='lat' dir='ltr'>omnes</span> <span class='ocrx_word' id='word_1_209' title='bbox 810 3168 865 3216; x_wconf 83' lang='lat' dir='ltr'>in</span> <span class='ocrx_word' id='word_1_210' title='bbox 892 3167 1093 3216; x_wconf 70' lang='lat' dir='ltr'>alteram</span> <span class='ocrx_word' id='word_1_211' title='bbox 1128 3164 1274 3214; x_wconf 83' lang='lat' dir='ltr'>turris</span> <span class='ocrx_word' id='word_1_212' title='bbox 1295 3180 1407 3229; x_wconf 81' lang='lat' dir='ltr'>par-</span> <span class='ocrx_word' id='word_1_213' title='bbox 1478 3168 1713 3224; x_wconf 77' lang='lat' dir='ltr'>Helenor,</span> <span class='ocrx_word' id='word_1_214' title='bbox 1749 3168 1841 3216; x_wconf 79' lang='lat' dir='ltr'>etsi</span> <span class='ocrx_word' id='word_1_215' title='bbox 1871 3184 1988 3217; x_wconf 85' lang='lat' dir='ltr'>mox</span> <span class='ocrx_word' id='word_1_216' title='bbox 2023 3169 2218 3219; x_wconf 82' lang='lat' dir='ltr'>fortiter</span> <span class='ocrx_word' id='word_1_217' title='bbox 2245 3171 2298 3218; x_wconf 81' lang='lat' dir='ltr'>in</span> <span class='ocrx_word' id='word_1_218' title='bbox 2327 3171 2491 3220; x_wconf 76' lang='lat' dir='ltr'>hostes</span> <span class='ocrx_word' id='word_1_219' title='bbox 2526 3174 2596 3221; x_wconf 87' lang='lat' dir='ltr'>ir·</span> 
     </span>
    </p>
   </div>
   <div class='ocr_carea' id='block_1_5' title="bbox 290 3229 2328 3354">
    <p class='ocr_par' dir='ltr' id='par_1_6' title="bbox 290 3229 2328 3354">
     <span class='ocr_line' id='line_1_31' title="bbox 290 3229 2328 3354; baseline 0 -72"><span class='ocrx_word' id='word_1_220' title='bbox 290 3242 406 3291; x_wconf 88' lang='lat' dir='ltr'>tem,</span> <span class='ocrx_word' id='word_1_221' title='bbox 428 3249 536 3296; x_wconf 79' lang='lat' dir='ltr'>quae</span> <span class='ocrx_word' id='word_1_222' title='bbox 564 3233 747 3281; x_wconf 81' lang='lat' dir='ltr'>intacta</span> <span class='ocrx_word' id='word_1_223' title='bbox 767 3234 828 3280; x_wconf 83' lang='lat' dir='ltr'>ab</span> <span class='ocrx_word' id='word_1_224' title='bbox 859 3231 964 3305; x_wconf 69' lang='lat' dir='ltr'>igni</span> <span class='ocrx_word' id='word_1_225' title='bbox 996 3239 1084 3288; x_wconf 84' lang='lat' dir='ltr'>est,</span> <span class='ocrx_word' id='word_1_226' title='bbox 1108 3229 1407 3277; x_wconf 73' lang='lat' dir='ltr'>conceduntz</span> <span class='ocrx_word' id='word_1_227' title='bbox 1474 3240 1599 3287; x_wconf 79' lang='lat' dir='ltr'>ruat,</span> <span class='ocrx_word' id='word_1_228' title='bbox 1635 3240 1740 3278; x_wconf 78' lang='lat' dir='ltr'>tum</span> <span class='ocrx_word' id='word_1_229' title='bbox 1774 3240 1936 3279; x_wconf 79' lang='lat' dir='ltr'>tamen</span> <span class='ocrx_word' id='word_1_230' title='bbox 1933 3248 2116 3354; x_wconf 54' lang='lat' dir='ltr'>gm-</span> <span class='ocrx_word' id='word_1_231' title='bbox 2137 3234 2328 3282; x_wconf 68' lang='lat' dir='ltr'>militie</span> 
     </span>
    </p>
   </div>
   <div class='ocr_carea' id='block_1_6' title="bbox 2355 3235 2602 3298">
    <p class='ocr_par' dir='ltr' id='par_1_7' title="bbox 2355 3235 2602 3298">
     <span class='ocr_line' id='line_1_32' title="bbox 2355 3235 2602 3298; baseline 0 -15"><span class='ocrx_word' id='word_1_232' title='bbox 2355 3235 2602 3298; x_wconf 77' lang='lat' dir='ltr'>stipendia</span> 
     </span>
    </p>
   </div>
   <div class='ocr_carea' id='block_1_7' title="bbox 287 3292 2598 3489">
    <p class='ocr_par' dir='ltr' id='par_1_8' title="bbox 287 3292 2598 3489">
     <span class='ocr_line' id='line_1_33' title="bbox 287 3292 2596 3361; baseline -0.004 -16"><span class='ocrx_word' id='word_1_233' title='bbox 287 3298 389 3356; x_wconf 79' lang='lat' dir='ltr'>illa,</span> <span class='ocrx_word' id='word_1_234' title='bbox 430 3312 541 3360; x_wconf 65' lang='lat' dir='ltr'>qua</span> <span class='ocrx_word' id='word_1_235' title='bbox 576 3295 681 3345; x_wconf 87' lang='lat' dir='ltr'>solo</span> <span class='ocrx_word' id='word_1_236' title='bbox 722 3296 953 3359; x_wconf 80' lang='lat' dir='ltr'>imposita</span> <span class='ocrx_word' id='word_1_237' title='bbox 992 3303 1043 3341; x_wconf 83' lang='lat' dir='ltr'>et</span> <span class='ocrx_word' id='word_1_238' title='bbox 1084 3300 1415 3355; x_wconf 78' lang='lat' dir='ltr'>superstructa</span> <span class='ocrx_word' id='word_1_239' title='bbox 1478 3292 1756 3351; x_wconf 73' lang='lat' dir='ltr'>meriturus,</span> <span class='ocrx_word' id='word_1_240' title='bbox 1793 3294 1900 3358; x_wconf 79' lang='lat' dir='ltr'>ipse</span> <span class='ocrx_word' id='word_1_241' title='bbox 2028 3315 2129 3355; x_wconf 71' lang='lat' dir='ltr'>ms,</span> <span class='ocrx_word' id='word_1_242' title='bbox 2159 3298 2308 3345; x_wconf 65' lang='lat' dir='ltr'>nuni„</span> <span class='ocrx_word' id='word_1_243' title='bbox 2338 3298 2486 3361; x_wconf 71' lang='lat' dir='ltr'>clipei</span> <span class='ocrx_word' id='word_1_244' title='bbox 2518 3300 2596 3345; x_wconf 63' lang='lat' dir='ltr'>in-</span> 
     </span>
     <span class='ocr_line' id='line_1_34' title="bbox 290 3354 2595 3425; baseline -0 -16"><span class='ocrx_word' id='word_1_245' title='bbox 290 3372 410 3417; x_wconf 80' lang='lat' dir='ltr'>erat,</span> <span class='ocrx_word' id='word_1_246' title='bbox 446 3368 617 3423; x_wconf 77' lang='lat' dir='ltr'>utpote</span> <span class='ocrx_word' id='word_1_247' title='bbox 651 3359 815 3422; x_wconf 81' lang='lat' dir='ltr'>lignea</span> <span class='ocrx_word' id='word_1_248' title='bbox 852 3367 905 3405; x_wconf 82' lang='lat' dir='ltr'>et</span> <span class='ocrx_word' id='word_1_249' title='bbox 940 3355 1149 3413; x_wconf 81' lang='lat' dir='ltr'>mobilis,</span> <span class='ocrx_word' id='word_1_250' title='bbox 1188 3354 1415 3416; x_wconf 75' lang='lat' dir='ltr'>inoequsli</span> <span class='ocrx_word' id='word_1_251' title='bbox 1478 3355 1699 3418; x_wconf 77' lang='lat' dir='ltr'>signibus</span> <span class='ocrx_word' id='word_1_252' title='bbox 1716 3357 1928 3406; x_wconf 83' lang='lat' dir='ltr'>discerni</span> <span class='ocrx_word' id='word_1_253' title='bbox 1950 3369 2000 3407; x_wconf 82' lang='lat' dir='ltr'>et</span> <span class='ocrx_word' id='word_1_254' title='bbox 2015 3360 2235 3422; x_wconf 77' lang='lat' dir='ltr'>dignosci</span> <span class='ocrx_word' id='word_1_255' title='bbox 2251 3370 2430 3425; x_wconf 87' lang='lat' dir='ltr'>posset.</span> <span class='ocrx_word' id='word_1_256' title='bbox 2465 3362 2595 3409; x_wconf 88' lang='lat' dir='ltr'>Con-</span> 
     </span>
     <span class='ocr_line' id='line_1_35' title="bbox 290 3418 2598 3489; baseline -0 -17"><span class='ocrx_word' id='word_1_257' title='bbox 290 3424 508 3489; x_wconf 82' lang='lat' dir='ltr'>pondere</span> <span class='ocrx_word' id='word_1_258' title='bbox 538 3423 803 3471; x_wconf 84' lang='lat' dir='ltr'>inclinatur</span> <span class='ocrx_word' id='word_1_259' title='bbox 830 3430 883 3469; x_wconf 80' lang='lat' dir='ltr'>et</span> <span class='ocrx_word' id='word_1_260' title='bbox 912 3420 1109 3469; x_wconf 83' lang='lat' dir='ltr'>corruit.</span> <span class='ocrx_word' id='word_1_261' title='bbox 1172 3418 1416 3467; x_wconf 79' lang='lat' dir='ltr'>Videntur</span> <span class='ocrx_word' id='word_1_262' title='bbox 1480 3428 1568 3477; x_wconf 80' lang='lat' dir='ltr'>tra,</span> <span class='ocrx_word' id='word_1_263' title='bbox 1603 3436 1648 3467; x_wconf 84' lang='lat' dir='ltr'>v.</span> <span class='ocrx_word' id='word_1_264' title='bbox 1687 3422 1798 3479; x_wconf 80' lang='lat'><strong>582,</strong></span> <span class='ocrx_word' id='word_1_265' title='bbox 1837 3423 2066 3471; x_wconf 75' lang='lat' dir='ltr'>Arcentis</span> <span class='ocrx_word' id='word_1_266' title='bbox 2107 3424 2242 3471; x_wconf 83' lang='lat' dir='ltr'>filius</span> <span class='ocrx_word' id='word_1_267' title='bbox 2279 3426 2431 3471; x_wconf 72' lang='lat' dir='ltr'>clarus</span> <span class='ocrx_word' id='word_1_268' title='bbox 2463 3424 2598 3471; x_wconf 84' lang='lat' dir='ltr'>chla-</span> 
     </span>
    </p>
   </div>
   <div class='ocr_carea' id='block_1_8' title="bbox 290 3483 2081 3549">
    <p class='ocr_par' dir='ltr' id='par_1_9' title="bbox 290 3483 2081 3549">
     <span class='ocr_line' id='line_1_36' title="bbox 290 3483 2081 3549; baseline -0.001 -14"><span class='ocrx_word' id='word_1_269' title='bbox 290 3486 549 3549; x_wconf 75' lang='lat' dir='ltr'>sequentia</span> <span class='ocrx_word' id='word_1_270' title='bbox 566 3485 629 3535; x_wconf 83' lang='lat' dir='ltr'>ad</span> <span class='ocrx_word' id='word_1_271' title='bbox 648 3486 776 3534; x_wconf 76' lang='lat' dir='ltr'>hanc</span> <span class='ocrx_word' id='word_1_272' title='bbox 806 3500 971 3533; x_wconf 84' lang='lat' dir='ltr'>rerum</span> <span class='ocrx_word' id='word_1_273' title='bbox 1002 3483 1176 3531; x_wconf 77' lang='lat' dir='ltr'>faciem</span> <span class='ocrx_word' id='word_1_274' title='bbox 1198 3497 1307 3529; x_wconf 75' lang='lat' dir='ltr'>esse</span> <span class='ocrx_word' id='word_1_275' title='bbox 1332 3497 1411 3530; x_wconf 83' lang='lat' dir='ltr'>re-</span> <span class='ocrx_word' id='word_1_276' title='bbox 1478 3483 1624 3547; x_wconf 83' lang='lat' dir='ltr'>myde</span> <span class='ocrx_word' id='word_1_277' title='bbox 1641 3499 1890 3549; x_wconf 80' lang='lat' dir='ltr'>purpurea</span> <span class='ocrx_word' id='word_1_278' title='bbox 1911 3486 2081 3534; x_wconf 74' lang='lat' dir='ltr'>diems-</span> 
     </span>
    </p>
   </div>
   <div class='ocr_carea' id='block_1_9' title="bbox 290 3547 2600 3721">
    <p class='ocr_par' dir='ltr' id='par_1_10' title="bbox 290 3547 2600 3721">
     <span class='ocr_line' id='line_1_37' title="bbox 292 3547 2600 3612; baseline -0.001 -13"><span class='ocrx_word' id='word_1_279' title='bbox 292 3550 521 3599; x_wconf 75' lang='lat' dir='ltr'>vocunds.</span> <span class='ocrx_word' id='word_1_280' title='bbox 591 3549 791 3598; x_wconf 81' lang='lat' dir='ltr'>Turrim</span> <span class='ocrx_word' id='word_1_281' title='bbox 826 3548 1040 3612; x_wconf 80' lang='lat' dir='ltr'>lig-neam</span> <span class='ocrx_word' id='word_1_282' title='bbox 1076 3562 1207 3595; x_wconf 83' lang='lat' dir='ltr'>nune</span> <span class='ocrx_word' id='word_1_283' title='bbox 1248 3560 1413 3593; x_wconf 87' lang='lat' dir='ltr'>corru-</span> <span class='ocrx_word' id='word_1_284' title='bbox 1547 3548 1642 3595; x_wconf 76' lang='lat'>549</span> <span class='ocrx_word' id='word_1_285' title='bbox 1665 3562 1765 3611; x_wconf 85' lang='lat' dir='ltr'>sqq.</span> <span class='ocrx_word' id='word_1_286' title='bbox 1802 3548 1948 3596; x_wconf 84' lang='lat' dir='ltr'>Turri</span> <span class='ocrx_word' id='word_1_287' title='bbox 1979 3549 2033 3595; x_wconf 88' lang='lat' dir='ltr'>in</span> <span class='ocrx_word' id='word_1_288' title='bbox 2065 3547 2258 3611; x_wconf 80' lang='lat' dir='ltr'>fastigio</span> <span class='ocrx_word' id='word_1_289' title='bbox 2291 3556 2472 3611; x_wconf 79' lang='lat' dir='ltr'>aperta,</span> <span class='ocrx_word' id='word_1_290' title='bbox 2499 3562 2600 3596; x_wconf 87' lang='lat' dir='ltr'>non</span> 
     </span>
     <span class='ocr_line' id='line_1_38' title="bbox 290 3610 2600 3721; baseline -0.002 -59"><span class='ocrx_word' id='word_1_291' title='bbox 290 3624 459 3663; x_wconf 81' lang='lat' dir='ltr'>entem</span> <span class='ocrx_word' id='word_1_292' title='bbox 480 3612 595 3662; x_wconf 75' lang='lat' dir='ltr'>ferri</span> <span class='ocrx_word' id='word_1_293' title='bbox 625 3614 675 3661; x_wconf 88' lang='lat' dir='ltr'>in</span> <span class='ocrx_word' id='word_1_294' title='bbox 698 3628 917 3677; x_wconf 69' lang='lat' dir='ltr'>princeps</span> <span class='ocrx_word' id='word_1_295' title='bbox 936 3612 991 3661; x_wconf 90' lang='lat' dir='ltr'>in</span> <span class='ocrx_word' id='word_1_296' title='bbox 1013 3619 1203 3674; x_wconf 76' lang='lat' dir='ltr'>panem</span> <span class='ocrx_word' id='word_1_297' title='bbox 1225 3624 1413 3683; x_wconf 70' lang='lat' dir='ltr'>oppug-</span> <span class='ocrx_word' id='word_1_298' title='bbox 1480 3618 1610 3657; x_wconf 73' lang='lat' dir='ltr'>tecto</span> <span class='ocrx_word' id='word_1_299' title='bbox 1641 3610 1818 3667; x_wconf 73' lang='lat' dir='ltr'>clama,</span> <span class='ocrx_word' id='word_1_300' title='bbox 1851 3610 1904 3657; x_wconf 84' lang='lat' dir='ltr'>in</span> <span class='ocrx_word' id='word_1_301' title='bbox 1933 3626 2168 3721; x_wconf 56' lang='lat' dir='ltr'>pmeffe</span> <span class='ocrx_word' id='word_1_302' title='bbox 2185 3610 2312 3669; x_wconf 74' lang='lat' dir='ltr'>data,</span> <span class='ocrx_word' id='word_1_303' title='bbox 2337 3620 2476 3658; x_wconf 80' lang='lat' dir='ltr'>extra</span> <span class='ocrx_word' id='word_1_304' title='bbox 2496 3611 2600 3659; x_wconf 74' lang='lat' dir='ltr'>val-</span> 
     </span>
    </p>
   </div>
   <div class='ocr_carea' id='block_1_10' title="bbox 295 3672 2046 3751">
    <p class='ocr_par' dir='ltr' id='par_1_11' title="bbox 295 3672 2046 3751">
     <span class='ocr_line' id='line_1_39' title="bbox 295 3672 2046 3751; baseline -0.002 -26"><span class='ocrx_word' id='word_1_305' title='bbox 295 3676 547 3751; x_wconf 72' lang='lat' dir='ltr'>natpriboe</span> <span class='ocrx_word' id='word_1_306' title='bbox 568 3676 833 3725; x_wconf 74' lang='lat' dir='ltr'>adversam.</span> <span class='ocrx_word' id='word_1_307' title='bbox 901 3676 946 3723; x_wconf 84' lang='lat' dir='ltr'>li</span> <span class='ocrx_word' id='word_1_308' title='bbox 974 3674 1057 3748; x_wconf 72' lang='lat' dir='ltr'>qui</span> <span class='ocrx_word' id='word_1_309' title='bbox 1078 3674 1132 3721; x_wconf 87' lang='lat' dir='ltr'>in</span> <span class='ocrx_word' id='word_1_310' title='bbox 1155 3682 1278 3721; x_wconf 82' lang='lat' dir='ltr'>turri</span> <span class='ocrx_word' id='word_1_311' title='bbox 1301 3680 1417 3720; x_wconf 81' lang='lat' dir='ltr'>aunt</span> <span class='ocrx_word' id='word_1_312' title='bbox 1478 3672 1583 3721; x_wconf 82' lang='lat' dir='ltr'>lum</span> <span class='ocrx_word' id='word_1_313' title='bbox 1621 3672 1902 3721; x_wconf 79' lang='lat' dir='ltr'>desilientes</span> <span class='ocrx_word' id='word_1_314' title='bbox 1936 3676 2046 3732; x_wconf 77' lang='lat' dir='ltr'>duo,</span> 
     </span>
    </p>
   </div>
   <div class='ocr_carea' id='block_1_11' title="bbox 2169 3674 2598 3733">
    <p class='ocr_par' dir='ltr' id='par_1_12' title="bbox 2169 3674 2598 3733">
     <span class='ocr_line' id='line_1_40' title="bbox 2169 3674 2598 3733; baseline 0 -11"><span class='ocrx_word' id='word_1_315' title='bbox 2169 3674 2308 3722; x_wconf 87' lang='lat' dir='ltr'>lenor</span> <span class='ocrx_word' id='word_1_316' title='bbox 2341 3682 2391 3721; x_wconf 86' lang='lat' dir='ltr'>et</span> <span class='ocrx_word' id='word_1_317' title='bbox 2425 3674 2465 3723; x_wconf 88' lang='lat' dir='ltr'>L</span> <span class='ocrx_word' id='word_1_318' title='bbox 2527 3690 2598 3733; x_wconf 89' lang='lat' dir='ltr'>us,</span> 
     </span>
    </p>
   </div>
   <div class='ocr_carea' id='block_1_12' title="bbox 293 3734 2604 3865">
    <p class='ocr_par' dir='ltr' id='par_1_13' title="bbox 293 3734 2604 3865">
     <span class='ocr_line' id='line_1_41' title="bbox 293 3734 2600 3803; baseline -0.002 -14"><span class='ocrx_word' id='word_1_319' title='bbox 293 3740 577 3803; x_wconf 70' lang='lat' dir='ltr'>affligimur</span> <span class='ocrx_word' id='word_1_320' title='bbox 594 3740 731 3803; x_wconf 74' lang='lat' dir='ltr'>gravi</span> <span class='ocrx_word' id='word_1_321' title='bbox 763 3738 913 3788; x_wconf 82' lang='lat' dir='ltr'>turris</span> <span class='ocrx_word' id='word_1_322' title='bbox 934 3752 1077 3787; x_wconf 81' lang='lat' dir='ltr'>ruma</span> <span class='ocrx_word' id='word_1_323' title='bbox 1097 3736 1214 3795; x_wconf 86' lang='lat' dir='ltr'>solo,</span> <span class='ocrx_word' id='word_1_324' title='bbox 1239 3734 1419 3801; x_wconf 73' lang='lat' dir='ltr'>partim</span> <span class='ocrx_word' id='word_1_325' title='bbox 1480 3735 1536 3783; x_wconf 90' lang='lat' dir='ltr'>in</span> <span class='ocrx_word' id='word_1_326' title='bbox 1578 3734 1742 3783; x_wconf 85' lang='lat' dir='ltr'>medio</span> <span class='ocrx_word' id='word_1_327' title='bbox 1778 3736 1988 3785; x_wconf 83' lang='lat' dir='ltr'>hostium</span> <span class='ocrx_word' id='word_1_328' title='bbox 2034 3739 2216 3787; x_wconf 80' lang='lat' dir='ltr'>versari</span> <span class='ocrx_word' id='word_1_329' title='bbox 2261 3754 2316 3786; x_wconf 83' lang='lat' dir='ltr'>se</span> <span class='ocrx_word' id='word_1_330' title='bbox 2357 3737 2468 3785; x_wconf 79' lang='lat' dir='ltr'>vide</span> <span class='ocrx_word' id='word_1_331' title='bbox 2531 3746 2600 3786; x_wconf 85' lang='lat' dir='ltr'>nt.</span> 
     </span>
     <span class='ocr_line' id='line_1_42' title="bbox 294 3798 2604 3865; baseline -0.001 -13"><span class='ocrx_word' id='word_1_332' title='bbox 294 3804 449 3852; x_wconf 81' lang='lat' dir='ltr'>hastis</span> <span class='ocrx_word' id='word_1_333' title='bbox 484 3818 684 3853; x_wconf 79' lang='lat' dir='ltr'>suorum</span> <span class='ocrx_word' id='word_1_334' title='bbox 718 3813 889 3852; x_wconf 84' lang='lat' dir='ltr'>mutuo</span> <span class='ocrx_word' id='word_1_335' title='bbox 923 3800 1171 3851; x_wconf 71' lang='lat' dir='ltr'>tranfflxi:</span> <span class='ocrx_word' id='word_1_336' title='bbox 1218 3801 1310 3847; x_wconf 82' lang='lat' dir='ltr'>hoo</span> <span class='ocrx_word' id='word_1_337' title='bbox 1344 3806 1420 3847; x_wconf 82' lang='lat' dir='ltr'>est</span> <span class='ocrx_word' id='word_1_338' title='bbox 1482 3798 1626 3848; x_wconf 80' lang='lat' dir='ltr'>Alter</span> <span class='ocrx_word' id='word_1_339' title='bbox 1669 3800 1830 3863; x_wconf 83' lang='lat' dir='ltr'>Lycus</span> <span class='ocrx_word' id='word_1_340' title='bbox 1866 3818 1908 3850; x_wconf 84' lang='lat' dir='ltr'>v.</span> <span class='ocrx_word' id='word_1_341' title='bbox 1947 3802 2042 3849; x_wconf 79' lang='lat'>556</span> <span class='ocrx_word' id='word_1_342' title='bbox 2077 3818 2146 3864; x_wconf 84' lang='lat' dir='ltr'>sq.</span> <span class='ocrx_word' id='word_1_343' title='bbox 2193 3802 2246 3850; x_wconf 85' lang='lat' dir='ltr'>in</span> <span class='ocrx_word' id='word_1_344' title='bbox 2281 3816 2507 3865; x_wconf 75' lang='lat' dir='ltr'>agg-erem</span> <span class='ocrx_word' id='word_1_345' title='bbox 2553 3811 2604 3850; x_wconf 82' lang='lat' dir='ltr'>et</span> 
     </span>
    </p>
   </div>
   <div class='ocr_carea' id='block_1_13' title="bbox 260 3864 2606 4310">
    <p class='ocr_par' dir='ltr' id='par_1_14' title="bbox 297 3864 2599 3930">
     <span class='ocr_line' id='line_1_43' title="bbox 297 3864 2599 3930; baseline -0.001 -15"><span class='ocrx_word' id='word_1_346' title='bbox 297 3870 483 3916; x_wconf 67' lang='lat' dir='ltr'>veniant</span> <span class='ocrx_word' id='word_1_347' title='bbox 505 3870 570 3915; x_wconf 76' lang='lat' dir='ltr'>ad</span> <span class='ocrx_word' id='word_1_348' title='bbox 588 3875 773 3915; x_wconf 68' lang='grc' dir='ltr'>ωηαηι.</span> <span class='ocrx_word' id='word_1_349' title='bbox 1482 3878 1678 3913; x_wconf 75' lang='lat' dir='ltr'>mirum</span> <span class='ocrx_word' id='word_1_350' title='bbox 1713 3864 1902 3912; x_wconf 77' lang='lat' dir='ltr'>vibrato</span> <span class='ocrx_word' id='word_1_351' title='bbox 1929 3864 1984 3913; x_wconf 91' lang='lat' dir='ltr'>in</span> <span class='ocrx_word' id='word_1_352' title='bbox 2013 3866 2164 3914; x_wconf 81' lang='lat' dir='ltr'>situm</span> <span class='ocrx_word' id='word_1_353' title='bbox 2198 3880 2400 3930; x_wconf 82' lang='lat' dir='ltr'>corpore</span> <span class='ocrx_word' id='word_1_354' title='bbox 2431 3880 2599 3913; x_wconf 84' lang='lat' dir='ltr'>escen-</span> 
     </span>
    </p>

    <p class='ocr_par' dir='ltr' id='par_1_15' title="bbox 298 3926 2602 4232">
     <span class='ocr_line' id='line_1_44' title="bbox 362 3926 2601 4007; baseline -0 -29"><span class='ocrx_word' id='word_1_355' title='bbox 362 3932 458 3978; x_wconf 68' lang='lat'>545</span> <span class='ocrx_word' id='word_1_356' title='bbox 490 3946 593 4007; x_wconf 56' lang='lat' dir='ltr'>sqq.</span> <span class='ocrx_word' id='word_1_357' title='bbox 636 3932 793 3979; x_wconf 78' lang='lat' dir='ltr'>Ornat</span> <span class='ocrx_word' id='word_1_358' title='bbox 829 3929 1145 3986; x_wconf 71' lang='lat' dir='ltr'>Helenor-em,</span> <span class='ocrx_word' id='word_1_359' title='bbox 1180 3927 1269 3977; x_wconf 81' lang='lat' dir='ltr'>sed</span> <span class='ocrx_word' id='word_1_360' title='bbox 1306 3926 1414 3974; x_wconf 81' lang='lat' dir='ltr'>Ho-</span> <span class='ocrx_word' id='word_1_361' title='bbox 1481 3926 1599 3976; x_wconf 82' lang='lat' dir='ltr'>dere</span> <span class='ocrx_word' id='word_1_362' title='bbox 1620 3936 1837 3985; x_wconf 80' lang='lat' dir='ltr'>conatur,</span> <span class='ocrx_word' id='word_1_363' title='bbox 1861 3937 1917 3977; x_wconf 84' lang='lat' dir='ltr'>ut</span> <span class='ocrx_word' id='word_1_364' title='bbox 1948 3944 2002 3977; x_wconf 84' lang='lat' dir='ltr'>se</span> <span class='ocrx_word' id='word_1_365' title='bbox 2033 3929 2163 3977; x_wconf 84' lang='lat' dir='ltr'>intra</span> <span class='ocrx_word' id='word_1_366' title='bbox 2184 3931 2355 3978; x_wconf 86' lang='lat' dir='ltr'>urbem</span> <span class='ocrx_word' id='word_1_367' title='bbox 2383 3927 2482 3977; x_wconf 86' lang='lat' dir='ltr'>reci</span> <span class='ocrx_word' id='word_1_368' title='bbox 2517 3928 2601 3977; x_wconf 83' lang='lat' dir='ltr'>iat.</span> 
     </span>
     <span class='ocr_line' id='line_1_45' title="bbox 298 3990 2601 4069; baseline -0.001 -26"><span class='ocrx_word' id='word_1_369' title='bbox 298 3994 423 4043; x_wconf 76' lang='lat' dir='ltr'>meri</span> <span class='ocrx_word' id='word_1_370' title='bbox 448 3994 655 4069; x_wconf 69' lang='lat' dir='ltr'>vestigia</span> <span class='ocrx_word' id='word_1_371' title='bbox 678 3994 861 4057; x_wconf 76' lang='lat' dir='ltr'>legens,</span> <span class='ocrx_word' id='word_1_372' title='bbox 887 3992 1028 4041; x_wconf 71' lang='lat' dir='ltr'>Iliad.</span> <span class='ocrx_word' id='word_1_373' title='bbox 1052 3990 1092 4053; x_wconf 71' lang='grc' dir='ltr'>ζ,</span> <span class='ocrx_word' id='word_1_374' title='bbox 1118 3994 1180 4040; x_wconf 84' lang='grc'>23</span> <span class='ocrx_word' id='word_1_375' title='bbox 1198 4008 1269 4055; x_wconf 80' lang='lat' dir='ltr'>sq.</span> <span class='ocrx_word' id='word_1_376' title='bbox 1305 4000 1413 4038; x_wconf 83' lang='lat' dir='ltr'>tan·-</span> <span class='ocrx_word' id='word_1_377' title='bbox 1482 3992 1563 4040; x_wconf 85' lang='lat' dir='ltr'>Ad</span> <span class='ocrx_word' id='word_1_378' title='bbox 1587 3992 1677 4039; x_wconf 76' lang='lat'>551</span> <span class='ocrx_word' id='word_1_379' title='bbox 1705 4006 1773 4054; x_wconf 88' lang='lat' dir='ltr'>sq.</span> <span class='ocrx_word' id='word_1_380' title='bbox 1808 4006 1914 4041; x_wconf 84' lang='lat' dir='ltr'>com</span> <span class='ocrx_word' id='word_1_381' title='bbox 1951 3992 2160 4041; x_wconf 79' lang='lat' dir='ltr'>arandus</span> <span class='ocrx_word' id='word_1_382' title='bbox 2195 3992 2334 4041; x_wconf 80' lang='lat' dir='ltr'>Iliad.</span> <span class='ocrx_word' id='word_1_383' title='bbox 2367 4012 2416 4051; x_wconf 81' lang='grc' dir='ltr'>μ,</span> <span class='ocrx_word' id='word_1_384' title='bbox 2441 3996 2473 4039; x_wconf 76' lang='lat'><em>4</em></span> <span class='ocrx_word' id='word_1_385' title='bbox 2532 4010 2601 4055; x_wconf 84' lang='lat' dir='ltr'>sq.</span> 
     </span>
     <span class='ocr_line' id='line_1_46' title="bbox 299 4055 2600 4122; baseline -0.001 -15"><span class='ocrx_word' id='word_1_386' title='bbox 299 4072 445 4120; x_wconf 82' lang='lat' dir='ltr'>quam</span> <span class='ocrx_word' id='word_1_387' title='bbox 482 4073 627 4122; x_wconf 76' lang='lat' dir='ltr'>reg-is,</span> <span class='ocrx_word' id='word_1_388' title='bbox 666 4074 757 4107; x_wconf 85' lang='lat' dir='ltr'>seu</span> <span class='ocrx_word' id='word_1_389' title='bbox 790 4057 887 4106; x_wconf 78' lang='lat' dir='ltr'>viri</span> <span class='ocrx_word' id='word_1_390' title='bbox 924 4056 1161 4121; x_wconf 82' lang='lat' dir='ltr'>principis</span> <span class='ocrx_word' id='word_1_391' title='bbox 1202 4055 1415 4119; x_wconf 79' lang='lat' dir='ltr'>Phrygii,</span> <span class='ocrx_word' id='word_1_392' title='bbox 1484 4075 1524 4115; x_wconf 83' lang='lat' dir='ltr'>v,</span> <span class='ocrx_word' id='word_1_393' title='bbox 1555 4056 1648 4103; x_wconf 74' lang='lat'>164</span> <span class='ocrx_word' id='word_1_394' title='bbox 1668 4072 1737 4118; x_wconf 83' lang='lat' dir='ltr'>sq.</span> <span class='ocrx_word' id='word_1_395' title='bbox 1770 4056 1828 4104; x_wconf 82' lang='lat' dir='ltr'>cf.</span> <span class='ocrx_word' id='word_1_396' title='bbox 1865 4056 1918 4104; x_wconf 83' lang='lat' dir='ltr'>in</span> <span class='ocrx_word' id='word_1_397' title='bbox 1981 4055 2066 4115; x_wconf 84' lang='lat' dir='ltr'>xii,</span> <span class='ocrx_word' id='word_1_398' title='bbox 2091 4058 2124 4104; x_wconf 81' lang='lat'><em>4</em></span> <span class='ocrx_word' id='word_1_399' title='bbox 2145 4072 2214 4119; x_wconf 84' lang='lat' dir='ltr'>sq.</span> <span class='ocrx_word' id='word_1_400' title='bbox 2273 4056 2476 4104; x_wconf 81' lang='lat' dir='ltr'>Murum</span> <span class='ocrx_word' id='word_1_401' title='bbox 2507 4056 2600 4105; x_wconf 84' lang='lat' dir='ltr'>hu-</span> 
     </span>
     <span class='ocr_line' id='line_1_47' title="bbox 298 4119 2602 4232; baseline -0.001 -63"><span class='ocrx_word' id='word_1_402' title='bbox 298 4136 391 4232; x_wconf 64' lang='lat' dir='ltr'>ffio</span> <span class='ocrx_word' id='word_1_403' title='bbox 406 4122 790 4185; x_wconf 71' lang='lat' dir='ltr'>qquaeonium</span> <span class='ocrx_word' id='word_1_404' title='bbox 807 4120 991 4169; x_wconf 81' lang='lat' dir='ltr'>dixisse</span> <span class='ocrx_word' id='word_1_405' title='bbox 1006 4120 1214 4177; x_wconf 72' lang='lat' dir='ltr'>videtin,</span> <span class='ocrx_word' id='word_1_406' title='bbox 1234 4136 1261 4168; x_wconf 87' lang='lat' dir='ltr'>e</span> <span class='ocrx_word' id='word_1_407' title='bbox 1278 4134 1419 4169; x_wconf 79' lang='lat' dir='ltr'>serva</span> <span class='ocrx_word' id='word_1_408' title='bbox 1482 4120 1650 4175; x_wconf 60' lang='lat' dir='ltr'>[uilem</span> <span class='ocrx_word' id='word_1_409' title='bbox 1680 4119 1832 4168; x_wconf 79' lang='lat' dir='ltr'>fuisse</span> <span class='ocrx_word' id='word_1_410' title='bbox 1865 4134 2066 4169; x_wconf 78' lang='lat' dir='ltr'>neeesse</span> <span class='ocrx_word' id='word_1_411' title='bbox 2095 4128 2182 4177; x_wconf 82' lang='lat' dir='ltr'>est,</span> <span class='ocrx_word' id='word_1_412' title='bbox 2205 4120 2362 4183; x_wconf 82' lang='lat' dir='ltr'>qualis</span> <span class='ocrx_word' id='word_1_413' title='bbox 2395 4128 2470 4167; x_wconf 84' lang='lat' dir='ltr'>est</span> <span class='ocrx_word' id='word_1_414' title='bbox 2493 4120 2602 4168; x_wconf 82' lang='lat' dir='ltr'>Ho-</span> 
     </span>
    </p>

    <p class='ocr_par' dir='ltr' id='par_1_16' title="bbox 260 4182 2606 4310">
     <span class='ocr_line' id='line_1_48' title="bbox 352 4182 2604 4243; baseline 0 -12"><span class='ocrx_word' id='word_1_415' title='bbox 352 4184 470 4233; x_wconf 88' lang='lat' dir='ltr'>ium.</span> <span class='ocrx_word' id='word_1_416' title='bbox 1486 4182 1697 4231; x_wconf 82' lang='lat' dir='ltr'>mei-icus</span> <span class='ocrx_word' id='word_1_417' title='bbox 1739 4198 1909 4232; x_wconf 86' lang='lat' dir='ltr'>murus</span> <span class='ocrx_word' id='word_1_418' title='bbox 1949 4198 2036 4231; x_wconf 83' lang='lat' dir='ltr'>seu</span> <span class='ocrx_word' id='word_1_419' title='bbox 2069 4183 2248 4231; x_wconf 77' lang='lat' dir='ltr'>vallum</span> <span class='ocrx_word' id='word_1_420' title='bbox 2289 4183 2604 4243; x_wconf 78' lang='lat' dir='ltr'>Achivorum,</span> 
     </span>
     <span class='ocr_line' id='line_1_49' title="bbox 260 4246 2606 4310; baseline -0.001 -12"><span class='ocrx_word' id='word_1_421' title='bbox 260 4257 269 4265; x_wconf 90' lang='lat'>&#39;</span> <span class='ocrx_word' id='word_1_422' title='bbox 368 4248 479 4305; x_wconf 76' lang='lat'>547,</span> <span class='ocrx_word' id='word_1_423' title='bbox 512 4250 621 4296; x_wconf 76' lang='lat'>648.</span> <span class='ocrx_word' id='word_1_424' title='bbox 670 4250 839 4297; x_wconf 65' lang='lat' dir='ltr'>Ventis</span> <span class='ocrx_word' id='word_1_425' title='bbox 869 4251 1039 4295; x_wconf 72' lang='lat' dir='ltr'>armis.-</span> <span class='ocrx_word' id='word_1_426' title='bbox 1072 4262 1180 4309; x_wconf 75' lang='lat' dir='ltr'>quae</span> <span class='ocrx_word' id='word_1_427' title='bbox 1212 4255 1419 4294; x_wconf 71' lang='lat' dir='ltr'>metare</span> <span class='ocrx_word' id='word_1_428' title='bbox 1484 4250 1623 4309; x_wconf 74' lang='lat' dir='ltr'>euius</span> <span class='ocrx_word' id='word_1_429' title='bbox 1661 4247 1839 4310; x_wconf 80' lang='lat' dir='ltr'>pinnas</span> <span class='ocrx_word' id='word_1_430' title='bbox 1877 4246 2128 4310; x_wconf 80' lang='lat' dir='ltr'>Sarpedon</span> <span class='ocrx_word' id='word_1_431' title='bbox 2171 4262 2318 4295; x_wconf 78' lang='lat' dir='ltr'>manu</span> <span class='ocrx_word' id='word_1_432' title='bbox 2360 4247 2606 4306; x_wconf 81' lang='lat' dir='ltr'>convellit,</span> 
     </span>
    </p>
   </div>
   <div class='ocr_carea' id='block_1_14' title="bbox 300 4309 1837 4377">
    <p class='ocr_par' dir='ltr' id='par_1_17' title="bbox 300 4309 1837 4377">
     <span class='ocr_line' id='line_1_50' title="bbox 300 4309 1837 4377; baseline -0.002 -17"><span class='ocrx_word' id='word_1_433' title='bbox 300 4311 517 4360; x_wconf 79' lang='lat' dir='ltr'>nondum</span> <span class='ocrx_word' id='word_1_434' title='bbox 552 4321 718 4375; x_wconf 76' lang='lat' dir='ltr'>posset</span> <span class='ocrx_word' id='word_1_435' title='bbox 750 4320 951 4377; x_wconf 79' lang='lat' dir='ltr'>propter</span> <span class='ocrx_word' id='word_1_436' title='bbox 987 4319 1203 4359; x_wconf 83' lang='lat' dir='ltr'>teneram</span> <span class='ocrx_word' id='word_1_437' title='bbox 1230 4309 1417 4358; x_wconf 74' lang='lat' dir='ltr'>adoles-</span> <span class='ocrx_word' id='word_1_438' title='bbox 1488 4310 1629 4358; x_wconf 80' lang='lat' dir='ltr'>Iliad.</span> <span class='ocrx_word' id='word_1_439' title='bbox 1653 4327 1702 4369; x_wconf 77' lang='grc' dir='ltr'>μ,</span> <span class='ocrx_word' id='word_1_440' title='bbox 1729 4310 1837 4360; x_wconf 86' lang='grc'><strong>397.</strong></span> 
     </span>
    </p>
   </div>
   <div class='ocr_carea' id='block_1_15' title="bbox 298 4374 2607 4501">
    <p class='ocr_par' dir='ltr' id='par_1_18' title="bbox 298 4374 2607 4501">
     <span class='ocr_line' id='line_1_51' title="bbox 298 4374 2607 4439; baseline 0 -16"><span class='ocrx_word' id='word_1_441' title='bbox 298 4376 539 4431; x_wconf 60' lang='lat' dir='ltr'>continu</span> <span class='ocrx_word' id='word_1_442' title='bbox 574 4390 687 4424; x_wconf 83' lang='lat' dir='ltr'>uam</span> <span class='ocrx_word' id='word_1_443' title='bbox 718 4384 825 4424; x_wconf 80' lang='lat' dir='ltr'>erat</span> <span class='ocrx_word' id='word_1_444' title='bbox 848 4378 1109 4437; x_wconf 54' lang='lat' dir='ltr'>primam.</span> <span class='ocrx_word' id='word_1_445' title='bbox 1164 4375 1422 4435; x_wconf 69' lang='lat' dir='ltr'>Parumque</span> <span class='ocrx_word' id='word_1_446' title='bbox 1551 4374 1838 4421; x_wconf 76' lang='lat'><em>558—562.</em></span> <span class='ocrx_word' id='word_1_447' title='bbox 1899 4376 2038 4422; x_wconf 78' lang='lat' dir='ltr'>Tecta</span> <span class='ocrx_word' id='word_1_448' title='bbox 2075 4390 2168 4437; x_wconf 86' lang='lat' dir='ltr'>pro</span> <span class='ocrx_word' id='word_1_449' title='bbox 2203 4374 2316 4422; x_wconf 83' lang='lat' dir='ltr'>valli</span> <span class='ocrx_word' id='word_1_450' title='bbox 2357 4374 2607 4439; x_wconf 84' lang='lat' dir='ltr'>superiore</span> 
     </span>
     <span class='ocr_line' id='line_1_52' title="bbox 302 4436 2606 4501; baseline 0 -15"><span class='ocrx_word' id='word_1_451' title='bbox 302 4442 525 4501; x_wconf 70' lang='lat' dir='ltr'>inglorius</span> <span class='ocrx_word' id='word_1_452' title='bbox 556 4441 677 4486; x_wconf 80' lang='lat' dir='ltr'>alba.</span> <span class='ocrx_word' id='word_1_453' title='bbox 732 4440 941 4495; x_wconf 84' lang='lat' dir='ltr'>Morem,</span> <span class='ocrx_word' id='word_1_454' title='bbox 968 4438 1133 4487; x_wconf 83' lang='lat' dir='ltr'>nescio</span> <span class='ocrx_word' id='word_1_455' title='bbox 1158 4452 1316 4498; x_wconf 82' lang='lat' dir='ltr'>quem,</span> <span class='ocrx_word' id='word_1_456' title='bbox 1341 4452 1417 4485; x_wconf 88' lang='lat' dir='ltr'>re·</span> <span class='ocrx_word' id='word_1_457' title='bbox 1486 4448 1640 4499; x_wconf 79' lang='lat' dir='ltr'>parte,</span> <span class='ocrx_word' id='word_1_458' title='bbox 1667 4447 1721 4485; x_wconf 83' lang='lat' dir='ltr'>ut</span> <span class='ocrx_word' id='word_1_459' title='bbox 1755 4454 1798 4485; x_wconf 81' lang='lat' dir='ltr'>v.</span> <span class='ocrx_word' id='word_1_460' title='bbox 1831 4438 1939 4495; x_wconf 74' lang='lat'><strong>568,</strong></span> <span class='ocrx_word' id='word_1_461' title='bbox 1962 4436 2180 4500; x_wconf 65' lang='lat' dir='ltr'>fastigia.</span> <span class='ocrx_word' id='word_1_462' title='bbox 2243 4438 2375 4487; x_wconf 78' lang='lat' dir='ltr'>Hinc</span> <span class='ocrx_word' id='word_1_463' title='bbox 2403 4443 2606 4499; x_wconf 72' lang='lat' dir='ltr'>penden-</span> 
     </span>
    </p>
   </div>
  </div>
 </body>
</html>
