3050 4934
439 240 568 305 362
1329 236 1863 303 AENEIDOS

300 456 319 461 -
414 453 429 476 ¹,
616 390 712 454 Hi
741 391 1076 475 proprium
1106 391 1308 456 decus
1337 401 1406 455 et
1436 400 1695 475 partum
1722 388 2146 472 indignantur
2174 384 2490 451 honorem

318 440 412 577 θ’
441 494 572 559 230
616 491 710 556 Ni
739 503 1040 570 teneant3
1086 494 1412 577 vitamque
1443 489 1671 556 volunt
1696 511 1821 575 pro
1848 488 2044 553 laude
2068 487 2331 571 pacisci.

396 636 476 681 „f
615 593 762 657 Hos
795 614 1136 657 successus
1169 592 1316 671 alit3
1363 603 1663 678 possunt,
1698 592 1851 675 quia
1878 612 2077 676 posse
2106 589 2433 653 videntur.

619 695 712 757 Et
741 693 876 758 fors
907 695 1180 778 aequatis
1211 695 1543 779 cepissent
1569 693 1839 778 praemia
1866 692 2097 755 rostris
2122 716 2138 769 ;

615 795 733 873 Ni,
757 794 1004 880 palmas
1035 807 1239 879 ponto
1269 796 1545 860 tendens
1576 806 1915 878 utrasque,
1946 791 2309 857 Cloanthus

619 896 1059 981 Fudissetque
1090 918 1345 981 preceS,
1380 898 1697 979 divosque
1726 898 1793 959 in
1823 907 1975 959 vota
2000 892 2333 958 vocasset:

445 1002 574 1065 235
619 999 734 1076 Di,
761 1000 1000 1083 quibus
1030 998 1370 1081 imperium
1399 1007 1500 1061 est
1531 996 1770 1081 pelagi,
1802 1016 2081 1079 quorum
2112 1014 2377 1077 oequora
2404 1012 2628 1068 curr0,

621 1100 832 1165 Vobis
864 1098 1054 1163 loetus
1077 1120 1204 1183 ego
1231 1098 1359 1161 hoc
1387 1100 1776 1162 candentem
1805 1098 1872 1159 in
1896 1094 2115 1161 littore
2144 1106 2405 1159 taurum

625 1202 1034 1265 Constituam
1062 1211 1212 1264 ante
1244 1222 1414 1277 arae,
1445 1200 1581 1263 voti
1608 1221 1785 1276 reus,
1818 1208 2103 1281 extaque
2134 1195 2341 1260 salsos

625 1303 982 1367 Porriciam
1006 1302 1072 1364 in
1101 1300 1365 1378 fluctus,
1397 1312 1466 1365 et
1491 1301 1641 1363 vina
1668 1298 1983 1383 liquentia
2011 1298 2301 1362 fundam.

623 1404 836 1481 Dixit,
863 1425 1140 1486 eumque
1171 1404 1312 1465 imis
1345 1403 1470 1466 sub
1499 1401 1807 1466 fluctibus
1838 1401 2045 1464 audiit
2072 1402 2277 1463 omnis

451 1508 580 1572 240
625 1504 990 1570 Nereidum
1020 1502 1392 1587 Phorcique
1423 1502 1663 1567 chorus
1695 1501 2137 1588 Panopeaque
2166 1502 2384 1586 virg03

626 1608 720 1671 Et
749 1618 938 1691 pater
966 1607 1106 1691 ipse
1138 1626 1332 1669 manu
1359 1626 1597 1689 magna
1626 1603 1959 1668 Portunus
1988 1614 2251 1667 euntem

623 1706 920 1792 Impulit:
967 1706 1074 1771 illa
1103 1706 1289 1772 Noto
1317 1706 1505 1770 citius
1538 1704 1915 1788 volucrique
1948 1706 2189 1789 sagitta

629 1807 741 1873 Ad
773 1818 1014 1872 terram
1041 1806 1231 1891 fugit,
1263 1819 1332 1871 et
1358 1816 1557 1891 portu
1586 1827 1657 1871 se
1688 1806 1981 1870 condidit
2010 1804 2162 1870 alto.

629 1910 806 1975 Tum
837 1920 1016 1973 satus
1047 1906 1362 1985 Anchisa,
1393 1909 1645 1973 cunctis
1675 1930 1761 1971 ex
1788 1930 1967 1971 more
1999 1908 2267 1983 vocatiS,

457 2014 585 2078 245
629 2011 964 2076 Victorem
991 2032 1227 2093 magna
1254 2011 1575 2093 praeconis
1605 2030 1763 2073 voce
1794 2007 2187 2072 Cloanthum

634 2111 970 2188 Declarat,
1000 2111 1317 2194 viridique
1349 2110 1609 2175 advelat
1638 2122 1933 2195 tempora
1960 2109 2145 2174 lauro
2169 2136 2185 2187 ς

633 2212 1046 2295 Muneraque
1076 2212 1144 2275 in
1172 2232 1370 2275 naves
1400 2221 1621 2275 ternos
1656 2222 1884 2295 optare
1904 2212 2245 2295 juvencos,

632 2314 960 2398 Vinaque,
991 2322 1058 2377 et
1087 2313 1344 2397 argenti
1369 2334 1673 2397 magnum
1704 2314 1819 2377 dat
1846 2313 2018 2378 ferre
2048 2312 2381 2377 talentum.

531 2515 804 2565 229—231.
839 2515 1084 2575 Proprium
1103 2516 1240 2562 decus
1257 2513 1304 2560 h.
1327 2512 1358 2560 l.
1379 2522 1436 2561 ut
1453 2512 1588 2571 alias,

465 2598 557 2647 pro
577 2587 719 2645 parta
740 2581 844 2641 jam
875 2588 926 2625 et
955 2586 1127 2642 parata
1148 2578 1365 2625 victoria.
1423 2580 1588 2641 Indig-

465 2654 637 2696 namur
671 2648 721 2691 m·
745 2650 941 2699 teneant,
967 2642 1154 2689 doctior
1179 2640 1335 2689 forma
1361 2657 1520 2703 quam,
1544 2658 1592 2689 se

466 2728 562 2769 noa
583 2717 747 2764 tenere,
776 2710 867 2754 sibi
899 2710 1032 2768 eripi.
1093 2706 1174 2753 Sic
1191 2704 1263 2763 ἐἰ,
1297 2704 1340 2753 el
1366 2704 1446 2765 μή.
1493 2708 1590 2753 Ρα-

466 2778 579 2823 eieci
609 2771 850 2835 exquisite
921 2786 989 2829 ro,
1021 2769 1241 2827 reddere,
1278 2768 1589 2833 impendere3

467 2854 532 2887 ex
561 2836 836 2900 vulgatiora
869 2787 1103 2883 AErmula:
1141 2834 1382 2883 redimere
1413 2833 1594 2882 famam

469 2902 818 2967 sempiternam
853 2909 1024 2948 morte.
1083 2900 1294 2955 Possunt,
1327 2901 1436 2960 quia
1461 2916 1594 2960 posse

468 2970 681 3016 videntur
715 2964 776 3013 ad
813 2964 1040 3011 fiduciam
1082 2961 1374 3010 certantium
1409 2962 1594 3011 referre

469 3031 664 3079 malim:
703 3028 920 3076 efficiunt
949 3027 1000 3073 id
1025 3026 1161 3137 quod
1191 3026 1350 3075 facere
1381 3027 1596 3084 student,

473 3110 561 3144 seu
595 3094 647 3141 in
681 3108 740 3139 eo
773 3099 889 3139 sunt
921 3099 975 3138 ut
1007 3091 1024 3137 i
1093 3090 1330 3147 efficiant3
1367 3090 1597 3153 quoniam

475 3158 570 3208 sibi
591 3156 821 3203 videntur
843 3154 894 3202 id
914 3153 1104 3202 efficere
1127 3170 1284 3217 posse.
1393 3210 1418 3225 s

538 3221 811 3270 232—238.
857 3218 1038 3267 Lineas
1070 3234 1098 3265 a
1135 3218 1200 3265 ud
1237 3219 1386 3267 Hom.
1427 3220 1599 3269 ductas

472 3286 600 3343 vide,
629 3283 768 3333 Iliad.
792 3293 843 3345 φ,
869 3282 963 3333 769
987 3298 1055 3346 sq.
1077 3299 1109 3331 u
1145 3283 1160 3330 i
1187 3284 1387 3347 Ulysses
1409 3284 1462 3332 in
1484 3300 1596 3333 cur-

473 3367 558 3401 sus
575 3347 842 3398 certamine
859 3346 1085 3396 similiter
1103 3356 1215 3395 vota
1237 3348 1363 3397 facit.
1409 3352 1601 3397 Palmae

472 3424 692 3477 utraeque
725 3412 939 3475 antique,
973 3427 1064 3476 pro
1106 3415 1306 3473 palmam
1345 3422 1597 3475 ueramque.

474 3484 616 3530 Divos
639 3482 688 3525 in
709 3486 812 3527 vota
833 3494 992 3526 vocare
1015 3476 1062 3523 vi
1087 3492 1204 3525 sane
1220 3490 1271 3525 et
1291 3493 1440 3525 sensu
1467 3478 1599 3526 idem

473 3560 581 3594 esse
603 3545 750 3592 debet
768 3559 824 3591 ac
844 3545 950 3591 deos
971 3545 1086 3589 votis
1101 3558 1274 3599 vocare,
1295 3542 1342 3589 h.
1377 3558 1418 3590 e.
1453 3542 1593 3591 invo-

474 3624 612 3665 care3
649 3608 737 3656 sed
759 3607 942 3656 dictum
974 3605 1230 3668 exquisite,
1255 3616 1313 3653 ut
1341 3611 1391 3654 in
1415 3615 1598 3669 partem

467 3676 760 3736 predamque
792 3688 964 3729 vocare,
997 3670 1066 3728 iii,
1107 3673 1216 3729 222,
1254 3680 1304 3718 et
1336 3686 1412 3735 ap.
1450 3671 1595 3719 ovid.

477 3739 610 3787 Fast.
631 3753 675 3795 v,
699 3735 808 3792 527,
821 3736 1016 3798 juratus
1037 3739 1162 3783 vobis
1179 3739 1228 3782 in
1251 3738 1389 3783 verba
1409 3740 1595 3783 vocatis.

476 3804 608 3851 Nam
629 3805 745 3849 votis
767 3810 844 3848 est
863 3799 994 3847 idern
1017 3814 1073 3846 ac
1098 3814 1270 3847 vocare
1301 3799 1364 3846 ad
1387 3809 1512 3856 vota,
1534 3800 1597 3849 ad

476 3883 534 3915 ea
569 3882 676 3930 quae
713 3873 965 3913 voventur.
1013 3865 1116 3911 Voti
1151 3880 1270 3921 reus,
1308 3863 1379 3912 uti
1419 3864 1523 3912 Ecl.
1550 3880 1595 3923 v,

477 3935 554 3989 80,
592 3932 805 3978 damnari
839 3931 969 3984 votis,
1011 3926 1240 3990 quoniam
1281 3936 1384 3977 vota
1425 3931 1596 3988 deberi,

473 4000 602 4053 solvi,
636 3995 880 4043 dicuntur.
936 3994 1177 4040 Pom-icere
1209 4008 1311 4040 voc.
1349 4008 1597 4041 sacrorum

475 4060 742 4126 proprium.
800 4060 1050 4120 Liquentia
1063 4066 1218 4115 ornat,
1237 4066 1294 4105 ut
1310 4072 1440 4120 saepe
1460 4060 1599 4117 liqut·-

480 4129 586 4174 dum
607 4125 660 4172 in
683 4140 819 4186 aqua,
839 4126 1011 4179 humor,
1021 4118 1146 4183 som.

545 4190 818 4236 240—243.
855 4188 1079 4235 Phorcum
1103 4182 1303 4246 (Φόρκυς
1323 4193 1374 4233 et
1401 4181 1602 4247 Φόρκυς)

480 4252 626 4301 Ponti
644 4261 692 4299 et
704 4252 872 4299 Terrae
884 4250 1054 4307 filium,
1069 4249 1222 4297 Nerei
1230 4250 1443 4307 fratrem,
1456 4264 1602 4313 posu-

477 4318 580 4367 isse
594 4315 788 4363 videtur
803 4323 962 4378 poeta,
979 4328 1090 4361 cum
1105 4313 1304 4362 omnino
1316 4314 1438 4362 deus
1455 4314 1601 4362 mari-

481 4398 574 4432 nus
588 4388 720 4429 esset
732 4377 1068 4435 nominandus,
1079 4378 1158 4425 cui
1171 4379 1392 4426 subesset
1399 4378 1604 4430 deorum

1655 2513 1955 2562 marinorum
1968 2528 2025 2560 ac
2042 2512 2303 2562 Tritonum
2316 2513 2497 2562 chorus
2511 2522 2563 2562 et
2579 2529 2753 2578 agmen
2772 2533 2789 2562 ε

1656 2576 1716 2625 cf.
1750 2576 1835 2625 inf.
1863 2579 1973 2635 823,
1994 2580 2103 2625 824.
2162 2580 2383 2640 Panopen
2402 2578 2481 2627 vel
2503 2581 2785 2641 Panopen,

1657 2656 1805 2690 unam
1858 2657 1920 2689 ex
1966 2641 2263 2691 Nereidibus
2306 2642 2559 2705 sigillatim
2602 2644 2787 2707 posuit,

1659 2706 1782 2753 forte
1817 2716 2046 2769 tanquam
2080 2722 2143 2755 ex
2182 2706 2443 2772 precipuis
2490 2722 2671 2756 unam:
2728 2718 2789 2755 ut

1657 2785 1764 2833 sup.
1800 2769 1833 2829 i,
1868 2772 1975 2829 144,
2016 2772 2300 2832 Cymothoen.
2367 2774 2626 2821 Portunum
2660 2774 2789 2821 bene

1658 2844 1909 2893 memorat,
1943 2845 2173 2897 tanquam
2212 2843 2357 2899 poeta
2395 2836 2663 2895 Romanus,
2701 2836 2789 2900 qui

1658 2898 1845 2947 Graecis
1890 2907 1964 2947 est
2024 2899 2284 2957 Palaemon,
2332 2900 2447 2948 olim
2507 2901 2785 2949 Melicerta.

1664 2964 1787 3011 Erat
1810 2966 1948 3011 Inous
1978 2962 2260 3012 Melicertes
2289 2966 2410 3013 Geo.
2440 2964 2473 3022 i,
2498 2965 2611 3015 437.
2656 2966 2789 3013 Cum

1663 3028 1801 3076 clave
1824 3044 1935 3076 eum
1962 3027 2111 3077 fuisse
2140 3028 2412 3077 exhibitum
2444 3028 2626 3093 legitur
2656 3030 2793 3094 apud

1666 3092 1881 3141 Festum.
1932 3093 2079 3140 Pater
2096 3108 2354 3141 commune
2370 3092 2574 3141 deorum
2592 3109 2790 3152 nomen,

1662 3156 1813 3205 etiam
1836 3156 1919 3220 qui
1934 3156 2145 3219 juvenili
2180 3166 2323 3206 aetate
2356 3157 2579 3206 exhiberi
2610 3158 2789 3217 solent,

1663 3230 1718 3269 at
1738 3223 1951 3269 Bacchus
1976 3230 2125 3282 pater.
2179 3224 2370 3283 Impulit
2402 3238 2559 3271 navem
2590 3232 2650 3270 ut
2680 3238 2790 3287 sup.

1664 3285 1746 3335 lib.
1764 3286 1796 3344 i,
1818 3288 1925 3343 144,
1952 3286 2058 3343 145,
2074 3286 2127 3333 in
2144 3295 2433 3351 tempestate
2452 3302 2603 3335 naves
2618 3287 2793 3351 ija-

1666 3366 1845 3463 32³2?
1867 3350 2522 3463 ⁸⁰E¹3ss¹¹22ffi¹¹ssssffiuffy
2520 3352 2665 3464 1¹:13?
2664 3362 2797 3465 {⁹223

1662 3482 2415 3599 gffleiatsermiiimhldffiinellsatlt‘
2459 3496 2794 3593 memoraffis

1662 3608 1867 3664 effectio,
1906 3610 1991 3654 illa
2020 3610 2143 3655 Noto
2178 3610 2317 3655 citius
2334 3610 2415 3656 Aa
2448 3616 2623 3657 terram
2639 3606 2789 3685 ,fug-it.

1664 3674 1809 3746 Ρρνιιι
1842 3688 1889 3719 se
1924 3674 2131 3719 condidit
2160 3674 2269 3731 alto,
2295 3681 2464 3721 ornate
2496 3688 2603 3737 pro,
2638 3684 2793 3722 intra·

1664 3746 1749 3784 vit.

1728 3802 2017 3849 244—248.
2076 3804 2153 3849 Ex
2196 3818 2331 3861 more,
2377 3810 2511 3850 certe
2564 3802 2793 3853 ludorum

1662 3865 2011 3929 gymnicorum.
2069 3868 2269 3914 Advolat
2282 3874 2339 3914 ut
2356 3865 2647 3929 exquisitior
2668 3878 2799 3917 esset

1664 3930 1819 3979 oratio
1838 3945 1928 3994 pro
1948 3934 2084 3988 velat,
2108 3928 2431 3979 ἐπικαλύπτει
2478 3934 2584 3979 Dat
2604 3941 2795 3994 opem.-

1663 3994 1723 4042 cf.
1750 4010 1856 4058 sup.
1880 3994 1911 4050 i,
1938 3996 2049 4051 425,
2075 4004 2129 4043 ut
2152 3994 2338 4057 eligant
2372 4010 2427 4043 ac
2458 3994 2687 4045 dividant
2716 3997 2793 4045 in·

1668 4066 1744 4106 ter
1778 4073 1941 4105 naves.
1998 4061 2222 4122 Magnum
2252 4062 2487 4115 talentum,
2526 4075 2629 4108 non
2662 4077 2793 4109 com-

1668 4122 1901 4185 parative,
1926 4122 2154 4185 quoniam
2187 4126 2344 4184 majus
2377 4132 2429 4171 et
2450 4122 2615 4173 minus
2640 4126 2794 4173 talen-

1671 4196 1775 4234 tum
1798 4185 1916 4241 fuit3
1953 4202 2067 4234 nam
2102 4188 2193 4234 hoc
2234 4196 2285 4234 et
2316 4187 2476 4235 serius
2498 4198 2553 4235 et
2569 4190 2798 4239 subtilius

1670 4266 1816 4313 quam
1838 4266 1929 4325 Pro
1949 4262 2121 4314 poeta3
2158 4250 2244 4299 sed
2262 4266 2355 4316 per
2376 4267 2445 4309 se,
2468 4252 2599 4314 quod
2622 4255 2801 4303 multas

1670 4315 1827 4363 minas
1850 4326 1979 4363 intra
1997 4330 2051 4363 se
2072 4315 2319 4373 continet3
2345 4326 2401 4364 ut
2422 4334 2616 4380 magnus
2636 4335 2798 4377 anus,

1668 4382 1833 4427 mensis
1855 4388 1945 4427 etc.
