3050 4934
475 216 564 280 44

1299 215 1949 280 BUCOLICON

643 364 823 431 Inter
852 367 1148 431 victrices
1179 365 1492 430 hederam
1521 365 1640 429 tibi
1670 387 1935 450 serpere
1966 364 2207 428 lauros.

725 467 994 552 Frigida
1021 468 1130 532 vix
1159 467 1326 532 coelo
1349 467 1559 531 noetis
1593 467 1970 531 decesserat
1997 467 2251 542 umbra,

519 570 597 632 15
643 566 809 632 Cum
838 591 946 632 ros
975 568 1038 631 in
1073 580 1298 632 tenera
1325 568 1549 653 pecori
1579 569 1985 652 gratissimus
2006 566 2261 643 ’herba3

641 670 1031 734 Incumbens
1063 671 1255 734 tereti
1285 670 1551 736 Damon
1582 671 1673 734 sic
1703 671 1904 754 coepit
1935 667 2153 732 olivae:

640 770 832 835 ΒΑΜ.
871 771 1192 848 Nascere,
1225 794 1494 856 praeque
1524 772 1697 835 diem
1727 772 1989 834 veniens
2021 791 2167 854 age,
2195 767 2486 846 Lucifer,
2512 766 2755 832 almum
2780 793 2799 844 3

643 871 961 956 Conjugis
991 872 1260 956 indigno
1291 871 1477 936 Nisae
1508 873 1827 957 deceptus
1860 894 2077 936 amore

643 973 824 1038 Dum
855 995 1117 1057 queror,
1148 984 1217 1038 et
1247 973 1454 1050 divos,
1489 995 1861 1058 quanquam
1892 972 1981 1036 nil
2011 973 2288 1036 testibus
2316 970 2440 1035 illis

513 1076 601 1138 20
644 1074 927 1152 Profeci,
955 1085 1251 1138 extrema
1279 1076 1560 1139 moriens
1592 1085 1808 1138 tamen
1840 1073 2135 1158 alloquor
2163 1071 2347 1136 hora.

638 1175 863 1260 Incipe
896 1173 1242 1240 Maenalios
1267 1197 1544 1251 mecum,
1574 1198 1717 1240 mea
1748 1177 1926 1252 tibia,
1960 1197 2211 1239 versus.

642 1277 968 1342 Maenalus
997 1287 1431 1360 argutumque
1459 1298 1687 1340 nemus
1718 1278 2037 1360 pinosque
2068 1274 2411 1359 loquentes

644 1378 918 1462 Semper
949 1377 1185 1452 habet3
1235 1399 1492 1461 semper
1521 1389 1859 1462 pastorum
1886 1377 1993 1440 ille
2024 1377 2208 1440 audit
2234 1398 2507 1454 amores,

643 1479 978 1563 Panaque,
1011 1480 1122 1563 qui
1154 1480 1399 1563 primus
1429 1477 1708 1543 calamos
1741 1502 1873 1544 non
1900 1501 2135 1563 passus
2166 1478 2430 1542 inertes-

509 1581 594 1645 25
639 1579 861 1665 Incipe
895 1579 1238 1644 Maenalios
1267 1602 1543 1657 mecum,
1574 1601 1719 1646 mea
1750 1581 1931 1656 tibia,
1960 1601 2213 1644 versus.

639 1681 884 1766 Mopso
914 1681 1083 1745 Nisa
1111 1681 1342 1746 datur:
1391 1682 1551 1766 quid
1581 1704 1711 1746 non
1742 1703 2077 1766 speremus
2106 1682 2439 1746 amantes?

638 1782 1015 1867 «Iungentur
1034 1783 1171 1867 jam
1201 1781 1490 1867 gryphes
1523 1784 1710 1867 equis
1738 1810 1754 1860 3
1800 1805 2071 1867 aevoque
2100 1783 2399 1866 sequenti

639 1884 807 1949 Cum
831 1885 1101 1949 canibus
1135 1885 1338 1948 timidi
1369 1885 1631 1948 venient
1660 1885 1745 1948 ad
1778 1884 2011 1969 pocula
2041 1885 2273 1948 damae.

643 1985 908 2069 Mopse,
941 2007 1140 2048 novas
1171 1985 1384 2050 incide
1413 1984 1589 2049 faces
1614 2010 1628 2048 ι

1678 1986 1796 2049 tibi
1826 1987 2089 2050 ducitur
2118 2008 2307 2050 uxor.

511 2088 598 2152 30
642 2087 919 2171 Sparge,
951 2087 1202 2162 marite,
1235 2107 1473 2150 nuces:
1522 2087 1641 2150 tibi
1672 2087 1918 2151 deserit
1949 2087 2295 2171 Hesperus
2328 2087 2585 2154 OEtam.

566 2275 639 2320 16.
708 2276 976 2322 Ιηαιηιὸεηε
996 2300 1062 2309 -
1084 2277 1244 2328 οἱίυω,·
1311 2275 1590 2333 wartonus,

465 2341 650 2402 against
695 2355 756 2386 an
797 2341 952 2386 olive’s
999 2342 1137 2386 trunk
1181 2341 1376 2386 reclin’d
1388 2359 1405 2392 ,-
1461 2339 1594 2386 hunc

465 2402 598 2452 enim
659 2401 911 2451 moerentis
965 2402 1178 2451 hominis
1232 2411 1412 2451 statum
1467 2417 1590 2451 esse.

465 2467 622 2516 Recte
661 2481 792 2524 vero,
827 2467 974 2514 modo
1011 2483 1128 2522 usus
1162 2467 1392 2530 loquendi
1425 2467 1590 2526 ferret,

461 2541 521 2580 ut
562 2534 818 2580 incumbere
869 2535 1026 2580 arbori
1073 2531 1318 2580 diceretur
1361 2531 1444 2594 qui
1489 2535 1596 2594 ejus

465 2605 639 2645 trunco
661 2595 862 2644 acclinis
885 2605 982 2644 stat
1003 2596 1080 2644 vel
1103 2595 1370 2651 recumbit3
1400 2605 1452 2644 et
1471 2596 1591 2644 alie-

465 2675 586 2708 num
609 2669 713 2708 tum
739 2660 994 2724 epitheton
1021 2663 1168 2708 tereti.
1239 2660 1338 2708 Sed
1355 2675 1446 2708 nec
1469 2660 1591 2708 alte·

465 2740 575 2772 rum
613 2725 864 2781 absonum,
905 2733 962 2772 ut
999 2733 1098 2772 stet
1129 2733 1296 2788 pastor
1325 2724 1472 2772 nixus
1505 2725 1591 2772 ba-

463 2783 601 2844 culoz
638 2796 690 2836 et
710 2789 911 2837 baculus
934 2788 1217 2851 oleagineus
1239 2803 1302 2836 ex
1323 2803 1472 2836 more.

533 2853 608 2910 17,
633 2854 706 2900 18.
741 2855 935 2914 Praeque
954 2856 1073 2901 diem
1089 2871 1105 2899 .·
1133 2853 1438 2916 preveniens
1459 2851 1591 2901 diem

462 2932 566 2980 age,
601 2932 638 2965 s.
672 2915 844 2965 adduc.
874 2917 988 2966 AEn.
1015 2916 1066 2974 ii,
1094 2919 1202 2974 801,
1239 2920 1432 2979 Jamque
1453 2918 1592 2980 jugie

462 2997 644 3030 suma
675 2983 896 3044 surgebat
925 2980 1116 3044 Lucifer
1147 2984 1264 3039 Ida,
1297 2984 1593 3044 Duoebatque

462 3049 596 3093 diem.
665 3044 909 3108 Vigilarat
932 3061 1049 3094 vero
1071 3055 1266 3094 noctem
1287 3045 1436 3093 miser
1456 3061 1591 3094 ama-

461 3119 553 3158 tor.
609 3110 841 3172 Coniugis,
865 3109 1024 3184 simpl.
1049 3109 1245 3158 amiciet
1277 3110 1336 3157 cf.
1362 3109 1473 3157 infr.
1499 3111 1589 3165 663

462 3173 570 3222 Ecl.
594 3173 658 3230 vi,
682 3176 772 3229 523
811 3174 926 3222 AEn.
953 3189 1016 3232 iv,
1043 3175 1151 3221 536.
1207 3177 1404 3236 Indigno
1425 3191 1590 3232 maore,

461 3238 509 3285 h.
541 3237 746 3301 perfido,
770 3252 866 3300 quo
887 3240 993 3299 eJus
1019 3238 1142 3285 fides
1168 3238 1318 3301 dig-na
1335 3253 1434 3287 non
1457 3248 1589 3295 erat3

463 3302 682 3364 adeoque
703 3317 793 3365 pro
813 3301 992 3365 puellae
1011 3302 1230 3366 perfidia,

533 3367 606 3415 19.
648 3368 858 3414 Testibus
888 3369 1000 3424 iuis,
1019 3367 1082 3414 ab
1107 3367 1276 3425 amica,
1299 3367 1438 3424 Nisa,
1461 3383 1593 3441 saepe

461 3429 616 3478 arnori
656 3428 880 3478 testando
915 3441 1003 3478 ant
1033 3431 1352 3493 jurejurando
1391 3441 1589 3480 vocatis.

461 3497 694 3558 Alloquor,
717 3495 974 3544 incusandi
997 3511 1084 3543 eos
1099 3511 1256 3544 causa.

529 3561 605 3609 21.
641 3560 829 3608 Versus
848 3559 1168 3619 intercalaris,
1187 3560 1249 3608 ad
1267 3559 1591 3609 imitationem

463 3623 668 3672 Theocr.
707 3625 739 3682 i,
775 3624 866 3680 643
912 3624 962 3684 ii,
1000 3626 1057 3675 17
1091 3635 1182 3674 etc.
1219 3625 1401 3674 factus:
1445 3625 1498 3672 in
1531 3640 1590 3672 eo

463 3687 822 3753 interponendo
861 3704 960 3738 non
999 3699 1186 3738 certum
1227 3705 1456 3739 versuum
1495 3705 1587 3738 nu-

463 3767 655 3802 merum
693 3761 858 3802 servat
895 3755 1050 3802 Maro.
1141 3757 1398 3812 Menalios,
1434 3753 1588 3802 intell.

464 3816 745 3875 Arcadicos,
764 3817 1058 3892 pastorium,
1080 3818 1248 3880 quales
1271 3834 1296 3865 a
1315 3817 1593 3881 pastoribus

463 3881 574 3930 cani
613 3882 744 3930 soliti
775 3897 826 3930 in
866 3890 1031 3929 monte
1067 3881 1306 3939 Arcadiae,
1347 3881 1589 3936 Moenalm

461 3945 594 3992 unde
617 3962 718 4009 sqq.
743 3963 913 3996 versus
941 3948 1134 3995 22-24
1155 3946 1364 4007 subjicit,
1389 3961 1502 3994 nam
1538 3946 1589 3993 in

466 4007 681 4056 Maenalo
716 4011 846 4060 inter
883 4011 1052 4076 pineta
1088 4019 1338 4074 pastorum
1373 4009 1592 4058 camina

465 4070 716 4135 ipsiusque
739 4075 888 4123 Panis
911 4075 1106 4125 assiduo
1127 4074 1406 4124 audiuntur.

531 4138 736 4186 22—24.
771 4141 996 4201 Pinosque
1028 4143 1266 4202 loquentes,
1301 4138 1430 4187 idem
1462 4140 1591 4202 quod

463 4209 658 4264 argnaeae,
678 4211 826 4250 vento
841 4219 1055 4253 sonorae:
1089 4205 1148 4253 cf.
1169 4205 1274 4252 Ecl.
1293 4203 1376 4263 vii,
1404 4205 1424 4251 1
1445 4224 1457 4260 ς
1486 4217 1585 4262 aut,

462 4265 592 4326 quod
611 4281 724 4313 cum
743 4265 916 4315 Servio
937 4269 1112 4318 melius
1129 4279 1328 4327 statuas,
1351 4285 1585 4318 resonan-

463 4339 538 4376 tes
569 4339 730 4378 cantu.
807 4333 914 4380 Non
941 4349 1107 4392 passus
1138 4338 1308 4383 inertes
1343 4350 1465 4392 esse,
1501 4335 1587 4384 sed

461 4409 691 4452 canorem
743 4395 871 4458 quod
913 4395 1019 4445 Ecl.
1056 4397 1106 4453 ii,
1154 4401 1231 4456 32,
1271 4401 1374 4448 Pan
1408 4403 1589 4462 primus

1658 2279 1853 2324 calamos
1895 2292 2000 2323 cera
2046 2275 2315 2338 conjungere
2352 2279 2512 2338 plures
2555 2280 2793 2328 Instituit.

1659 2340 1806 2388 Color
1827 2339 1957 2388 idem
1980 2341 2101 2387 Geo.
2126 2339 2159 2397 i,
2189 2341 2294 2387 124.

1724 2405 1799 2452 26.
1840 2407 1966 2457 Quid
1986 2421 2072 2452 non
2090 2421 2320 2466 speremus
2340 2412 2559 2462 amantes,
2582 2421 2649 2454 sc.
2678 2407 2797 2456 fieri

1657 2472 1835 2533 posse?
1882 2467 2007 2516 nihil
2048 2483 2148 2516 non
2186 2483 2317 2516 nunc
2356 2479 2615 2533 expectare
2654 2469 2793 2520 licet.

1664 2536 1829 2581 Omnia
1852 2550 1971 2580 nunc
1989 2536 2120 2592 fient,
2137 2536 2249 2593 fieri
2272 2549 2372 2594 qm
2391 2550 2523 2594 poue
2552 2551 2796 2596 negaran-

1660 2600 1856 2658 Sperare
1876 2596 2093 2659 generali
2120 2596 2335 2655 notione,
2360 2606 2417 2646 ut
2436 2596 2667 2648 ἕλκεσθαι
2696 2615 2793 2663 pro

1660 2661 1851 2710 οἴεσθαι.
1922 2661 2069 2709 Dicta
2090 2661 2193 2708 baec
2222 2677 2335 2710 cum
2368 2661 2707 2724 indignatione
2738 2673 2793 2712 et

1659 2724 1825 2774 dolore
1848 2725 2004 2774 videri
2030 2735 2251 2788 possunt,
2276 2735 2332 2775 ut
2363 2725 2448 2774 illa
2465 2743 2509 2775 v.
2534 2729 2611 2786 30,
2636 2719 2791 2778 etiam

1658 2805 1771 2838 oum
1790 2805 2049 2838 sarcasmo.

1723 2855 1801 2912 27,
1834 2857 1910 2902 28.
1946 2857 2209 2918 Iungentur
2238 2871 2418 2904 amore.
2484 2855 2632 2904 Color
2662 2855 2783 2906 duc-

1658 2927 1737 2967 tus
1768 2935 1795 2966 e
1822 2919 2027 2967 Theocr.
2066 2919 2097 2977 i,
2133 2921 2225 2967 132
2246 2935 2347 2982 sqq.
2402 2923 2611 2982 Gryphec
2638 2931 2791 2985 poeta

1658 2998 1787 3031 novo
1818 2982 2045 3046 exemplo
2076 2983 2299 3041 induxit3
2340 2985 2611 3034 fabulosum
2644 3001 2786 3034 mon-

1658 3057 1813 3096 strum
1850 3063 1911 3095 ex
1946 3047 2265 3112 hieroglypho
2300 3049 2515 3107 ductum,
2556 3049 2687 3112 quod
2724 3050 2791 3098 ad

1658 3111 1941 3175 Apollinem
1957 3113 2223 3175 spectabat.
2254 3115 2374 3162 AEvo
2388 3118 2607 3175 sequenti,
2622 3113 2787 3178 simpl.

1657 3175 1711 3224 in
1732 3187 1999 3240 posterum.
2066 3179 2147 3225 Aa
2162 3180 2341 3238 pocula,
2365 3177 2427 3225 ad
2448 3187 2634 3252 potum.

1724 3243 1801 3299 29,
1828 3243 1903 3288 30.
1938 3243 2095 3289 Novae
2116 3241 2426 3303 ineidefaces,
2446 3241 2614 3290 incisis
2636 3243 2791 3307 lignis

1656 3305 2803 3447 {rffifflffitrmfflffis

1658 3443 1747 3480 ter.
1814 3437 2006 3496 Sparge,
2041 3438 2221 3493 marite,
2256 3451 2406 3494 nuces,
2441 3434 2526 3496 qui
2553 3446 2789 3500 antiquus

1655 3496 1708 3544 in
1728 3497 1914 3561 nuptiis
1932 3499 2266 3547 Romanorum
2287 3515 2394 3548 mos
2416 3507 2547 3557 eran
2574 3515 2791 3564 eumque

1657 3562 1778 3610 adeo
1810 3571 1957 3626 poeta
1988 3563 2049 3612 ad
2082 3573 2332 3627 pastorum
2367 3563 2520 3612 vitam
2550 3565 2786 3615 traduxit.

1657 3627 2021 3692 spargebantur
2050 3637 2215 3676 autem
2246 3644 2397 3678 nuces
2426 3639 2581 3693 nupta
2602 3632 2707 3692 jam
2730 3631 2789 3680 in

1656 3692 1854 3740 domum
1898 3701 1949 3740 et
1992 3693 2257 3742 thalamum
2300 3693 2523 3751 deducta,
2566 3693 2789 3756 adeoque

1658 3765 1799 3805 nocte
1824 3759 1927 3818 jam
1958 3767 2090 3805 orta:
2128 3773 2273 3820 quam
2296 3756 2461 3822 sponsi
2493 3757 2547 3806 in
2576 3758 2794 3821 gratiam

1657 3821 1801 3868 solito
1834 3821 1979 3869 citius
2009 3821 2125 3868 oriri
2156 3821 2251 3877 ait;
2286 3823 2379 3870 hoc
2406 3821 2537 3870 enim
2570 3832 2658 3881 est,
2694 3827 2794 3872 tibi

1658 3887 1829 3932 deserit
1856 3888 2093 3945 Hesperus
2126 3889 2295 3934 OEtam.
2368 3887 2541 3950 Itaque
2572 3887 2625 3934 in
2655 3889 2791 3938 votis

1657 3963 1795 4060 ‘iim‘
1829 3949 2286 4062 ἓῗῗῃῗηὲἰῖρῖἕὲῗ
2308 3951 2793 4074 ἓῗεωῆῗοέωυὶἳῗ

1656 4079 1719 4125 ab
1810 4087 1860 4125 ta
1886 4078 2143 4141 Hesperus
2165 4078 2282 4126 oriri
2312 4079 2507 4138 dicitur,
2530 4081 2591 4128 ab
2620 4032 2793 4142 aiiquo

1656 4150 1802 4206 poeta
1843 4143 2016 4190 Groeco
2061 4142 2275 4202 ductum,
2322 4143 2405 4207 qui
2444 4155 2530 4192 aut
2568 4145 2619 4192 in
2662 4145 2789 4196 locis

1654 4205 1829 4256 OEtaeis
1858 4206 2105 4256 montibus
2134 4207 2366 4270 subjectis
2394 4207 2533 4266 vixit,
2562 4219 2649 4258 aut
2678 4225 2789 4260 rem

1654 4270 1705 4318 in
1729 4271 1789 4320 iis
1815 4271 1936 4320 locis
1953 4281 2155 4335 gestam,
2180 4272 2221 4321 si
2242 4283 2375 4322 reete
2396 4273 2617 4334 conjicio,
2646 4275 2788 4324 Pelei

1654 4345 1703 4384 et
1726 4335 1951 4386 Thetidis
1972 4337 2181 4402 nuptias,
2206 4337 2421 4386 narravit
2434 4355 2455 4397 ςι
2478 4337 2593 4386 inde
2616 4339 2707 4387 hoc
2730 4339 2787 4390 in

1653 4401 1923 4452 sollennem
1952 4411 2209 4466 poetarum
2236 4418 2377 4452 usum
2401 4417 2595 4452 versum
2620 4413 2711 4462 est,
2732 4415 2789 4458 et
