3050 4934
1059 304 1506 372 ECLOGA
1552 305 1733 372 VII.

2468 301 2549 363 37

407 454 570 534 Aut,
601 467 674 521 ut
701 466 983 520 mutatos
1014 456 1216 522 Terei
1245 457 1605 522 narraverit
1636 467 1855 534 artus3

409 557 597 629 Quas
628 557 716 622 illi
747 556 1106 621 Philomela
1137 558 1366 641 dapeS,
1399 581 1547 642 quae
1576 559 1750 622 dona
1778 553 2045 641 pararit,

273 657 367 720 80
409 657 566 730 Quo
597 680 792 722 cursu
824 658 1088 721 deserta
1117 659 1443 742 petiverit,
1474 669 1543 722 et
1571 659 1808 743 quibus
1839 667 1989 721 ante

413 757 648 822 Infelix
679 781 798 821 sua
829 768 1002 822 tecta
1029 757 1593 841 supervolitaverit
1620 758 1782 822 alis?

499 857 736 922 Omnia
763 881 934 942 quae,
964 857 1226 922 Phoebo
1254 858 1585 942 quondam
1613 859 1989 934 meditante,
2020 859 2252 922 beatus

365 1039 376 1052 ι
412 955 646 1021 Audiit
677 957 992 1036 Eurotas,
1014 958 1344 1042 jussitque
1375 958 1668 1022 ediscere
1698 957 1942 1034 laur08‚

409 1057 528 1122 Ille
558 1059 766 1134 canit3
810 1057 1019 1142 pulsae
1047 1059 1341 1122 referunt
1369 1059 1454 1123 ad
1487 1060 1704 1123 sidera
1731 1059 1967 1122 valles:

279 1159 365 1222 85
409 1159 664 1242 Cogere
694 1159 904 1222 donec
934 1180 1087 1222 oves
1119 1158 1416 1236 stabuIiS,
1449 1181 1917 1244 numerumque
1948 1158 2191 1224 referre

410 1249 646 1336 J'ussit,
678 1270 746 1322 et
774 1259 974 1322 invito
1004 1260 1326 1343 processit
1355 1259 1618 1345 Vesper
1649 1259 1954 1344 Olympo.

238 1477 428 1510 morare
457 1461 612 1510 Sileni
633 1458 864 1509 carminis
885 1471 1240 1523 argumentum,
1267 1476 1366 1509 non

241 1527 369 1573 Galli
411 1541 668 1580 versutum
717 1525 971 1573 brevitatis
1008 1535 1170 1574 autem
1204 1525 1366 1574 studio

237 1589 446 1638 strictim
470 1597 660 1636 tantum
687 1588 874 1636 tabulas
899 1597 1166 1652 percenset.
1234 1589 1368 1644 Quid

241 1653 423 1714 loquar,
447 1663 504 1700 ut
533 1652 806 1700 narraverit
837 1651 1060 1715 Scyllam,
1085 1663 1170 1700 aut
1192 1663 1246 1700 ut
1267 1654 1366 1701 Te-

241 1733 376 1764 reum
409 1727 652 1764 mutatum
685 1716 972 1772 narraverit,
1007 1716 1056 1764 h.
1089 1717 1276 1766 fabulas
1305 1717 1366 1764 de

242 1781 398 1844 Scylla
421 1791 472 1828 et
493 1781 667 1828 Tereo.
736 1779 946 1843 Scyllam
974 1796 1102 1827 nunc
1131 1779 1248 1828 facit
1275 1797 1364 1844 po-

241 1855 316 1892 em
351 1844 466 1892 Nisi
503 1844 672 1900 filiam,
709 1859 816 1906 quae
854 1843 964 1891 aliis
991 1843 1151 1907 poetis
1186 1845 1282 1892 alia
1311 1861 1368 1892 ac

240 1907 434 1956 diversa
475 1917 568 1966 est,
621 1907 798 1956 Phorci
847 1907 1044 1970 quidem
1090 1907 1202 1955 filia.
1289 1908 1368 1956 De

389 1973 403 1983 '
483 1973 603 2020 dum
635 1972 1123 2046 praeterveherentur,
1157 1971 1304 2020 sociis
1339 1987 1370 2021 a

243 2035 401 2099 Scylla
431 2035 678 2084 devoratis
707 2045 824 2082 nota
843 2035 1032 2084 fabula:
1068 2035 1166 2083 vid.
1191 2036 1365 2098 Odys&

241 2118 286 2158 μ,
323 2101 438 2147 265.
521 2103 668 2152 Quam
697 2097 834 2159 sama
873 2107 1029 2147 secuta
1066 2107 1166 2147 est.-
1205 2099 1365 2164 simpl.

241 2179 384 2224 quam
411 2163 580 2210 ferunt
599 2164 861 2210 habentem
893 2162 1096 2225 inguina
1125 2163 1370 2212 succincta

241 2227 442 2274 canibm
473 2226 692 2284 marinis,
717 2241 780 2274 ex
806 2225 916 2273 alvo
947 2229 1052 2287 ejus
1079 2227 1366 2290 prodeunti-

243 2291 344 2338 bus.
419 2291 466 2338 A
503 2289 662 2354 poetis
701 2289 804 2336 fere
839 2305 986 2338 canes
1020 2299 1366 2349 memorantur,

244 2369 406 2416 etque
438 2369 570 2402 verae
605 2369 662 2402 ac
697 2361 966 2401 terrestres.
1035 2353 1265 2402 Dubitari
1293 2363 1364 2402 ta-

245 2431 354 2464 men
387 2417 476 2465 vix
510 2426 688 2481 potest,
729 2432 812 2466 eos
852 2417 937 2478 qui
973 2417 1120 2480 primi
1154 2417 1367 2466 fabulam

244 2481 508 2529 commenti
537 2491 666 2539 sunt,
696 2497 808 2529 eum
841 2479 903 2528 de
932 2489 1150 2528 monstro
1176 2482 1365 2530 marino

247 2555 514 2602 narrarent,
535 2545 722 2594 belluas
751 2559 942 2608 quoque
974 2544 1188 2592 marinas
1210 2545 1256 2593 ei
1277 2545 1362 2593 ad·

239 2608 474 2668 junxisse.
545 2609 628 2657 Sic
653 2619 706 2656 et
737 2609 1010 2656 Homerus:
1049 2617 1098 2656 et
1119 2609 1368 2672 probabile

249 2671 302 2718 fit
327 2673 390 2720 de
421 2673 582 2736 phoca
615 2688 728 2720 eum
759 2671 1026 2735 cogitasse3
1061 2687 1208 2735 quam
1237 2673 1365 2720 vitu-

247 2734 344 2783 lum
377 2737 628 2784 marinum
663 2739 768 2799 Jam
809 2745 1000 2784 veteres
1043 2735 1366 2800 appellarunt,

249 2799 325 2860 qui
347 2799 480 2848 idem
503 2800 772 2848 etiamnum
795 2799 938 2848 modo
959 2803 1089 2848 canis
1108 2801 1254 2848 modo
1271 2803 1370 2862 lupi

251 2866 412 2911 nari-⁸·
443 2863 644 2912 nomine
667 2863 814 2912 venit.
873 2864 1083 2912 Versum
1104 2862 1166 2913 ⁷5
1199 2874 1251 2912 et
1270 2864 1367 2912 for-

249 2941 372 2976 mam
393 2937 720 2976 monstrofflm
748 2927 921 2990 Scyllae
940 2927 1188 2975 illustrant
1217 2927 1369 2985 numi,

500 3001 551 3038 et
584 2991 679 3038 alia
713 2999 1040 3038 monumenta.
1110 2993 1367 3050 Dulichiae,

249 3053 293 3100 h.
325 3069 366 3102 e.
403 3054 627 3118 Ulyssis:
673 3053 958 3102 Dulichium
989 3054 1093 3102 sive
1125 3053 1370 3114 Dulichia,

251 3132 310 3165 ex
349 3118 700 3175 Echinadibus
745 3134 836 3182 pro
881 3118 1062 3166 Ithaca.
1159 3121 1369 3176 Vexdsse,

251 3182 534 3230 vocabulum
556 3181 721 3244 paullo
741 3181 938 3244 maJoris
957 3181 1226 3230 atrocitatis
1241 3181 1372 3257 apud

253 3254 448 3294 veteres.
517 3245 729 3293 videtur
751 3255 910 3309 poetae
940 3246 1104 3293 animo
1134 3247 1372 3295 insedisse

255 3307 572 3357 Homericum
593 3306 844 3364 βλάπτειν.

329 3373 534 3422 78-81.
591 3372 726 3420 Nota
760 3372 842 3421 vel
877 3387 940 3420 ex
976 3373 1118 3421 ovid.
1159 3374 1280 3422 Met.
1319 3375 1369 3421 vi

1429 1471 1551 1510 extr.
1590 1461 1763 1510 fabula.
1845 1462 2010 1520 Poeta,
2040 1472 2175 1526 puto,
2212 1478 2297 1510 eos
2336 1463 2555 1525 sequitur

1430 1526 1514 1589 qui
1548 1525 1866 1574 Philomelam
1896 1526 1949 1574 in
1980 1526 2291 1575 hirundinem
2318 1536 2553 1575 mutatam

1430 1605 1539 1638 esse
1569 1599 1913 1647 memorarunt,
1947 1601 2001 1637 ut
2030 1589 2169 1637 multi
2203 1590 2377 1639 fecere.
2444 1592 2550 1655 Ap-

1465 1653 1605 1701 ositis
1632 1663 1795 1701 autem
1826 1653 1997 1717 epulis,
2030 1669 2092 1702 ex
2125 1652 2248 1716 ltyis
2276 1654 2365 1701 filii
2397 1670 2551 1702 mem-

1429 1670 1535 1764 gris
1552 1717 1733 1780 paratis
1754 1717 2140 1778 (dapee—dona),
2159 1717 2245 1764 illa
2259 1733 2369 1766 cum
2388 1734 2553 1766 sorore

1433 1779 1597 1828 statim
1621 1779 1847 1843 profugit,
1872 1779 2157 1842 insequente
2177 1797 2288 1828 cum
2308 1783 2437 1829 ferro
2454 1783 2550 1830 Te-

1431 1859 1546 1899 reo3
1571 1844 1685 1891 hinc
1708 1843 1843 1900 illud,
1864 1861 1951 1906 quo
1971 1861 2107 1892 cursu
2125 1847 2307 1892 decerta
2319 1849 2551 1906 petiverit.

1435 1909 1574 1966 Mox,
1599 1907 1757 1956 Tereo
1779 1907 2005 1965 instante,
2025 1923 2216 1956 sorores
2238 1907 2289 1955 in
2308 1924 2423 1956 aves
2445 1924 2553 1956 mu-

1433 1980 1624 2027 tantm-3
1650 1981 1753 2018 tum
1770 1969 2041 2019 Philomela
2056 1971 2266 2019 hirundo
2285 1971 2411 2020 facta
2427 1973 2555 2020 aedes

1431 2051 1547 2084 suas
1566 2035 1893 2092 circumvolat,
1918 2035 2055 2097 quasi
2080 2035 2300 2100 pristinae
2317 2037 2447 2084 sedis
2469 2036 2555 2084 de-

1432 2099 1625 2147 siderio.
1716 2102 1814 2150 Quo
1855 2116 1991 2147 cursu
2014 2107 2065 2146 et
2098 2104 2260 2161 quibus
2298 2104 2389 2148 αἱίε
2426 2099 2558 2149 dicta

1433 2162 1681 2225 eleganter
1712 2177 1802 2226 pro
1836 2163 2101 2224 quomodo:
2138 2163 2209 2212 sic
2240 2164 2354 2212 AEn.
2387 2163 2419 2223 i,
2443 2164 2554 2223 751,

1433 2229 1573 2275 Nunc
1604 2229 1767 2288 quibus
1792 2230 1987 2275 Aurorae
2019 2231 2213 2276 venisset
2232 2231 2365 2288 filius
2397 2231 2553 2276 amis.

1438 2293 1579 2338 Tecta
1596 2299 1701 2338 ante
1723 2307 1807 2338 ma
1818 2289 2069 2353 jungenda
2087 2301 2214 2349 sunt,
2240 2300 2296 2339 ut
2317 2291 2369 2339 in
2388 2292 2556 2340 ovidii

1429 2354 1553 2413 loco,
1576 2357 1882 2416 quondamque
1902 2359 2000 2402 suis
2021 2358 2071 2401 in
2090 2359 2233 2417 agris,
2258 2355 2351 2403 etsi
2381 2370 2556 2418 parum

1431 2417 1647 2467 suaviter
1684 2418 1926 2480 adjectum
1961 2417 2133 2466 sentio.
2209 2420 2445 2466 Attamen
2483 2419 2553 2467 al-

1431 2489 1605 2540 terum,
1634 2490 1690 2529 ut
1716 2491 1824 2530 aute
1854 2481 1920 2530 sit
1950 2491 2209 2544 antequam
2241 2482 2435 2530 deserta
2466 2498 2552 2546 pe-

1432 2554 1573 2604 teret,
1598 2560 1698 2593 non
1719 2545 1882 2594 minus
1904 2545 2163 2594 molestum
2185 2554 2273 2593 est.

1500 2611 1707 2657 82—84.
1755 2609 1957 2657 Amavit
2002 2609 2352 2672 Hyacinthum,
2392 2609 2557 2657 OEbali

1435 2672 1604 2731 filium,
1643 2673 1953 2736 Spartanum,
1992 2673 2233 2720 Phoebus:
2270 2672 2367 2720 vid.
2410 2672 2554 2720 ovid.

1435 2737 1559 2784 Met.
1582 2752 1632 2794 x,
1661 2737 1751 2783 162
1774 2753 1905 2798 sqq.:
1941 2736 2004 2784 ad
2032 2737 2233 2784 Eurotae
2259 2735 2437 2799 itaque,
2472 2737 2557 2799 qui

1435 2799 1689 2848 Laconicae
1706 2799 1881 2847 fluvius
1898 2809 1986 2858 est,
2008 2799 2139 2863 ripas
2158 2816 2287 2864 saepe
2306 2801 2409 2863 lyra
2425 2800 2553 2848 ceci-

1436 2864 1539 2918 nit;
1575 2879 1681 2926 quae
1697 2861 1780 2910 ille
1802 2863 2057 2921 cecinerat,
2076 2879 2206 2911 nunc
2229 2864 2409 2928 repetit
2428 2864 2553 2912 Sile-

1437 2943 1543 2975 nus.
1601 2930 1859 2974 Meditante
1875 2947 1891 2974 .·
1914 2927 2010 2974 vid.
2036 2926 2097 2974 ad
2120 2927 2225 2974 Ecl.
2248 2928 2281 2985 i,
2308 2931 2351 2975 2.
2401 2931 2557 2977 Pulsa

1435 3006 1500 3038 sc.
1526 2990 1739 3048 vocibus,
1762 2989 1911 3048 sonis,
1935 2999 1990 3038 ut
2008 3000 2309 3038 resonarent.

1502 3056 1579 3112 85,
1605 3055 1681 3101 86.
1718 3054 1913 3102 Silenus
1934 3069 2087 3116 usque
2108 3053 2170 3101 ad
2197 3062 2388 3101 noctem
2410 3055 2555 3103 canit.

1437 3119 1535 3166 Sed
1558 3133 1702 3181 quam
1726 3127 1893 3166 ornate
1916 3119 2007 3166 hoc
2028 3127 2175 3181 poeta
2207 3117 2412 3166 extulit!
2448 3121 2553 3166 Nu-

1435 3199 1605 3230 merum
1629 3181 1799 3244 rqserre
1814 3201 1831 3228 .·
1865 3181 1924 3230 cs.
1948 3181 2054 3229 Ecl.
2074 3181 2142 3240 iii,
2166 3183 2243 3230 34.
2300 3185 2468 3243 Vesper
2483 3191 2559 3231 est

1441 3247 1549 3294 Hes
1585 3261 1712 3302 erus,
1739 3245 1947 3294 Veneris
1966 3246 2117 3293 stella.
2175 3249 2326 3294 Invito
2352 3249 2555 3309 Olympo,

1435 3325 1500 3372 qu
1581 3311 1757 3358 coelum
1774 3325 1901 3372 aegre
1920 3310 2120 3368 ferebat,
2137 3319 2279 3359 nocte
2296 3310 2557 3373 ingruente

1434 3389 1632 3423 carmen
1655 3373 1800 3422 finiri.

711 3805 1160 3874 ECLOGA
1205 3761 1378 3873 'vu

1473 3807 2094 3874 MELIBOEUS.

1067 4021 1670 4070 ARGUMENTUM.

257 4131 518 4180 Meliboeus
553 4141 722 4196 pastor
741 4143 919 4190 narrat,
950 4149 1016 4191 se,
1049 4149 1162 4182 cum
1197 4135 1502 4182 aberrantem
1543 4149 1743 4198 caprum
1784 4131 2043 4194 quaerebat,
2069 4131 2122 4178 in
2162 4133 2467 4196 Corydonem
2511 4145 2560 4182 et

315 4211 607 4275 ssyr-sidem
640 4211 884 4270 incidisse,
906 4213 1003 4275 qui,
1027 4213 1272 4262 assidente
1299 4213 1574 4278 Daphnide,
1600 4223 1749 4261 cantu
1772 4221 1912 4260 erant
1949 4211 2269 4260 decertaturi:
2309 4215 2555 4277 obtempe-

313 4307 448 4338 rane
477 4307 533 4339 se
555 4290 834 4354 Daphnidis
865 4293 1150 4351 hortatibus,
1177 4304 1232 4340 ut
1263 4293 1369 4357 ipse
1403 4293 1638 4341 assideret
1671 4301 1721 4340 et
1749 4299 2002 4338 cantantes
2031 4291 2365 4340 audiret—20.
2437 4293 2560 4342 Inde

313 4370 546 4433 Corydon
561 4370 759 4434 primas,
783 4371 985 4434 Thyrsis
1001 4372 1240 4421 secundas
1256 4383 1422 4436 partes
1440 4371 1654 4420 carmine
1678 4372 1910 4418 amoebaeo
1934 4371 2003 4419 ita
2024 4372 2281 4430 sustinent,
2302 4383 2371 4432 ut,
2391 4389 2557 4435 quem-

315 4449 579 4500 admodum
603 4449 710 4500 nel.
744 4449 800 4498 iii
822 4450 1058 4510 distichis,
1083 4452 1152 4501 sic
1181 4467 1312 4501 nunc
1341 4450 1649 4508 tetrastichis,
1676 4467 1763 4500 seu
1780 4452 2041 4513 quaternis
2074 4453 2309 4511 versibus,
2338 4467 2557 4516 compre—
