3050 4934
459 270 590 336 370
1355 262 1883 331 AENEIDOS

632 419 808 483 Tum
840 427 1019 481 satus
1052 413 1347 480 Anchisa
1375 422 1595 478 cestus
1626 422 1821 497 pater
1846 406 2083 474 extulit
2110 410 2359 491 aequos,

460 522 590 587 425
637 521 728 583 Et
758 519 1027 603 paribus
1059 515 1306 600 palmas
1339 516 1677 578 amborum
1704 511 2002 576 innexuit
2032 508 2249 573 armis.

635 620 944 682 Constitit
973 620 1038 681 in'
1069 617 1308 701 digitos
1341 613 1673 697 extemplo
1702 622 1998 676 arrectus
2028 622 2329 692 uterque,

633 720 1050 805 Brachiaque
1081 720 1168 783 ad
1199 740 1472 803 superas
1503 718 1840 781 interritus
1872 712 2108 778 extulit
2136 732 2351 775 auras.

634 822 1000 887 Abduxere
1032 832 1209 884 retro
1237 819 1431 903 longe
1465 820 1681 902 capita
1708 816 1918 880 ardua
1944 815 2027 878 ab
2057 815 2229 888 ictu:

635 923 1136 1005 Immiscentque
1165 942 1394 985 manus
1425 920 1748 997 manibus,
1782 936 2199 1011 pugnamque
2227 911 2595 973 lacessunt:

463 1024 594 1089 430
637 1023 756 1087 Ille
783 1023 1028 1108 pedum
1055 1020 1280 1085 melior
1309 1030 1514 1096 motu,
1550 1018 1887 1100 fretusque
1909 1016 2221 1099 juventa3

637 1123 771 1188 Hic
801 1124 1104 1186 membris
1133 1132 1202 1185 et
1229 1120 1398 1184 mole
1427 1118 1685 1195 valens;
1736 1116 1855 1181 sed
1884 1114 2075 1179 tarda
2104 1112 2405 1177 trementi

642 1224 883 1307 Genua
910 1222 1168 1298 labant;
1218 1231 1437 1285 vastos
1469 1219 1682 1304 quatit
1710 1238 1890 1300 aeger
1919 1214 2244 1279 anhelitus
2278 1221 2481 1275 artus.

643 1322 860 1387 Multa
887 1322 1006 1385 viri
1034 1321 1474 1404 nequidquam
1501 1322 1675 1383 inter
1706 1338 1777 1381 se
1808 1316 2078 1381 vulnera
2096 1316 2372 1400 jactant,

641 1420 860 1487 Multa
889 1443 1048 1485 cavo
1077 1421 1266 1484 lateri
1295 1420 1717 1504 ingeminant,
1748 1429 1818 1482 et
1846 1428 2113 1502 pectore
2144 1425 2379 1485 vastos,

469 1525 599 1587 435
646 1521 830 1587 Dant
860 1522 1146 1599 sonitus:
1193 1532 1498 1604 erratque
1532 1540 1725 1584 aures
1758 1529 1825 1583 et
1854 1530 2151 1601 tempora
2181 1516 2421 1579 circum

642 1623 894 1687 Crebra
921 1642 1187 1699 manus3
1234 1623 1404 1686 duro
1435 1622 1759 1705 crepitant
1788 1620 1911 1683 sub
1941 1616 2207 1682 vulnere
2236 1614 2443 1681 malae.

642 1724 790 1788 Stat
818 1724 1032 1807 gravis
1067 1721 1393 1799 Entellus,
1425 1724 1701 1806 nisuque
1730 1721 2033 1784 immotus
2060 1717 2295 1783 eodem

642 1825 937 1908 Corpore
969 1822 1098 1901 tela
1127 1825 1330 1915 modo⁹
1351 1834 1549 1907 atque
1578 1821 1781 1886 oculis
1812 1819 2225 1905 vigilantibus
2258 1818 2471 1911 exiti!

642 1924 785 2002 Ille,
817 1922 994 1989 velut
1022 1924 1259 1988 celsam
1289 1934 1631 2009 oppugnat
1658 1924 1771 2007 qui
1800 1921 2077 2011 molibus
2106 1922 2357 1995 urbem,

469 2026 600 2090 440
643 2024 786 2090 Aut
811 2036 1118 2089 montana
1149 2026 1338 2089 sedet
1363 2025 1607 2089 circum
1636 2021 1903 2089 castella
1932 2025 2056 2087 sub
2088 2022 2305 2097 armiS,

643 2127 842 2191 Nunc
869 2125 1017 2202 hos,
1047 2148 1218 2190 nunc
1247 2125 1390 2189 illos
1421 2127 1663 2205 aditus,
1696 2145 2077 2209 omnemque
2106 2118 2403 2208 pererrat

643 2226 812 2291 Arte
842 2225 1091 2303 locum3
1139 2238 1208 2291 et
1234 2228 1428 2291 variis
1458 2226 1827 2292 adsultibus
1854 2226 2075 2289 irritus
2104 2230 2318 2306 urget.

645 2327 960 2391 Ostendit
990 2328 1288 2392 dextram
1318 2328 1663 2411 insurgens
1698 2325 2024 2402 Entellus,
2057 2335 2125 2389 et
2153 2323 2282 2388 alte

643 2428 937 2493 Extulit:
983 2428 1088 2493 ille
1119 2431 1319 2493 ictum
1348 2429 1712 2493 venientem
1742 2451 1781 2492 a
1808 2427 2050 2491 vertice
2081 2424 2273 2489 velox

470 2530 600 2594 445
646 2530 982 2607 Praevidit,
1017 2530 1341 2615 celerique
1371 2530 1635 2614 elapsus
1668 2550 1943 2613 corpore
1971 2528 2189 2592 cessit.

646 2630 948 2696 Entellus
980 2632 1150 2695 vires
1179 2633 1244 2694 in
1274 2642 1537 2695 ventum
1566 2629 1837 2707 effudit3
1884 2640 1953 2695 et
1980 2628 2175 2705 ultr-0,

642 2731 796 2815 Ipse
828 2732 1066 2814 gravis,
1099 2732 1536 2815 graviterque,
1570 2732 1655 2795 ad
1686 2743 1928 2795 terram
1952 2730 2247 2814 pondere
2276 2736 2461 2791 vasto

647 2832 982 2896 Concidit:
1029 2844 1104 2897 ut
1133 2834 1462 2915 quondam
1491 2854 1653 2897 cava
1680 2832 1963 2896 concidit
1992 2841 2107 2895 aut
2133 2827 2565 2913 Erymantho,

643 2932 787 2997 Aut
813 2932 936 2996 Ida
963 2934 1030 2996 in
1059 2954 1313 3016 magna,
1343 2930 1674 2997 radicibus
1704 2943 1893 2997 eruta
1920 2932 2135 3015 pinus.

471 3034 600 3095 450
645 3034 1068 3115 Consurgunt
1101 3034 1331 3096 studiis
1363 3032 1610 3097 Teucri
1639 3044 1708 3097 et
1738 3032 2081 3097 Trinacria
2108 3032 2358 3116 pubes;

645 3133 708 3196 lt
736 3132 976 3197 clamor
1005 3131 1195 3210 coe10,
1228 3134 1605 3218 primusque
1636 3135 1917 3198 accurrit
1945 3118 2249 3208 Acestes,

645 3230 1169 3317 AEquaevumque
1201 3236 1286 3331 ab
1312 3234 1512 3299 humo
1543 3235 1855 3299 miserans
1886 3232 2122 3298 attollit
2150 3233 2445 3296 amicum.

537 3459 810 3507 429-4-35.
835 3458 1047 3535 Pugnant
1063 3462 1290 3507 laccorum
1305 3474 1394 3524 pro
1411 3460 1598 3519 ineunt,
1672 3490 1685 3503 ,
1730 3460 2003 3508 4³9—-1-42.
2052 3458 2320 3523 Splendida
2348 3458 2650 3522 comparatio
2682 3474 2713 3506 a
2740 3474 2804 3507 re

472 3522 736 3586 exquisite:
767 3536 964 3587 proprie
981 3526 1198 3573 lacescere
1217 3526 1412 3587 aliquem
1423 3542 1599 3588 pugna,
1664 3524 1821 3573 multo
1886 3526 2068 3585 majore
2128 3532 2179 3571 et
2233 3522 2471 3587 graviore,
2538 3534 2803 3587 oppugna·

471 3590 538 3635 ad
561 3604 778 3651 pugnam,
808 3589 856 3635 li.
888 3588 919 3636 l.
954 3588 1283 3652 preludendo.
1341 3590 1603 3637 Immineat
1665 3590 1800 3637 tione
1848 3588 1985 3637 urbis
2032 3588 2109 3636 vel
2156 3586 2358 3636 castelli.
2432 3588 2651 3645 Motibus,
2690 3602 2799 3636 ma-

470 3668 629 3700 mmeas
647 3656 855 3700 manibus
877 3668 968 3717 pro
985 3660 1251 3701 conserunt
1271 3668 1459 3702 manus.
1507 3656 1598 3703 Pe·
1666 3652 1839 3701 chiniu-

471 3719 580 3763 dum
610 3720 768 3765 melior
798 3724 920 3764 motu
934 3736 950 3765 .-
985 3726 1100 3765 sunt
1130 3717 1264 3766 enim
1295 3717 1428 3766 haud
1451 3717 1601 3767 dubie
1730 3714 2003 3767 444—447.
2044 3718 2093 3764 A
2110 3713 2302 3774 'ver-tice,
2328 3715 2569 3779 desuper:
2605 3715 2703 3764 vid.
2732 3714 2805 3763 td

470 3780 620 3828 etiam
637 3780 820 3844 pedum
841 3788 1006 3843 partes
1027 3782 1081 3828 in
1101 3781 1339 3844 pugilatu,
1359 3781 1601 3831 evitandi·
1664 3781 1702 3829 ii
1744 3782 1866 3829 Geo.
1914 3782 2023 3829 310.
2094 3782 2297 3842 Elapsum
2350 3784 2500 3837 come,
2554 3779 2800 3828 elabitur:

469 3843 663 3893 ictibus.
735 3846 936 3892 Vulnera
965 3859 1057 3906 pro
1089 3845 1292 3907 vulgari,
1326 3850 1446 3893 ictus
1459 3864 1477 3900 ,·
1509 3847 1601 3895 hoc
1665 3845 1795 3908 quod
1827 3861 1934 3909 sup.
1967 3848 2077 3893 exie.
2138 3847 2321 3901 Gravis,
2350 3848 2575 3907 graviter,
2600 3852 2657 3892 ut
2684 3843 2799 3891 Ho-

469 3924 562 3972 per
593 3917 758 3973 partes
791 3915 1070 3956 enumerat:
1106 3909 1167 3956 cf.
1195 3909 1422 3972 Aponon.
1455 3910 1507 3967 ii,
1538 3912 1601 3957 82
1666 3910 1929 3959 mericum:
1965 3907 2119 3969 μέγας
2137 3907 2435 3969 μεγαλωστί.

470 3987 540 4034 sq.
599 3976 751 4021 Aures
779 3972 1004 4036 pugilum
1034 3972 1200 4020 fractae
1221 3988 1277 4020 ac
1311 3973 1510 4021 tumidoe
1536 3988 1601 4021 ex
1728 3974 1841 4031 448,
1882 3975 1993 4022 449.
2052 3972 2477 4037 Comparationem
2517 3988 2597 4037 ap.
2642 3972 2798 4020 Hom.

471 4035 651 4085 ictibus
671 4046 800 4085 notoe
823 4050 952 4085 nunc
979 4044 1096 4084 sunt
1115 4052 1178 4085 ex
1200 4036 1599 4086 Winckelmanni
1663 4038 1871 4094 obviam,
1895 4037 2036 4086 Iliad.
2056 4054 2096 4095 ν,
2118 4036 2208 4086 178
2228 4052 2330 4099 sqq.
2350 4040 2389 4099 ξ,
2406 4037 2506 4083 414
2522 4050 2625 4099 sqq.
2646 4050 2798 4084 ouu-

472 4100 809 4149 observatione
833 4116 982 4165 super
1003 4098 1288 4161 κατεαγέναι
1307 4100 1372 4149 τὰ
1391 4098 1504 4149 bra.
1664 4102 1735 4151 vit
1756 4101 1994 4151 nobilium
2014 4101 2239 4149 Arcadia
2258 4112 2309 4149 et
2326 4100 2535 4148 Troadis
2552 4100 2799 4148 montium

498 4225 510 4237 ⁸
535 4162 647 4221 437,
671 4167 782 4213 438.
822 4168 990 4214 Gravis
1011 4173 1154 4213 aetate
1185 4174 1236 4213 et
1263 4165 1392 4214 mole
1421 4180 1594 4231 corpo-
1662 4166 1969 4221 nominibus:
2018 4178 2127 4241 qun
2162 4174 2213 4213 et
2246 4165 2356 4229 ipsa
2392 4165 2541 4213 rebus
2580 4162 2799 4229 dignita-

469 4240 553 4273 τη.
625 4227 755 4275 Nam
799 4228 924 4277 alter
961 4238 1132 4277 contra
1169 4228 1342 4292 agilior
1378 4245 1438 4277 co
1526 4246 1595 4278 re.
1662 4238 1764 4278 tem
1786 4230 2047 4291 adficiendi
2070 4244 2149 4278 ars
2168 4236 2257 4278 est.

477 4290 590 4337 Tela
609 4296 718 4365 engle,
749 4307 840 4355 pro
871 4292 1073 4355 vulgari,
1107 4292 1234 4342 ictus
1263 4302 1416 4352 cavet,
1479 4294 1594 4343 ecli-
1727 4296 2001 4342 450—455.
2048 4293 2287 4342 Similiter
2325 4290 2465 4341 Iliad.
2504 4296 2554 4353 ψ,
2592 4292 2692 4339 694
2722 4305 2801 4355 oq.

469 4361 569 4427 nat,
593 4362 758 4428 eruat,
783 4355 949 4405 eludit.
1007 4357 1310 4407 Vocabulum
1335 4359 1388 4408 in
1411 4374 1466 4407 re
1488 4359 1592 4421 gla-
1662 4358 1762 4407 Sed
1798 4357 2001 4421 reliqua,
2042 4358 2173 4421 quod
2206 4370 2359 4406 novas
2398 4356 2527 4405 vire·
2566 4356 2803 4405 Entellus

468 4416 678 4465 duntona
697 4418 962 4481 proprium.
1662 4422 1825 4481 sumit,
1848 4422 1911 4471 de
1943 4438 2033 4471 suo
2056 4419 2294 4485 Virgilius
2314 4420 2563 4470 addidisse
2584 4420 2799 4469 videtur.
