3050 4934
431 256 563 318 204

1321 252 1852 319 AENEIDOS

601 402 896 486 Corpora
923 402 1157 466 fundat
1186 402 1386 478 humi,
1417 412 1484 465 et
1513 422 1853 467 numerum
1882 422 2029 465 cum
2057 402 2329 467 navibus
2360 409 2597 483 aequet.

601 503 778 567 Hinc
806 514 1068 588 portum
1096 504 1285 588 petit,
1317 513 1385 567 et
1417 504 1629 567 socios
1657 503 1939 587 partitur
1964 503 2033 567 in
2062 524 2307 567 omnes·

435 606 556 668 195
601 603 774 668 Vina
801 604 1013 667 bonus
1045 626 1193 688 quae
1222 603 1460 668 deinde
1489 604 1671 669 cadis
1702 602 2007 668 onerarat
2033 601 2317 669 Acestes

600 704 856 768 Littore
887 704 1252 781 Trinacrio,
1283 704 1689 787 dederatque
1720 704 2113 769 abeuntibus
2142 704 2363 778 heros,

597 804 874 882 Dividit,
905 816 974 869 et
1003 806 1193 869 dictis
1221 806 1563 869 moerentia
1592 816 1861 888 pectora
1888 804 2167 869 mulcet:

523 926 567 1004 ts
597 904 663 969 Ο
695 906 874 982 socii,
903 926 1116 989 neque
1145 906 1316 969 enim
1342 906 1555 989 ignari
1582 928 1804 970 sumus
1834 916 1985 971 ante
2015 904 2351 980 malorum,

311 995 443 1053 s
455 988 467 993 ’
529 1005 558 1088 ι’Ι
598 1004 664 1069 Ο
693 1006 874 1089 passi
899 1007 1235 1090 graviora3
1281 1007 1466 1070 dabit
1495 1005 1659 1069 deus
1688 1006 1793 1069 his
1822 1027 2085 1090 quoque
2114 1005 2331 1071 finem.

423 1089 558 1168 206
596 1104 742 1168 Vos
771 1116 838 1169 et
867 1105 1205 1189 Scyllaeam
1232 1107 1480 1170 rabiem
1506 1108 1899 1190 penitusque
1932 1116 2239 1173 sonantes

592 1204 897 1270 Accestis
929 1206 1269 1291 scopulos3
1315 1229 1430 1270 vos
1461 1219 1531 1271 et
1559 1206 1873 1291 Cyclopia
1902 1230 2061 1272 saxa

595 1306 902 1389 Experti.
981 1306 1314 1373 Revocate
1342 1309 1613 1384 animos,
1642 1318 2075 1392 moestumque
2103 1308 2397 1371 timorem

511 1342 534 1481 {f
595 1406 882 1471 Mittite:
927 1407 1149 1473 forsan
1179 1420 1247 1472 et
1275 1407 1418 1473 hoec
1447 1408 1599 1473 olim
1626 1409 1991 1473 meminisse
2013 1409 2293 1493 juvabit.

595 1506 728 1571 Per
757 1508 969 1573 varios
1001 1530 1216 1586 casus,
1246 1529 1369 1592 per
1397 1519 1496 1572 tot
1523 1509 1895 1573 discrimina
1922 1508 2163 1585 rerum,

423 1608 552 1672 205
596 1608 958 1672 Tendimus
989 1608 1056 1673 in
1086 1609 1386 1686 Latium;
1433 1609 1627 1673 sedes
1656 1610 1769 1673 ubi
1799 1608 1935 1673 sata
1962 1611 2217 1693 quietas

597 1709 1015 1774 ostendunt:
1061 1709 1190 1774 illic
1219 1708 1318 1773 fas
1349 1730 1555 1792 regna
1582 1730 1929 1792 resurgere
1958 1709 2205 1793 Trojae.

507 1776 544 1887 ist
597 1808 880 1887 Durate,
910 1820 981 1873 et
1009 1821 1260 1875 vosmet
1288 1812 1486 1875 rebus
1517 1820 1773 1873 servate
1804 1809 2133 1875 secundis.

682 1908 874 1973 Talia
901 1932 1061 1975 voce
1090 1910 1330 1988 refert3
1374 1911 1677 1993 curisque
1708 1910 2081 1993 ingentibus
2112 1930 2289 1993 aeger

415 2102 601 2151 miscua
619 2103 734 2166 fuga
755 2118 809 2152 se
829 2102 926 2167 ipsi
947 2103 1160 2153 invicem
1189 2104 1400 2164 trudant,
1425 2120 1539 2153 cum
1600 2108 1777 2167 scopula·
1798 2107 2035 2153 clamorem
2051 2107 2174 2153 inter
2194 2120 2307 2151 cava
2327 2121 2443 2152 saxa
2465 2106 2643 2163 dedere,
2664 2104 2735 2162 iii,

414 2181 560 2215 antea
603 2168 734 2229 longo
773 2171 955 2230 agmins
993 2166 1290 2217 incederent.
1359 2172 1540 2231 Septen
1604 2168 1715 2217 566.
1780 2172 1988 2217 Accessit
2010 2169 2072 2216 sd
2093 2184 2192 2226 eos,
2214 2167 2465 2225 hactenus,
2490 2168 2619 2231 quod
2632 2172 2737 2231 jsm

413 2233 622 2293 ingentia
665 2246 867 2291 corpora,
907 2231 1142 2293 grandius
1184 2248 1328 2294 quam
1371 2248 1536 2283 cervos.
1602 2232 1783 2281 fretum
1806 2233 2027 2281 Siculum
2054 2231 2263 2294 ingressi
2285 2246 2385 2280 non
2414 2232 2559 2294 longe
2588 2233 2651 2281 ab
2672 2233 2737 2282 iis

423 2295 594 2351 Victor,
615 2302 815 2342 ornatus
831 2294 1066 2357 poeticus.
1101 2298 1291 2344 Portum
1313 2312 1411 2344 non
1428 2312 1543 2360 pro-

413 2357 522 2420 prie
545 2356 684 2415 dixit,
714 2356 803 2405 sed
834 2374 926 2421 pro
955 2359 1164 2406 statione
1183 2359 1409 2408 navium:
1444 2359 1543 2409 vid.

417 2420 755 2535 ωῗὶὶὲἱΙ-Ῑίῑῗζ.
801 2488 980 2535 Deinde
1020 2490 1130 2535 vina
1171 2504 1273 2549 μω
1316 2497 1407 2535 etc.
1481 2487 1546 2535 In

417 2547 638 2613 Drepani
657 2558 883 2660 tportum,
915 2549 1000 2613 qui
1033 2550 1215 2599 siciliae
1249 2559 1337 2608 est,
1373 2550 1544 2599 classis

413 2612 628 2675 Trojsns
692 2613 817 2661 elata
849 2612 1008 2662 fuerat
1037 2614 1152 2662 AEn.
1183 2614 1253 2671 iii,
1284 2613 1407 2671 707;
1443 2630 1545 2663 non

415 2675 560 2737 longe
598 2676 766 2724 aberat
799 2678 996 2740 Egesta
1035 2677 1113 2725 vel
1156 2680 1360 2741 Segesta,
1397 2694 1543 2740 quam

413 2738 574 2785 Greci
619 2747 672 2786 et
711 2742 932 2802 Egestam
969 2741 1202 2799 scribunt,
1247 2742 1442 2789 condita
1479 2744 1545 2791 ab

413 2805 606 2865 AEgssto
624 2803 767 2860 Troe,
790 2818 936 2865 quem
959 2804 1198 2867 Virgilius
1215 2808 1432 2853 Acestam
1449 2821 1537 2869 ap-

413 2866 590 2939 pellat:
625 2866 686 2913 cii
711 2882 756 2923 v,
780 2868 857 2924 80,
883 2870 959 2915 61.
1016 2869 1238 2931 Benigne
1259 2869 1458 2917 fixerant
1477 2872 1541 2920 ab

310 2935 329 2945 ·
413 2944 522 2992 ipso
556 2930 765 2995 excepti,
801 2940 873 2978 ut.
891 2931 1040 2980 etiam
1073 2932 1160 2980 inf.
1195 2932 1227 2989 i,
1265 2934 1375 2991 558,
1413 2931 1537 2982 570:

412 2982 528 3041 hiim
545 2997 698 3042 bonu.
749 2993 890 3043 Idem
905 2994 1086 3047 iterum
1100 2996 1316 3059 hospitio
1329 2997 1541 3045 AEneam

413 3057 522 3104 exci
557 3057 597 3104 it
617 3057 732 3104 AEn.
758 3072 803 3114 v,
834 3058 896 3104 36
927 3074 1029 3123 sqq.
1086 3058 1231 3114 Quod
1257 3060 1372 3108 vina
1399 3076 1535 3110 corn-

409 3134 524 3167 men
588 3128 623 3176 t,
647 3128 704 3167 ut
722 3120 918 3169 Acestae
947 3138 1139 3180 munus,
1164 3121 1374 3184 ξεινήιον,
1398 3124 1449 3171 id
1482 3133 1538 3172 ut

407 3193 569 3246 poeta,
585 3192 637 3230 et
654 3183 862 3231 Homeri
879 3184 1166 3243 imitatione,
1186 3187 1328 3234 facit:
1359 3187 1534 3251 Odyss.

410 3264 440 3302 ι,
471 3246 562 3295 197
584 3262 686 3309 sqq.
751 3248 870 3295 Vina
898 3264 1086 3297 onerare
1115 3254 1247 3297 cadis
1276 3252 1413 3312 quasi
1444 3268 1537 3315 pro

409 3324 558 3357 onere
577 3309 772 3368 inferre,
795 3310 1054 3360 infundere
1071 3313 1218 3371 cadis,
1237 3330 1327 3379 pro
1345 3314 1536 3378 vulg-ari

410 3376 546 3421 cados
567 3390 756 3422 onerare
775 3376 908 3422 vinis.

476 3439 584 3495 198,
611 3438 716 3486 199.
756 3438 816 3485 In
835 3454 1006 3501 prosa:
1044 3441 1089 3488 Ο
1107 3439 1255 3489 socii!
1291 3440 1412 3489 satis
1430 3458 1532 3490 me·

307 3552 316 3559 ,
408 3500 634 3559 mininis,
659 3516 744 3549 vos
764 3503 989 3564 graviora
1015 3503 1108 3561 his,
1133 3520 1242 3566 quie
1271 3505 1416 3552 modo
1445 3520 1531 3553 ex-

407 3564 536 3629 perti
559 3580 741 3623 sumus,
761 3580 930 3629 passos
953 3582 1086 3615 esse:
1110 3584 1249 3631 spem
1270 3568 1434 3630 itaque
1453 3584 1533 3617 re-

407 3629 575 3686 tinete,
590 3628 814 3677 habitura
833 3644 940 3679 esse
957 3631 1108 3681 finem
1126 3632 1274 3681 etiam
1291 3632 1394 3681 hoec
1409 3634 1537 3681 mala

407 3691 668 3756 preteritis
680 3692 877 3741 leviora.
913 3698 1036 3743 Ante
1049 3700 1186 3753 mala,
1200 3696 1264 3743 τὰ
1275 3695 1384 3758 πρὶν
1396 3694 1531 3743 κακά.

409 3756 533 3803 flor.
568 3755 586 3802 i
631 3756 792 3804 Carm-
829 3756 874 3814 7,
911 3760 989 3815 30,
1031 3762 1072 3807 0
1099 3757 1253 3821 sortes
1283 3759 1535 3821 pejoraque

401 3823 535 3880 paui
555 3820 736 3867 Mecum
755 3836 878 3881 sape
897 3822 1000 3869 viri.
1060 3823 1220 3870 Locus
1247 3830 1412 3871 autem
1442 3838 1528 3871 ex-

403 3898 604 3946 pressus
625 3898 688 3929 ex
710 3884 882 3947 Odyss.
905 3902 955 3944 μ,
981 3886 1091 3932 208.

471 3947 744 3997 200-202.
779 3950 1018 4009 Scyllam
1047 3950 1222 3997 rabien
1237 3966 1252 3995 :
1287 3964 1374 3997 seu
1406 3964 1527 4012 quo-

402 4008 536 4058 nism
553 4009 716 4073 Scylla
734 4010 937 4059 cunibus
957 4012 1131 4069 einen,
1153 4028 1358 4087 quorum
1375 4018 1532 4063 rabies

399 4072 600 4185 ffirie
617 4073 822 4149 digitum
857 4090 945 4151 seu
966 4076 1268 4151 simpliciter,
1289 4086 1531 4153 quatenus

398 4142 1370 4273 msffirens?¹w·.a
1331 4150 1470 4262 Μ,
1403 4151 1523 4253 ..2³1

399 4262 530 4310 tibus
564 4262 730 4321 allisis,
763 4274 814 4313 et
848 4267 1044 4328 quidem
1075 4272 1273 4331 posim,
1305 4268 1358 4315 in
1396 4268 1522 4317 inte-

395 4326 606 4375 rioribus
639 4327 760 4375 adeo
793 4330 931 4393 rupis
962 4332 1234 4381 recessibus
1271 4340 1320 4380 et
1352 4332 1521 4391 anu-is,

393 4398 512 4437 sunt
538 4388 574 4437 ii
605 4389 702 4453 ipsi
725 4392 902 4453 quibus
925 4391 1086 4457 scylla
1111 4394 1366 4444 insidebat.
1433 4398 1522 4444 Ter

1610 2298 1826 2353 aberunt,
1848 2312 1960 2344 cum
1982 2296 2085 2344 dati
2115 2297 2177 2344 ab
2201 2296 2398 2343 Heleno
2419 2295 2603 2344 oraculi
2630 2312 2735 2345 me-

1610 2375 1771 2408 mores
1803 2360 1968 2408 statim
2002 2360 2064 2408 ad
2095 2359 2267 2407 loevam
2300 2368 2595 2407 convertunt
2622 2376 2735 2409 cur-

1610 2440 1745 2473 sum:
1790 2424 1889 2473 vid.
1920 2422 2011 2472 loc.
2044 2422 2125 2471 cit.
2186 2425 2403 2485 Cyclopia
2434 2440 2565 2479 saxa,
2599 2424 2737 2473 littus

1610 2488 1879 2552 Cyclopum
1918 2502 2145 2563 salt-osum
2184 2486 2237 2534 in
2270 2486 2453 2561 Sicilia,
2488 2490 2633 2562 cujus
2660 2488 2737 2563 illi

1608 2562 2111 2663 {animm
2109 2550 2126 2662 2¹
2130 2550 2735 2673 ⁰33¹1¹13²2⁸32m⁸⁵²63⁰32⁸1

1608 2680 1719 2729 6⁷5.
1779 2680 2107 2728 Accesserant
2136 2677 2351 2741 (doctius
2381 2678 2521 2737 dixit,
2554 2684 2735 2740 aperti

1606 2743 1763 2804 aaut)
1795 2743 1981 2792 scilicet
2003 2752 2053 2792 et
2073 2743 2135 2792 ad
2154 2742 2248 2791 hoc
2276 2741 2415 2791 littus
2442 2752 2494 2790 et
2512 2742 2565 2791 in
2585 2752 2732 2806 portu

1605 2807 1937 2865 escenderant,
1962 2807 2047 2857 sed
2081 2806 2143 2857 ad
2176 2806 2521 2855 Achemenide
2557 2806 2731 2855 moniti

1695 2872 1812 2918 'unt

1604 2870 1780 2982 ω82108.
1816 2938 1995 2982 Forsan
2026 2944 2073 2983 et
2094 2938 2191 2983 haec
2212 2938 2318 2982 olim
2332 2954 2349 2981 .·
2379 2933 2591 2983 nobilem
2613 2950 2726 2983 sen-

1606 2998 1809 3047 tentiam
1831 2998 2077 3047 illustrant
2093 2998 2253 3047 Cerda
2276 3010 2327 3047 et
2344 2998 2441 3047 alii.
2498 2999 2597 3047 Sed
2614 3016 2728 3065 per-

1603 3060 1728 3109 tinet
1748 3063 1841 3109 huc
1859 3062 2197 3127 Euripideum,
2213 3062 2296 3112 Ὦς
2308 3062 2397 3120 ἡδύ
2412 3081 2503 3120 τοι,
2519 3062 2733 3113 σωθέντα

1599 3128 1864 3185 μεμνῆσθαι
1880 3124 2049 3185 πόνων,
2074 3126 2248 3174 Latine
2269 3142 2558 3175 conversum
2580 3144 2610 3175 a
2626 3129 2729 3177 Cic.

1601 3188 1662 3236 de
1696 3190 1803 3237 Fin.
1837 3190 1889 3247 ii,
1918 3192 2011 3246 323
2048 3200 2099 3239 et
2128 3200 2242 3238 ante
2271 3190 2493 3256 Euripid.
2520 3192 2730 3241 Homeri

1602 3252 1736 3301 locus
1754 3253 1927 3317 Odyss.
1948 3272 1987 3312 o,
2009 3256 2281 3307 897-4-00.
2336 3254 2599 3317 Ingeniosa
2615 3256 2727 3305 imi·

1602 3316 1785 3364 tatione
1828 3318 1931 3365 haec
1962 3326 2159 3366 secutus
2190 3328 2266 3366 est
2296 3319 2480 3367 Statius
2513 3319 2531 3367 i
2573 3320 2727 3369 Theb.

1601 3380 1711 3437 472,
1728 3383 1903 3430 Forsan
1920 3390 1966 3429 et
1981 3386 2065 3429 has
2078 3390 2293 3429 venturus
2311 3400 2438 3429 amr
2448 3388 2729 3444 praemt‘serit

1600 3446 1711 3501 iras,
1748 3446 1811 3491 Ut
1832 3449 2083 3493 meminisse
2090 3446 2243 3506 juvet.

1666 3508 1937 3558 204—207.
1994 3508 2091 3557 Per
2134 3508 2223 3556 hos
2266 3508 2399 3571 ipsos
2444 3527 2590 3567 emus,
2636 3527 2728 3574 per

1600 3570 1705 3617 haec
1725 3573 1993 3620 discrimina
2014 3588 2165 3620 rerunt
2182 3592 2199 3620 .-
2230 3573 2541 3637 pleonssmus
2566 3575 2726 3638 poetis

1600 3633 1946 3697 frequentatus.
2005 3636 2218 3685 Possunt
2247 3646 2411 3685 tamen
2432 3654 2507 3685 res
2526 3654 2618 3702 pro
2644 3654 2722 3687 re-

1600 3698 1691 3747 bus
1724 3699 1955 3758 adversis,
1984 3700 2231 3765 periculis,
2254 3700 2423 3765 accipi,
2446 3711 2505 3750 ut
2532 3719 2578 3749 v.
2616 3703 2723 3753 178.

1600 3764 1739 3810 Sedes
1760 3763 1965 3827 abisam
1984 3769 2162 3827 quietas
2189 3768 2457 3823 Ostendant,
2475 3767 2524 3814 h.
2547 3782 2589 3815 e.
2614 3784 2724 3817 ora-

1596 3826 1707 3873 cuia
1751 3836 1802 3875 et
1844 3829 2047 3891 auguria
2089 3829 2377 3894 praedicunt,
2416 3832 2723 3894 promittunt.

1600 3892 1847 3939 escendere
1874 3892 2083 3955 egregie,
2106 3893 2333 3955 inprimis
2354 3904 2527 3957 poete,
2550 3896 2643 3943 hac
2671 3896 2725 3944 in

1594 3966 1663 3999 re.
1733 3954 1891 4002 Iidem
1912 3954 1998 4016 sas
2033 3972 2140 4004 esse
2173 3956 2345 4005 dieunt
2378 3974 2438 4006 ea
2468 3974 2577 4020 quae
2610 3960 2724 4009 fatis

1595 4016 1871 4066 volentibus
1913 4028 1965 4066 et
2000 4019 2307 4069 oraculorum
2352 4022 2543 4071 monim
2581 4024 2720 4073 fiunt.

1594 4082 1779 4129 Durare
1824 4098 1915 4145 pro
1956 4082 2135 4131 durare
2184 4100 2251 4142 se,
2299 4086 2515 4133 animum
2560 4103 2719 4147 suum,

1688 4154 1750 4193 tae
1792 4146 2021 4210 primum,
2061 4164 2177 4196 mox
2220 4148 2305 4197 aiii
2348 4149 2625 4213 scriptores,
2666 4163 2721 4201 ut

1636 4208 1804 4257 acitus.
1859 4213 2034 4269 Τλῆτσ,
2059 4212 2210 4273 φίλοι·
2236 4211 2375 4261 Iliad.
2395 4213 2451 4261 ii.
2476 4218 2525 4271 β,
2552 4217 2662 4264 299.

1658 4274 1766 4331 208,
1792 4276 1902 4322 209.
1938 4278 2285 4338 Magnanimum
2307 4281 2503 4330 AEmnt
2534 4278 2714 4327 videns.

1590 4336 1781 4395 Premit,
1806 4338 2032 4397 occultat,
2058 4350 2113 4387 ut
2128 4356 2272 4405 sepe.
2321 4343 2483 4389 Auum
2502 4344 2715 4406 proprie,

1588 4398 1687 4446 alto
1725 4402 1884 4460 corde,
1912 4403 1960 4450 h.
1988 4418 2029 4451 e.
2066 4403 2255 4461 intimo,
2284 4403 2372 4453 sed
2401 4404 2542 4453 docte
2570 4417 2715 4471 poeta
