3050 4934
405 243 536 305 206

1296 236 1823 304 AENEIDOS

579 390 971 474 Despiciens
1001 412 1178 454 mare
1207 389 1569 466 velivolum,
1601 399 1940 472 terrasque
1961 390 2283 472 jacentes,

407 492 536 555 225
581 490 990 575 Litteraque,
1020 501 1090 555 et
1113 489 1278 553 latos
1310 490 1614 574 populoS,
1648 490 1738 554 sie
1771 490 2008 553 vertice
2039 488 2187 553 coeli

579 592 910 667 Constitit,
941 602 1009 655 et
1038 590 1268 674 Libyae
1298 590 1533 654 defixit
1556 590 1797 655 lumina
1824 591 2066 673 regnis,

577 692 801 776 Atque
831 690 1030 767 illum,
1060 690 1224 754 tales
1244 692 1602 774 jactantem
1630 700 1896 775 pectore
1926 712 2141 765 curae,

578 793 884 869 Tristior,
917 804 984 857 et
1012 792 1288 856 lacrimis
1319 792 1545 857 oculos
1578 792 1827 857 suffusa
1856 794 2157 867 nitenteS,

580 894 956 977 Alloquitur
990 894 1256 957 Venus:
1304 892 1370 957 Ο
1399 894 1512 976 qui
1542 914 1648 957 res
1678 893 2135 975 hominumque
2166 890 2489 972 deumque

269 997 539 1065 zs-{230
582 995 878 1059 AEternis
909 995 1082 1078 regis
1111 994 1396 1077 imperiis
1426 1004 1494 1057 et
1523 992 1786 1057 fulmine
1815 1004 2047 1068 terrea,

399 1067 408 1166 l
584 1096 765 1169 Quid
793 1116 976 1159 meus
1007 1093 1260 1158 AEneas
1292 1094 1359 1157 in
1389 1104 1454 1159 te
1485 1096 1883 1157 committere
1915 1102 2187 1167 tantum,

585 1196 765 1267 Quid
797 1195 1013 1259 Troes
1043 1204 1342 1277 potuere,
1375 1195 1636 1276 quibuS,
1670 1204 1768 1257 tot
1796 1193 2028 1257 funera
2055 1193 2291 1276 passiS,

583 1296 875 1359 C’unctus
907 1295 993 1358 ob
1023 1292 1274 1357 Italiam
1302 1304 1623 1357 terrarum
1652 1293 1977 1357 clauditur
2006 1293 2229 1356 orbis?

584 1396 780 1459 Certe
809 1394 962 1459 hinc
993 1390 1326 1458 Romanos
1356 1393 1528 1470 olim,
1560 1393 1963 1457 volventibus
1994 1392 2202 1467 annis,

411 1497 540 1559 235
585 1494 761 1559 Hinc
789 1494 930 1559 fore
959 1494 1289 1570 ductores,
1319 1505 1623 1558 revocato
1654 1518 1694 1557 a
1724 1494 2035 1577 sanguine
2065 1491 2331 1567 Teucri,

586 1596 720 1669 Qui
743 1617 942 1671 mare,
973 1596 1084 1678 qui
1114 1604 1322 1658 terras
1353 1595 1526 1657 omni
1555 1595 1799 1658 ditione
1830 1602 2149 1667 tenerent,

584 1695 954 1760 Pollicitus:
1000 1718 1148 1779 quae
1177 1705 1266 1771 te,
1299 1696 1577 1777 genitor,
1610 1694 1931 1759 sententia
1957 1693 2194 1756 vertit?

584 1796 738 1861 Hoc
764 1796 1068 1880 equidem
1097 1817 1396 1860 occasum
1425 1793 1651 1878 Trojae
1682 1795 2029 1878 tristesque
2059 1793 2278 1856 ruinas

479 1950 588 1995 224.
623 1948 760 1995 Mare
793 1949 1027 1995 velivolum
1065 1943 1320 2007 exquisite,
1351 1944 1402 1990 in
1439 1958 1535 2005 quo

413 2012 522 2061 vela
539 2010 718 2068 volant,
738 2026 848 2057 cum
867 2009 1066 2073 proprie
1083 2022 1234 2057 naves
1252 2006 1352 2055 sint
1368 2009 1532 2054 velivo-

414 2080 485 2123 lae.
527 2078 696 2122 Terras
699 2074 912 2136 jacentes
925 2073 1170 2136 praeclare,
1183 2080 1412 2135 respectu
1425 2069 1533 2133 qui-

412 2139 524 2185 dem
548 2139 579 2186 J
583 2138 688 2185 ovis
709 2152 772 2186 ex
793 2138 892 2184 alto
913 2134 1275 2199 prospicientis,
1299 2142 1537 2197 porrectae

413 2204 506 2250 sub
518 2201 626 2265 ipso
639 2209 691 2249 et
701 2201 799 2249 late
818 2209 1066 2264 patentes;
1103 2213 1377 2261 quanquam
1399 2206 1536 2245 terra

400 2267 626 2328 jacentes,
647 2273 784 2327 gente
813 2265 1038 2375 {aventes
1064 2272 1116 2310 et
1135 2262 1251 2310 alibi
1267 2277 1343 2335 ap.
1365 2270 1537 2324 poetas

413 2338 678 2376 occurrunt
693 2328 820 2392 simp
839 2327 979 2375 iciter
988 2330 1154 2389 posita·
1165 2344 1180 2373 .·
1205 2323 1431 2375 similiter
1451 2328 1540 2373 lati

408 2394 570 2455 populi
591 2400 707 2440 sunt
725 2390 859 2439 dicti.

480 2456 753 2506 225—22'7.
789 2458 880 2511 Sic,
905 2454 1068 2513 αὕτως,
1099 2468 1200 2501 non
1232 2468 1426 2517 semper
1463 2461 1541 2501 est

413 2530 598 2569 temere
621 2519 699 2567 vel
721 2519 914 2576 frustra,
937 2518 1039 2577 sed,
1063 2517 1148 2573 sic,
1171 2516 1244 2565 uti
1272 2531 1350 2565 res
1373 2532 1426 2564 se
1447 2516 1537 2564 ha-

413 2587 510 2641 bet,
527 2600 622 2647 quo
639 2592 770 2632 statu
785 2582 872 2631 illa
885 2591 972 2631 est.
1024 2583 1072 2631 N
1074 2598 1139 2629 on
1157 2590 1339 2629 temere
1361 2581 1392 2628 J
1395 2595 1538 2628 ovem

415 2648 581 2697 oculos
601 2647 654 2695 in
677 2647 860 2695 Africa!
890 2646 1056 2694 littora
1078 2656 1130 2693 et
1149 2645 1322 2692 AEneae
1339 2644 1536 2691 naufra-

413 2712 550 2775 gium
571 2712 787 2759 intentos
807 2710 1049 2767 habuisse,
1077 2716 1289 2772 arguunt
1306 2706 1416 2755 illa:
1453 2710 1535 2755 de-

401 2778 514 2837 fixit
537 2777 890 2822 lumino—tales
901 2775 1159 2837 jactantem
1186 2780 1368 2833 pectore
1386 2788 1535 2819 curas.

415 2838 576 2901 Igitur
597 2837 948 2901 accipiendum,
971 2842 1053 2896 sic,
1077 2845 1134 2883 ut
1149 2846 1268 2893 erat,
1287 2838 1539 2896 despiciens

413 2905 634 2961 constitit,
670 2917 761 2966 pro
801 2900 1027 2965 simplici,
1073 2899 1328 2963 prospexit
1367 2908 1535 2947 terras.

415 2968 614 3025 Ornate,
657 2969 876 3023 constitit,
930 2964 1060 3027 quod
1108 2962 1332 3011 homines
1379 2962 1538 3011 facere

411 3031 572 3078 solent
592 3029 674 3093 qui
711 3029 877 3077 oculos
909 3028 1219 3089 animumque
1251 3026 1304 3073 in
1327 3026 1539 3089 aliquam

412 3110 520 3142 rem
563 3092 838 3150 intendunt,
883 3093 1118 3154 (stantem
1163 3099 1324 3140 autem
1369 3099 1539 3140 contra

412 3172 612 3214 morem,
639 3171 736 3203 non
758 3156 1011 3204 sedentem
1029 3156 1060 3203 J
1063 3170 1204 3203 ovem
1221 3154 1302 3202 hic
1323 3154 1540 3217 cogitare

411 3234 612 3269 necesse
629 3218 744 3280 est,)
760 3228 810 3267 et
827 3222 982 3281 deficit
1002 3222 1173 3267 Iuntina
1189 3222 1344 3281 reguis
1356 3221 1535 3280 Libye,

411 3283 464 3332 in
497 3284 660 3331 littore
693 3282 888 3341 Africoe,
921 3283 983 3331 ad
1018 3282 1146 3345 quod
1169 3282 1353 3330 AEneas
1388 3296 1539 3330 naves

413 3347 723 3396 subduxerat.
767 3347 817 3395 N
820 3347 984 3395 otabili
999 3356 1162 3394 autem
1176 3345 1408 3394 orationis
1423 3347 1535 3394 bre-

411 3412 564 3459 vitate
600 3412 630 3459 J
636 3426 776 3458 ovem
809 3410 1186 3474 cogitabundum
1223 3408 1416 3458 stefisse
1447 3409 1535 3457 de-

413 3476 566 3524 clarat
621 3484 744 3532 oeta,
769 3483 821 3522 et
837 3491 986 3533 caras,
1009 3474 1327 3537 cogitationes
1349 3481 1400 3521 et
1421 3488 1537 3521 con—

415 3539 538 3597 silia,
597 3554 626 3587 e
647 3539 970 3601 Trojanorum
1005 3538 1279 3587 calamitate
1315 3538 1538 3599 agitasse.

417 3605 592 3666 Itaque
607 3619 634 3651 r
781 3612 834 3651 tu
854 3605 944 3651 τοῦ
959 3606 1027 3651 sie
1041 3600 1250 3665 subjicit,
1269 3604 1385 3649 tales
1406 3618 1543 3649 curas

401 3668 676 3730 jactantem,
731 3702 744 3714 .
765 3683 806 3715 e.
827 3682 940 3715 cum
959 3667 1090 3715 hunc
1102 3666 1154 3713 in
1173 3664 1370 3714 modum
1387 3665 1543 3713 oculis

415 3730 674 3793 animoque
696 3731 748 3778 in
772 3732 946 3779 AEneae
966 3730 1078 3779 fatis
1101 3738 1231 3778 esset
1251 3728 1455 3777 defixus.

481 3796 590 3842 228.
628 3796 849 3843 Observa
879 3804 1036 3842 artem
1066 3803 1237 3858 poetae.
1297 3793 1368 3839 Ut
1392 3792 1540 3841 mise-

413 3858 652 3907 rationem
695 3857 841 3905 faciat
881 3858 1066 3916 Venus,
1113 3860 1277 3914 tristis,
1313 3859 1446 3917 stem,
1493 3865 1545 3904 et

409 3926 609 3985 pulchra
625 3922 788 3970 induci
794 3930 886 3969 tur.

479 3988 576 4035 229
598 4002 700 4049 sqq.
739 3986 958 4034 Macrob.
989 3984 1040 4033 vi
1073 3982 1173 4032 Sat.
1197 3986 1240 4041 2,
1285 3986 1381 4033 Hie
1417 3986 1540 4031 Iocus

415 4058 537 4099 totus
553 4068 584 4097 a
598 4052 759 4098 Naem’o
779 4057 954 4097 sumtus
969 4056 1040 4097 est
1055 4064 1110 4097 ex
1123 4052 1273 4109 primo
1291 4051 1409 4095 libro
1433 4050 1541 4095 bello·

414 4116 598 4161 Punici.
655 4116 764 4161 mic
805 4118 924 4163 enim
963 4130 1088 4175 aeque
1133 4114 1284 4160 Venus
1327 4112 1542 4173 Trv’am's

417 4184 682 4238 tempestate
705 4180 1017 4225 laborantibus
1050 4193 1149 4225 eum
1175 4178 1284 4223 Jove
1303 4180 1512 4237 queritur
1527 4194 1545 4223 .-

416 4248 463 4289 εἰ
501 4258 548 4289 se
611 4249 749 4289 untur
779 4246 916 4290 verba
937 4244 1064 4289 Jovis
1089 4244 1242 4301 filiam
1277 4242 1547 4287 consolantis

416 4320 495 4365 spe
560 4312 806 4352 ntur-oram.
863 4304 1148 4369 Comparari
1193 4313 1355 4367 potest
1399 4303 1547 4352 etiam

419 4367 662 4416 Minervae
685 4377 736 4415 et
755 4370 894 4418 Jovis
925 4384 1074 4433 super
1098 4368 1274 4431 Ulysse
1295 4368 1547 4418 altercatio

1588 2260 1789 2324 filmine
1812 2269 1969 2318 terres,
1994 2276 2153 2322 quam,

1600 1942 1774 2005 Odyss.
1800 1960 1844 1999 a,
1858 1942 1923 1989 44
1944 1957 2064 2017 sqq„
2089 1948 2139 1988 et
2158 1939 2313 1988 multo
2330 1940 2486 2003 magis
2499 1941 2723 1990 Thetidis

1600 2005 1863 2067 alloquium
1884 2006 2023 2053 Jovls
2048 2004 2187 2053 Iliad.
2214 2023 2258 2062 a,
2282 2004 2377 2055 497
2400 2021 2502 2067 sqq.

1668 2072 1776 2117 230.
1812 2072 1879 2117 Et
1908 2068 2109 2144 fiamine
2142 2076 2299 2125 terres,
2334 2068 2489 2132 possit
2516 2068 2723 2117 otiosum

1602 2132 1757 2182 videri
1780 2141 1893 2208 post
1910 2131 2009 2190 illa,
2024 2136 2103 2194 qm·
2121 2136 2465 2193 res—imperiis
2479 2151 2498 2187 ,·
2520 2133 2605 2181 sed
2614 2132 2720 2193 sul-

1600 2214 1699 2245 men
1712 2197 1904 2259 insigne
1918 2196 2096 2244 summi
2108 2196 2301 2307 imffiffi
2317 2214 2329 2243 ε
2350 2196 2722 2274 gravius-autem

2248 2274 2360 2307 men
2380 2274 2525 2322 gens,
2542 2276 2681 2322 jacis.

1670 2327 1759 2373 231
1774 2340 1873 2387 sqq.
1899 2323 2165 2371 Manifesta
2175 2323 2482 2372 adumbratio
2495 2340 2723 2372 versuum

1605 2404 1669 2438 ex
1694 2388 1831 2436 Iliad.
1857 2391 1898 2444 δ,
1926 2390 1984 2435 31
2009 2403 2141 2449 sqq.;
2176 2387 2285 2449 ipsa
2306 2396 2469 2435 autem
2493 2388 2725 2436 orationis

1604 2452 1761 2500 forma
1784 2468 1847 2499 ex
1870 2451 2043 2515 Odyss.
2078 2469 2121 2508 a,
2144 2452 2210 2497 44
2232 2467 2332 2513 sqq.
2370 2466 2616 2527 expressa,
2640 2452 2725 2500 ubi

1608 2516 1837 2565 Minerva
1855 2515 1984 2580 apud
2006 2516 2035 2564 J
2041 2530 2181 2563 ovem
2202 2514 2265 2562 de
2284 2516 2474 2579 Ulyssu
2496 2516 2725 2565 aerumnis

1602 2580 2027 2691 cogguettitur,bet
2063 2579 2147 2627 ubi
2182 2587 2311 2691 namt·
2327 2579 2526 2643 Jupiter
2575 2580 2724 2628 simili

1603 2660 1653 2692 m
1718 2660 1748 2691 o
1767 2659 1795 2691 a
1850 2658 1912 2691 ue
1968 2658 2013 2691 ic
2036 2659 2061 2692 r
2180 2658 2213 2689 n
2246 2659 2275 2691 e

1668 2710 1779 2765 232,
1798 2660 1907 2755 2ιέἲᾶ
1934 2658 2219 2764 Quam&
2245 2708 2471 2769 Agnosce
2484 2708 2726 2771 poeticam

1602 2771 1885 2829 orationem,
1906 2786 2010 2834 pro,
2034 2769 2153 2833 quid
2178 2780 2383 2834 potuere
2404 2771 2724 2831 committere,

1604 2846 1659 2883 ut
1690 2835 2155 2883 iis—clauderetur?
2196 2836 2285 2882 Tot
2298 2833 2475 2897 funera
2507 2836 2556 2883 h.
2582 2851 2623 2883 e.
2656 2845 2729 2883 tot

1602 2898 1765 2947 clades
1787 2908 1837 2947 et
1852 2899 2162 2947 calamitates.
2222 2902 2291 2947 Ob
2306 2901 2509 2957 Italiam,
2563 2910 2728 2963 ropter

1606 2962 1762 3010 Italiae
1784 2962 1983 3021 aditum,
2008 2978 2071 3010 ne
2093 2962 2156 3009 ad
2179 2962 2371 3010 Italiam
2404 2980 2488 3011 acc
2582 2974 2648 3021 nt,
2674 2963 2725 3011 in

1604 3034 1705 3074 toto
1722 3035 1962 3074 terrarum
1977 3028 2095 3075 orbe
2110 3026 2273 3073 nullus
2290 3027 2575 3075 considendi
2592 3028 2728 3076 loeua

1602 3090 1665 3138 iis
1682 3090 2002 3165 relinquitun
2037 3104 2151 3137 nam
2170 3100 2357 3154 septem
2391 3106 2546 3139 annos
2568 3091 2725 3140 omni-

1603 3154 1695 3229 bus
1718 3163 1861 3202 terris
1884 3164 1935 3203 et
1962 3154 2177 3203 maribus
2208 3164 2505 3214 erraverant,
2532 3166 2590 3204 ut
2610 3156 2725 3205 AEn.

1602 3232 1621 3265 ι
1642 3227 1766 3266 extr.

1668 3282 1941 3331 234—236.
1977 3285 2117 3341 Hine,
2152 3285 2212 3332 ab
2245 3283 2325 3331 his
2344 3282 2583 3345 Trojanis,
2608 3287 2727 3341 hine,

1602 3363 1635 3393 a
1655 3350 1877 3409 sanguine
1904 3349 2068 3394 Teucri
2092 3356 2309 3405 revocato,
2334 3362 2365 3395 a
2382 3348 2533 3411 stirpe
2552 3348 2731 3397 Teucri

1602 3410 1870 3459 instaurata
1888 3424 1977 3473 per
2000 3424 2174 3457 novam
2195 3410 2494 3474 progeniem,
2515 3412 2598 3473 (cf.
2618 3427 2725 3475 sup.

1606 3474 1638 3532 i,
1668 3476 1725 3523 19
1758 3473 1888 3536 sqq.)
1908 3472 2028 3535 sore,
2054 3473 2262 3521 orituros
2294 3488 2417 3533 esse,
2614 3492 2731 3523 00-—

1606 3541 1827 3595 ductores,
1862 3537 2099 3601 populum
2138 3546 2460 3600 regnatorem,
2488 3543 2568 3601 qm·
2602 3555 2729 3588 ”aare

1606 3609 1888 3649 —tenereat.
1936 3600 1987 3648 Si
2003 3600 2197 3663 quidem
2214 3616 2319 3665 sup.
2342 3616 2389 3653 t.
2416 3604 2494 3660 21,
2511 3605 2729 3665 populum

1608 3669 1701 3714 late
1744 3682 1897 3729 regem
1934 3664 2083 3713 simili
2132 3664 2275 3713 modo
2313 3665 2453 3714 dixit.
2529 3666 2730 3730 Alioqui

1606 3732 1817 3779 ductores
1844 3732 2069 3778 &manoe
2100 3729 2400 3793 intelligeres
2419 3732 2661 3780 Caesarem
2682 3742 2733 3779 et

1608 3793 1945 3842 Octavianum.
2004 3796 2293 3842 Voloentibm
2304 3799 2440 3843 annis
2450 3812 2516 3844 sc.
2532 3812 2600 3853 se,
2616 3805 2733 3844 nota

1702 3857 1800 3905 tica
1816 3857 1954 3914 ratio,
1975 3857 2203 3920 quoniam
2220 3874 2379 3907 annus
2394 3859 2447 3907 in
2466 3861 2633 3908 orbem
2650 3876 2728 3909 re-

1644 3921 1681 3969 't
1699 3918 2055 3983 περιπλομένων
2088 3922 2323 3971 dream-67.
2384 3926 2519 3972 Omni
2544 3927 2729 3983 ditione,

1606 3986 1742 4034 Serv.
1766 3984 1900 4034 omni
1922 3992 2179 4049 potestate,
2204 4001 2339 4050 paee,
2358 3987 2563 4051 leg-ibus,
2588 3988 2727 4036 bello.

1606 4049 1813 4097 Praestat
1845 4048 2008 4097 dicere
2040 4054 2173 4107 omni,
2198 4050 2288 4099 hoc
2312 4060 2399 4109 est,
2434 4066 2623 4100 summa
2638 4067 2726 4117 po-

1676 4177 1786 4228 237.
1840 4180 1953 4230 Quae
2000 4186 2045 4227 te
2094 4182 2321 4227 sententia
2368 4182 2507 4227 vertit
2556 4179 2725 4241 exqui-

1610 4239 1731 4289 site:
1778 4242 1905 4305 quod
1952 4257 2133 4291 novum
2174 4241 2429 4291 consilium
2470 4242 2617 4291 vertit
2662 4254 2725 4299 te,

1612 4305 1819 4354 mutavit
1840 4306 2059 4354 animum
2088 4308 2258 4355 tuum?
2317 4305 2520 4369 Vulgari
2540 4306 2730 4355 ratione

1610 4372 1809 4417 vertitur
1826 4368 2083 4427 sententia.
2108 4368 2316 4428 animus,
2336 4370 2605 4419 consilium.
