<?xml version="1.0" encoding="UTF-8"?>
<!DOCTYPE html PUBLIC "-//W3C//DTD XHTML 1.0 Transitional//EN"
    "http://www.w3.org/TR/xhtml1/DTD/xhtml1-transitional.dtd">
<html xmlns="http://www.w3.org/1999/xhtml" xml:lang="en" lang="en">
 <head>
  <title>
</title>
<meta http-equiv="Content-Type" content="text/html;charset=utf-8" />
  <meta name='ocr-system' content='tesseract 3.04.00' />
  <meta name='ocr-capabilities' content='ocr_page ocr_carea ocr_par ocr_line ocrx_word'/>
</head>
<body>
  <div class='ocr_page' id='page_1' title='image "./publiivirgiliim00unkngoog_0349.png"; bbox 0 0 3050 4934; ppageno 0'>
   <div class='ocr_carea' id='block_1_1' title="bbox 490 256 617 319">
    <p class='ocr_par' dir='ltr' id='par_1_1' title="bbox 490 256 617 319">
     <span class='ocr_line' id='line_1_1' title="bbox 490 256 617 319; baseline -0.016 0"><span class='ocrx_word' id='word_1_1' title='bbox 490 256 617 319; x_wconf 82' lang='lat'><strong>338</strong></span> 
     </span>
    </p>
   </div>
   <div class='ocr_carea' id='block_1_2' title="bbox 1375 246 1906 313">
    <p class='ocr_par' dir='ltr' id='par_1_2' title="bbox 1375 246 1906 313">
     <span class='ocr_line' id='line_1_2' title="bbox 1375 246 1906 313; baseline -0.006 0"><span class='ocrx_word' id='word_1_2' title='bbox 1375 246 1906 313; x_wconf 88' lang='lat' dir='ltr'>AENEIDOS</span> 
     </span>
    </p>
   </div>
   <div class='ocr_carea' id='block_1_3' title="bbox 496 394 2632 2499">
    <p class='ocr_par' dir='ltr' id='par_1_3' title="bbox 664 394 2485 789">
     <span class='ocr_line' id='line_1_3' title="bbox 665 394 2124 476; baseline -0.008 -8"><span class='ocrx_word' id='word_1_3' title='bbox 665 404 953 469; x_wconf 89' lang='lat' dir='ltr'><strong>Mortem</strong></span> <span class='ocrx_word' id='word_1_4' title='bbox 982 410 1160 476; x_wconf 81' lang='lat' dir='ltr'><strong>orat3</strong></span> <span class='ocrx_word' id='word_1_5' title='bbox 1207 398 1409 463; x_wconf 85' lang='lat' dir='ltr'><strong>taedet</strong></span> <span class='ocrx_word' id='word_1_6' title='bbox 1437 398 1584 463; x_wconf 89' lang='lat' dir='ltr'><strong>coeli</strong></span> <span class='ocrx_word' id='word_1_7' title='bbox 1613 418 1904 462; x_wconf 82' lang='lat' dir='ltr'><strong>convexa</strong></span> <span class='ocrx_word' id='word_1_8' title='bbox 1933 394 2124 459; x_wconf 89' lang='lat' dir='ltr'><strong>tueri.</strong></span> 
     </span>
     <span class='ocr_line' id='line_1_4' title="bbox 664 491 2485 585; baseline -0.007 -19"><span class='ocrx_word' id='word_1_9' title='bbox 664 504 820 577; x_wconf 84' lang='lat' dir='ltr'><strong>Quo</strong></span> <span class='ocrx_word' id='word_1_10' title='bbox 850 503 1053 585; x_wconf 85' lang='lat' dir='ltr'><strong>magis</strong></span> <span class='ocrx_word' id='word_1_11' title='bbox 1084 501 1413 583; x_wconf 88' lang='lat' dir='ltr'><strong>inceptum</strong></span> <span class='ocrx_word' id='word_1_12' title='bbox 1442 508 1742 583; x_wconf 74' lang='lat' dir='ltr'><strong>peragat,</strong></span> <span class='ocrx_word' id='word_1_13' title='bbox 1769 497 2108 579; x_wconf 90' lang='lat' dir='ltr'><strong>lucemque</strong></span> <span class='ocrx_word' id='word_1_14' title='bbox 2136 491 2485 576; x_wconf 88' lang='lat' dir='ltr'><strong>relinquat,</strong></span> 
     </span>
     <span class='ocr_line' id='line_1_5' title="bbox 668 595 2320 685; baseline -0.007 -16"><span class='ocrx_word' id='word_1_15' title='bbox 668 605 878 680; x_wconf 88' lang='lat' dir='ltr'><strong>Vidit,</strong></span> <span class='ocrx_word' id='word_1_16' title='bbox 913 602 1320 666; x_wconf 85' lang='lat' dir='ltr'><strong>thuricremis</strong></span> <span class='ocrx_word' id='word_1_17' title='bbox 1344 623 1547 685; x_wconf 90' lang='lat' dir='ltr'><strong>quum</strong></span> <span class='ocrx_word' id='word_1_18' title='bbox 1575 602 1748 665; x_wconf 89' lang='lat' dir='ltr'><strong>dona</strong></span> <span class='ocrx_word' id='word_1_19' title='bbox 1775 600 2138 681; x_wconf 88' lang='lat' dir='ltr'><strong>imponeret</strong></span> <span class='ocrx_word' id='word_1_20' title='bbox 2165 595 2320 671; x_wconf 83' lang='lat' dir='ltr'><strong>aris,</strong></span> 
     </span>
     <span class='ocr_line' id='line_1_6' title="bbox 668 700 2302 789; baseline -0.007 -20"><span class='ocrx_word' id='word_1_21' title='bbox 668 704 1119 789; x_wconf 81' lang='lat' dir='ltr'><strong>(Hm-rendum</strong></span> <span class='ocrx_word' id='word_1_22' title='bbox 1147 702 1375 784; x_wconf 88' lang='lat' dir='ltr'><strong>dictu,)</strong></span> <span class='ocrx_word' id='word_1_23' title='bbox 1404 700 1628 767; x_wconf 87' lang='lat' dir='ltr'><strong>latices</strong></span> <span class='ocrx_word' id='word_1_24' title='bbox 1655 701 2026 783; x_wconf 85' lang='lat' dir='ltr'><strong>nigrescere</strong></span> <span class='ocrx_word' id='word_1_25' title='bbox 2057 716 2302 772; x_wconf 86' lang='lat' dir='ltr'><strong>sacros,</strong></span> 
     </span>
    </p>

    <p class='ocr_par' dir='ltr' id='par_1_4' title="bbox 496 801 2388 1276">
     <span class='ocr_line' id='line_1_7' title="bbox 496 801 2388 889; baseline -0.006 -18"><span class='ocrx_word' id='word_1_26' title='bbox 496 809 625 871; x_wconf 80' lang='lat'><strong>455</strong></span> <span class='ocrx_word' id='word_1_27' title='bbox 668 806 973 889; x_wconf 85' lang='lat' dir='ltr'><strong>Fusaque</strong></span> <span class='ocrx_word' id='word_1_28' title='bbox 1004 806 1069 868; x_wconf 90' lang='lat' dir='ltr'><strong>in</strong></span> <span class='ocrx_word' id='word_1_29' title='bbox 1100 805 1482 868; x_wconf 88' lang='lat' dir='ltr'><strong>obscoenum</strong></span> <span class='ocrx_word' id='word_1_30' title='bbox 1511 824 1582 866; x_wconf 91' lang='lat' dir='ltr'><strong>se</strong></span> <span class='ocrx_word' id='word_1_31' title='bbox 1613 812 1865 865; x_wconf 86' lang='lat' dir='ltr'><strong>vertere</strong></span> <span class='ocrx_word' id='word_1_32' title='bbox 1895 801 2042 863; x_wconf 84' lang='lat' dir='ltr'><strong>vina</strong></span> <span class='ocrx_word' id='word_1_33' title='bbox 2071 817 2388 863; x_wconf 90' lang='lat' dir='ltr'><strong>cruorem.</strong></span> 
     </span>
     <span class='ocr_line' id='line_1_8' title="bbox 670 902 2076 990; baseline -0.007 -15"><span class='ocrx_word' id='word_1_34' title='bbox 670 910 823 975; x_wconf 91' lang='lat' dir='ltr'><strong>Hoc</strong></span> <span class='ocrx_word' id='word_1_35' title='bbox 852 910 1061 972; x_wconf 87' lang='lat' dir='ltr'><strong>visum</strong></span> <span class='ocrx_word' id='word_1_36' title='bbox 1089 906 1270 983; x_wconf 91' lang='lat' dir='ltr'><strong>nulli,</strong></span> <span class='ocrx_word' id='word_1_37' title='bbox 1300 928 1431 971; x_wconf 89' lang='lat' dir='ltr'><strong>non</strong></span> <span class='ocrx_word' id='word_1_38' title='bbox 1460 906 1588 990; x_wconf 88' lang='lat' dir='ltr'><strong>ipsi</strong></span> <span class='ocrx_word' id='word_1_39' title='bbox 1617 902 1816 969; x_wconf 85' lang='lat' dir='ltr'><strong>effata</strong></span> <span class='ocrx_word' id='word_1_40' title='bbox 1847 902 2076 968; x_wconf 90' lang='lat' dir='ltr'><strong>sorori.</strong></span> 
     </span>
     <span class='ocr_line' id='line_1_9' title="bbox 670 1001 2270 1086; baseline -0.005 -13"><span class='ocrx_word' id='word_1_41' title='bbox 670 1010 1003 1075; x_wconf 85' lang='lat' dir='ltr'><strong>Praeterea</strong></span> <span class='ocrx_word' id='word_1_42' title='bbox 1031 1007 1154 1071; x_wconf 84' lang='lat' dir='ltr'><strong>fuit</strong></span> <span class='ocrx_word' id='word_1_43' title='bbox 1180 1009 1249 1071; x_wconf 89' lang='lat' dir='ltr'><strong>in</strong></span> <span class='ocrx_word' id='word_1_44' title='bbox 1276 1007 1465 1071; x_wconf 89' lang='lat' dir='ltr'><strong>tectis</strong></span> <span class='ocrx_word' id='word_1_45' title='bbox 1498 1007 1584 1071; x_wconf 91' lang='lat' dir='ltr'><strong>de</strong></span> <span class='ocrx_word' id='word_1_46' title='bbox 1611 1026 1928 1069; x_wconf 86' lang='lat' dir='ltr'><strong>marmore</strong></span> <span class='ocrx_word' id='word_1_47' title='bbox 1958 1001 2270 1086; x_wconf 87' lang='lat' dir='ltr'><strong>templum</strong></span> 
     </span>
     <span class='ocr_line' id='line_1_10' title="bbox 671 1102 2274 1195; baseline -0.006 -19"><span class='ocrx_word' id='word_1_48' title='bbox 671 1111 985 1195; x_wconf 86' lang='lat' dir='ltr'><strong>Conjugis</strong></span> <span class='ocrx_word' id='word_1_49' title='bbox 1016 1109 1286 1193; x_wconf 81' lang='lat' dir='ltr'><strong>antiqui,</strong></span> <span class='ocrx_word' id='word_1_50' title='bbox 1316 1108 1479 1171; x_wconf 88' lang='lat' dir='ltr'><strong>miro</strong></span> <span class='ocrx_word' id='word_1_51' title='bbox 1507 1107 1686 1190; x_wconf 88' lang='lat' dir='ltr'><strong>quod</strong></span> <span class='ocrx_word' id='word_1_52' title='bbox 1715 1105 1964 1170; x_wconf 91' lang='lat' dir='ltr'><strong>honore</strong></span> <span class='ocrx_word' id='word_1_53' title='bbox 1993 1102 2274 1179; x_wconf 87' lang='lat' dir='ltr'><strong>colebat,</strong></span> 
     </span>
     <span class='ocr_line' id='line_1_11' title="bbox 673 1205 2262 1276; baseline -0.006 -1"><span class='ocrx_word' id='word_1_54' title='bbox 673 1208 1045 1276; x_wconf 86' lang='lat' dir='ltr'><strong>Velleribus</strong></span> <span class='ocrx_word' id='word_1_55' title='bbox 1078 1209 1279 1273; x_wconf 87' lang='lat' dir='ltr'><strong>niveis</strong></span> <span class='ocrx_word' id='word_1_56' title='bbox 1308 1219 1377 1273; x_wconf 91' lang='lat' dir='ltr'><strong>et</strong></span> <span class='ocrx_word' id='word_1_57' title='bbox 1405 1206 1578 1271; x_wconf 84' lang='lat' dir='ltr'><strong>festa</strong></span> <span class='ocrx_word' id='word_1_58' title='bbox 1605 1206 1838 1271; x_wconf 87' lang='lat' dir='ltr'><strong>fronde</strong></span> <span class='ocrx_word' id='word_1_59' title='bbox 1868 1205 2262 1269; x_wconf 87' lang='lat' dir='ltr'><strong>revinctum:</strong></span> 
     </span>
    </p>

    <p class='ocr_par' dir='ltr' id='par_1_5' title="bbox 500 1306 2328 1797">
     <span class='ocr_line' id='line_1_12' title="bbox 500 1306 2042 1377; baseline -0.005 0"><span class='ocrx_word' id='word_1_60' title='bbox 500 1314 629 1376; x_wconf 79' lang='lat'><strong>460</strong></span> <span class='ocrx_word' id='word_1_61' title='bbox 673 1312 850 1377; x_wconf 91' lang='lat' dir='ltr'><strong>Hinc</strong></span> <span class='ocrx_word' id='word_1_62' title='bbox 878 1310 1177 1375; x_wconf 84' lang='lat' dir='ltr'><strong>exaudiri</strong></span> <span class='ocrx_word' id='word_1_63' title='bbox 1204 1330 1396 1373; x_wconf 84' lang='lat' dir='ltr'><strong>voces</strong></span> <span class='ocrx_word' id='word_1_64' title='bbox 1426 1320 1495 1373; x_wconf 86' lang='lat' dir='ltr'><strong>et</strong></span> <span class='ocrx_word' id='word_1_65' title='bbox 1523 1308 1724 1372; x_wconf 85' lang='lat' dir='ltr'><strong>verba</strong></span> <span class='ocrx_word' id='word_1_66' title='bbox 1754 1306 2042 1371; x_wconf 88' lang='lat' dir='ltr'><strong>vocantis</strong></span> 
     </span>
     <span class='ocr_line' id='line_1_13' title="bbox 674 1409 2270 1493; baseline -0.004 -17"><span class='ocrx_word' id='word_1_67' title='bbox 674 1413 839 1477; x_wconf 90' lang='lat' dir='ltr'><strong>Visa</strong></span> <span class='ocrx_word' id='word_1_68' title='bbox 866 1412 1007 1487; x_wconf 85' lang='lat' dir='ltr'><strong>viri,</strong></span> <span class='ocrx_word' id='word_1_69' title='bbox 1040 1434 1173 1474; x_wconf 85' lang='lat' dir='ltr'><strong>nox</strong></span> <span class='ocrx_word' id='word_1_70' title='bbox 1202 1432 1403 1493; x_wconf 90' lang='lat' dir='ltr'><strong>quum</strong></span> <span class='ocrx_word' id='word_1_71' title='bbox 1435 1420 1643 1473; x_wconf 87' lang='lat' dir='ltr'><strong>terras</strong></span> <span class='ocrx_word' id='word_1_72' title='bbox 1672 1409 1956 1472; x_wconf 85' lang='lat' dir='ltr'><strong>obseura</strong></span> <span class='ocrx_word' id='word_1_73' title='bbox 1981 1415 2270 1472; x_wconf 87' lang='lat' dir='ltr'><strong>teneret:</strong></span> 
     </span>
     <span class='ocr_line' id='line_1_14' title="bbox 678 1508 2111 1596; baseline -0.003 -20"><span class='ocrx_word' id='word_1_74' title='bbox 678 1511 959 1596; x_wconf 82' lang='lat' dir='ltr'><strong>Solaque</strong></span> <span class='ocrx_word' id='word_1_75' title='bbox 992 1510 1377 1575; x_wconf 86' lang='lat' dir='ltr'><strong>culminibus</strong></span> <span class='ocrx_word' id='word_1_76' title='bbox 1405 1508 1592 1574; x_wconf 88' lang='lat' dir='ltr'><strong>ferali</strong></span> <span class='ocrx_word' id='word_1_77' title='bbox 1619 1510 1900 1573; x_wconf 83' lang='lat' dir='ltr'><strong>carmine</strong></span> <span class='ocrx_word' id='word_1_78' title='bbox 1928 1509 2111 1572; x_wconf 90' lang='lat' dir='ltr'><strong>bubo</strong></span> 
     </span>
     <span class='ocr_line' id='line_1_15' title="bbox 679 1610 2328 1697; baseline -0.004 -20"><span class='ocrx_word' id='word_1_79' title='bbox 679 1614 871 1697; x_wconf 89' lang='lat' dir='ltr'><strong>Saepe</strong></span> <span class='ocrx_word' id='word_1_80' title='bbox 900 1613 1109 1696; x_wconf 88' lang='lat' dir='ltr'><strong>queri,</strong></span> <span class='ocrx_word' id='word_1_81' title='bbox 1140 1622 1208 1676; x_wconf 90' lang='lat' dir='ltr'><strong>et</strong></span> <span class='ocrx_word' id='word_1_82' title='bbox 1236 1610 1463 1694; x_wconf 88' lang='lat' dir='ltr'><strong>longas</strong></span> <span class='ocrx_word' id='word_1_83' title='bbox 1493 1611 1560 1673; x_wconf 91' lang='lat' dir='ltr'><strong>in</strong></span> <span class='ocrx_word' id='word_1_84' title='bbox 1589 1610 1814 1674; x_wconf 90' lang='lat' dir='ltr'><strong>fletum</strong></span> <span class='ocrx_word' id='word_1_85' title='bbox 1843 1610 2084 1674; x_wconf 88' lang='lat' dir='ltr'><strong>ducere</strong></span> <span class='ocrx_word' id='word_1_86' title='bbox 2113 1628 2328 1672; x_wconf 84' lang='lat' dir='ltr'><strong>voces.</strong></span> 
     </span>
     <span class='ocr_line' id='line_1_16' title="bbox 678 1708 2250 1797; baseline -0.004 -19"><span class='ocrx_word' id='word_1_87' title='bbox 678 1712 1024 1796; x_wconf 83' lang='lat' dir='ltr'><strong>Multaque</strong></span> <span class='ocrx_word' id='word_1_88' title='bbox 1055 1722 1377 1797; x_wconf 77' lang='lat' dir='ltr'><strong>praeterea</strong></span> <span class='ocrx_word' id='word_1_89' title='bbox 1404 1722 1623 1775; x_wconf 83' lang='lat' dir='ltr'><strong>vatum</strong></span> <span class='ocrx_word' id='word_1_90' title='bbox 1649 1708 1966 1794; x_wconf 85' lang='lat' dir='ltr'><strong>praedicta</strong></span> <span class='ocrx_word' id='word_1_91' title='bbox 1993 1710 2250 1793; x_wconf 89' lang='lat' dir='ltr'><strong>piorum</strong></span> 
     </span>
    </p>

    <p class='ocr_par' dir='ltr' id='par_1_6' title="bbox 506 1809 2526 2298">
     <span class='ocr_line' id='line_1_17' title="bbox 506 1809 2456 1895; baseline -0.003 -16"><span class='ocrx_word' id='word_1_92' title='bbox 506 1816 636 1879; x_wconf 80' lang='lat'><strong>465</strong></span> <span class='ocrx_word' id='word_1_93' title='bbox 678 1813 989 1878; x_wconf 90' lang='lat' dir='ltr'><strong>Terribili</strong></span> <span class='ocrx_word' id='word_1_94' title='bbox 1019 1814 1267 1876; x_wconf 88' lang='lat' dir='ltr'><strong>monitu</strong></span> <span class='ocrx_word' id='word_1_95' title='bbox 1298 1811 1696 1875; x_wconf 88' lang='lat' dir='ltr'><strong>horrificant.</strong></span> <span class='ocrx_word' id='word_1_96' title='bbox 1773 1810 1936 1895; x_wconf 84' lang='lat' dir='ltr'><strong>Agit</strong></span> <span class='ocrx_word' id='word_1_97' title='bbox 1964 1811 2106 1895; x_wconf 88' lang='lat' dir='ltr'><strong>ipse</strong></span> <span class='ocrx_word' id='word_1_98' title='bbox 2137 1809 2456 1874; x_wconf 81' lang='lat' dir='ltr'><strong>furentem</strong></span> 
     </span>
     <span class='ocr_line' id='line_1_18' title="bbox 681 1912 2292 1996; baseline -0.003 -17"><span class='ocrx_word' id='word_1_99' title='bbox 681 1916 757 1979; x_wconf 90' lang='lat' dir='ltr'><strong>In</strong></span> <span class='ocrx_word' id='word_1_100' title='bbox 788 1914 1025 1979; x_wconf 88' lang='lat' dir='ltr'><strong>somnis</strong></span> <span class='ocrx_word' id='word_1_101' title='bbox 1058 1914 1235 1977; x_wconf 86' lang='lat' dir='ltr'><strong>ferus</strong></span> <span class='ocrx_word' id='word_1_102' title='bbox 1268 1913 1556 1989; x_wconf 83' lang='lat' dir='ltr'><strong>AEneas3</strong></span> <span class='ocrx_word' id='word_1_103' title='bbox 1604 1932 1988 1996; x_wconf 83' lang='lat' dir='ltr'><strong>semperque</strong></span> <span class='ocrx_word' id='word_1_104' title='bbox 2017 1912 2292 1995; x_wconf 88' lang='lat' dir='ltr'><strong>relinqui</strong></span> 
     </span>
     <span class='ocr_line' id='line_1_19' title="bbox 681 2012 2274 2097; baseline -0.001 -19"><span class='ocrx_word' id='word_1_105' title='bbox 681 2015 835 2080; x_wconf 84' lang='lat' dir='ltr'><strong>Sola</strong></span> <span class='ocrx_word' id='word_1_106' title='bbox 867 2016 1012 2091; x_wconf 91' lang='lat' dir='ltr'><strong>sibi,</strong></span> <span class='ocrx_word' id='word_1_107' title='bbox 1046 2036 1301 2097; x_wconf 89' lang='lat' dir='ltr'><strong>semper</strong></span> <span class='ocrx_word' id='word_1_108' title='bbox 1329 2012 1587 2097; x_wconf 88' lang='lat' dir='ltr'><strong>longam</strong></span> <span class='ocrx_word' id='word_1_109' title='bbox 1617 2015 1988 2078; x_wconf 82' lang='lat' dir='ltr'><strong>incomitata</strong></span> <span class='ocrx_word' id='word_1_110' title='bbox 2015 2013 2274 2077; x_wconf 86' lang='lat' dir='ltr'><strong>videtur</strong></span> 
     </span>
     <span class='ocr_line' id='line_1_20' title="bbox 685 2115 2237 2199; baseline -0.001 -21"><span class='ocrx_word' id='word_1_111' title='bbox 685 2116 791 2179; x_wconf 89' lang='lat' dir='ltr'><strong>Ire</strong></span> <span class='ocrx_word' id='word_1_112' title='bbox 822 2117 1010 2190; x_wconf 83' lang='lat' dir='ltr'><strong>viam,</strong></span> <span class='ocrx_word' id='word_1_113' title='bbox 1042 2126 1111 2178; x_wconf 91' lang='lat' dir='ltr'><strong>et</strong></span> <span class='ocrx_word' id='word_1_114' title='bbox 1139 2115 1375 2197; x_wconf 87' lang='lat' dir='ltr'><strong>Tyrios</strong></span> <span class='ocrx_word' id='word_1_115' title='bbox 1409 2116 1674 2179; x_wconf 84' lang='lat' dir='ltr'><strong>deserta</strong></span> <span class='ocrx_word' id='word_1_116' title='bbox 1701 2136 1994 2199; x_wconf 85' lang='lat' dir='ltr'><strong>quaerere</strong></span> <span class='ocrx_word' id='word_1_117' title='bbox 2026 2126 2237 2179; x_wconf 87' lang='lat' dir='ltr'><strong>terra:</strong></span> 
     </span>
     <span class='ocr_line' id='line_1_21' title="bbox 686 2215 2526 2298; baseline -0.001 -19"><span class='ocrx_word' id='word_1_118' title='bbox 686 2216 1123 2280; x_wconf 83' lang='lat' dir='ltr'><strong>Eumenidum</strong></span> <span class='ocrx_word' id='word_1_119' title='bbox 1153 2215 1351 2277; x_wconf 86' lang='lat' dir='ltr'><strong>veluti</strong></span> <span class='ocrx_word' id='word_1_120' title='bbox 1378 2216 1645 2278; x_wconf 86' lang='lat' dir='ltr'><strong>demens</strong></span> <span class='ocrx_word' id='word_1_121' title='bbox 1675 2217 1853 2279; x_wconf 89' lang='lat' dir='ltr'><strong>videt</strong></span> <span class='ocrx_word' id='word_1_122' title='bbox 1881 2218 2136 2298; x_wconf 85' lang='lat' dir='ltr'><strong>agmina</strong></span> <span class='ocrx_word' id='word_1_123' title='bbox 2165 2215 2526 2290; x_wconf 88' lang='lat' dir='ltr'><strong>Pentheus,</strong></span> 
     </span>
    </p>

    <p class='ocr_par' dir='ltr' id='par_1_7' title="bbox 517 2314 2632 2499">
     <span class='ocr_line' id='line_1_22' title="bbox 517 2314 2632 2397; baseline -0 -17"><span class='ocrx_word' id='word_1_124' title='bbox 517 2318 646 2380; x_wconf 75' lang='lat'><strong>470</strong></span> <span class='ocrx_word' id='word_1_125' title='bbox 692 2316 785 2380; x_wconf 90' lang='lat' dir='ltr'><strong>Et</strong></span> <span class='ocrx_word' id='word_1_126' title='bbox 816 2315 1015 2379; x_wconf 90' lang='lat' dir='ltr'><strong>solem</strong></span> <span class='ocrx_word' id='word_1_127' title='bbox 1045 2315 1391 2397; x_wconf 87' lang='lat' dir='ltr'><strong>geminum,</strong></span> <span class='ocrx_word' id='word_1_128' title='bbox 1424 2327 1493 2377; x_wconf 94' lang='lat' dir='ltr'><strong>et</strong></span> <span class='ocrx_word' id='word_1_129' title='bbox 1520 2314 1813 2397; x_wconf 82' lang='lat' dir='ltr'><strong>duplices</strong></span> <span class='ocrx_word' id='word_1_130' title='bbox 1845 2338 1914 2378; x_wconf 90' lang='lat' dir='ltr'><strong>se</strong></span> <span class='ocrx_word' id='word_1_131' title='bbox 1945 2316 2291 2379; x_wconf 81' lang='lat' dir='ltr'><strong>ostendere</strong></span> <span class='ocrx_word' id='word_1_132' title='bbox 2321 2314 2632 2393; x_wconf 85' lang='lat' dir='ltr'><strong>Thebas;</strong></span> 
     </span>
     <span class='ocr_line' id='line_1_23' title="bbox 688 2414 2296 2499; baseline -0.001 -18"><span class='ocrx_word' id='word_1_133' title='bbox 688 2416 829 2481; x_wconf 88' lang='lat' dir='ltr'><strong>Aut</strong></span> <span class='ocrx_word' id='word_1_134' title='bbox 858 2414 1409 2499; x_wconf 86' lang='lat' dir='ltr'><strong>Agamemnonius</strong></span> <span class='ocrx_word' id='word_1_135' title='bbox 1443 2415 1653 2479; x_wconf 82' lang='lat' dir='ltr'><strong>s&#39;cenis</strong></span> <span class='ocrx_word' id='word_1_136' title='bbox 1683 2417 1966 2498; x_wconf 73' lang='lat' dir='ltr'><strong>agitatus</strong></span> <span class='ocrx_word' id='word_1_137' title='bbox 1998 2417 2296 2494; x_wconf 86' lang='lat' dir='ltr'><strong>Orestes,</strong></span> 
     </span>
    </p>
   </div>
   <div class='ocr_carea' id='block_1_4' title="bbox 513 2610 1640 2802">
    <p class='ocr_par' dir='ltr' id='par_1_8' title="bbox 513 2610 1640 2802">
     <span class='ocr_line' id='line_1_24' title="bbox 513 2610 1632 2673; baseline -0.004 -11"><span class='ocrx_word' id='word_1_138' title='bbox 513 2614 671 2662; x_wconf 88' lang='lat' dir='ltr'><strong>culsos</strong></span> <span class='ocrx_word' id='word_1_139' title='bbox 686 2624 786 2661; x_wconf 87' lang='lat' dir='ltr'><strong>tam</strong></span> <span class='ocrx_word' id='word_1_140' title='bbox 805 2612 1175 2666; x_wconf 82' lang='lat' dir='ltr'><strong>accommodata,</strong></span> <span class='ocrx_word' id='word_1_141' title='bbox 1193 2611 1387 2673; x_wconf 78' lang='lat' dir='ltr'><strong>egregie</strong></span> <span class='ocrx_word' id='word_1_142' title='bbox 1406 2610 1485 2659; x_wconf 86' lang='lat' dir='ltr'><strong>hic</strong></span> <span class='ocrx_word' id='word_1_143' title='bbox 1502 2626 1632 2659; x_wconf 89' lang='lat' dir='ltr'><strong>com-</strong></span> 
     </span>
     <span class='ocr_line' id='line_1_25' title="bbox 514 2684 1634 2739; baseline -0.003 -15"><span class='ocrx_word' id='word_1_144' title='bbox 514 2686 859 2734; x_wconf 82' lang='lat' dir='ltr'><strong>memorantur,</strong></span> <span class='ocrx_word' id='word_1_145' title='bbox 903 2684 1230 2739; x_wconf 82' lang='lat' dir='ltr'><strong>temperantcr</strong></span> <span class='ocrx_word' id='word_1_146' title='bbox 1267 2684 1427 2722; x_wconf 73' lang='lat' dir='ltr'><strong>tamen</strong></span> <span class='ocrx_word' id='word_1_147' title='bbox 1458 2691 1513 2721; x_wconf 84' lang='lat' dir='ltr'><strong>ac</strong></span> <span class='ocrx_word' id='word_1_148' title='bbox 1545 2690 1634 2737; x_wconf 89' lang='lat' dir='ltr'><strong>pu-</strong></span> 
     </span>
     <span class='ocr_line' id='line_1_26' title="bbox 514 2737 1640 2802; baseline -0.003 -14"><span class='ocrx_word' id='word_1_149' title='bbox 514 2742 699 2797; x_wconf 84' lang='lat' dir='ltr'><strong>denter,</strong></span> <span class='ocrx_word' id='word_1_150' title='bbox 723 2756 835 2787; x_wconf 89' lang='lat' dir='ltr'><strong>cum</strong></span> <span class='ocrx_word' id='word_1_151' title='bbox 869 2737 988 2787; x_wconf 84' lang='lat' dir='ltr'><strong>alias</strong></span> <span class='ocrx_word' id='word_1_152' title='bbox 1017 2748 1175 2802; x_wconf 81' lang='lat' dir='ltr'><strong>poetae</strong></span> <span class='ocrx_word' id='word_1_153' title='bbox 1204 2738 1255 2785; x_wconf 90' lang='lat' dir='ltr'><strong>in</strong></span> <span class='ocrx_word' id='word_1_154' title='bbox 1286 2739 1363 2787; x_wconf 88' lang='lat' dir='ltr'><strong>his</strong></span> <span class='ocrx_word' id='word_1_155' title='bbox 1401 2738 1640 2785; x_wconf 84' lang='lat' dir='ltr'><strong>luxuriari</strong></span> 
     </span>
    </p>
   </div>
   <div class='ocr_carea' id='block_1_5' title="bbox 1703 2610 2836 2797">
    <p class='ocr_par' dir='ltr' id='par_1_9' title="bbox 1703 2610 2836 2797">
     <span class='ocr_line' id='line_1_27' title="bbox 1703 2610 2831 2673; baseline 0 -15"><span class='ocrx_word' id='word_1_156' title='bbox 1703 2611 1822 2659; x_wconf 83' lang='lat' dir='ltr'><strong>buit.</strong></span> <span class='ocrx_word' id='word_1_157' title='bbox 1880 2614 2089 2673; x_wconf 72' lang='lat' dir='ltr'><strong>Antiqui,</strong></span> <span class='ocrx_word' id='word_1_158' title='bbox 2157 2610 2314 2659; x_wconf 80' lang='lat' dir='ltr'><strong>rioris.</strong></span> <span class='ocrx_word' id='word_1_159' title='bbox 2383 2614 2636 2659; x_wconf 71' lang='lat' dir='ltr'><strong>Velleribus</strong></span> <span class='ocrx_word' id='word_1_160' title='bbox 2671 2614 2831 2667; x_wconf 68' lang='lat' dir='ltr'><strong>niueis,</strong></span> 
     </span>
     <span class='ocr_line' id='line_1_28' title="bbox 1704 2674 2733 2731; baseline 0.002 -10"><span class='ocrx_word' id='word_1_161' title='bbox 1704 2674 1871 2722; x_wconf 79' lang='lat' dir='ltr'><strong>insulis</strong></span> <span class='ocrx_word' id='word_1_162' title='bbox 1892 2692 1947 2722; x_wconf 85' lang='lat' dir='ltr'><strong>ac</strong></span> <span class='ocrx_word' id='word_1_163' title='bbox 1971 2674 2106 2722; x_wconf 83' lang='lat' dir='ltr'><strong>vittis</strong></span> <span class='ocrx_word' id='word_1_164' title='bbox 2145 2675 2296 2723; x_wconf 84' lang='lat' dir='ltr'><strong>aneis.</strong></span> <span class='ocrx_word' id='word_1_165' title='bbox 2353 2677 2546 2731; x_wconf 66' lang='lat' dir='ltr'><strong>stende,</strong></span> <span class='ocrx_word' id='word_1_166' title='bbox 2571 2674 2733 2723; x_wconf 77' lang='lat' dir='ltr'><strong>sertis.</strong></span> 
     </span>
     <span class='ocr_line' id='line_1_29' title="bbox 1769 2738 2836 2797; baseline 0.002 -12"><span class='ocrx_word' id='word_1_167' title='bbox 1769 2741 1880 2796; x_wconf 81' lang='lat'><strong>462,</strong></span> <span class='ocrx_word' id='word_1_168' title='bbox 1915 2740 2024 2786; x_wconf 77' lang='lat'>463.</span> <span class='ocrx_word' id='word_1_169' title='bbox 2077 2738 2266 2786; x_wconf 88' lang='lat' dir='ltr'><strong>Plinius</strong></span> <span class='ocrx_word' id='word_1_170' title='bbox 2303 2754 2349 2797; x_wconf 84' lang='lat' dir='ltr'><strong>x,</strong></span> <span class='ocrx_word' id='word_1_171' title='bbox 2393 2740 2466 2797; x_wconf 87' lang='lat'><strong>12,</strong></span> <span class='ocrx_word' id='word_1_172' title='bbox 2503 2755 2541 2786; x_wconf 90' lang='lat' dir='ltr'><strong>s.</strong></span> <span class='ocrx_word' id='word_1_173' title='bbox 2584 2739 2660 2797; x_wconf 86' lang='lat'><strong>16,</strong></span> <span class='ocrx_word' id='word_1_174' title='bbox 2699 2741 2836 2787; x_wconf 69' lang='lat' dir='ltr'><strong>Buba</strong></span> 
     </span>
    </p>
   </div>
   <div class='ocr_carea' id='block_1_6' title="bbox 514 2801 2834 2881">
    <p class='ocr_par' dir='ltr' id='par_1_10' title="bbox 514 2801 2834 2881">
     <span class='ocr_line' id='line_1_30' title="bbox 514 2801 2834 2881; baseline 0 -30"><span class='ocrx_word' id='word_1_175' title='bbox 514 2804 728 2859; x_wconf 72' lang='lat' dir='ltr'><strong>soleant3</strong></span> <span class='ocrx_word' id='word_1_176' title='bbox 754 2803 907 2851; x_wconf 87' lang='lat' dir='ltr'><strong>multo</strong></span> <span class='ocrx_word' id='word_1_177' title='bbox 924 2804 1078 2865; x_wconf 77' lang='lat' dir='ltr'><strong>mag-is</strong></span> <span class='ocrx_word' id='word_1_178' title='bbox 1094 2803 1283 2849; x_wconf 86' lang='lat' dir='ltr'><strong>somnia</strong></span> <span class='ocrx_word' id='word_1_179' title='bbox 1302 2818 1345 2850; x_wconf 85' lang='lat' dir='ltr'><strong>v.</strong></span> <span class='ocrx_word' id='word_1_180' title='bbox 1366 2804 1639 2859; x_wconf 65' lang='grc'>465-468,</span> <span class='ocrx_word' id='word_1_181' title='bbox 1692 2801 1979 2881; x_wconf 51' lang='lat' dir='ltr'><strong>fenebrisstt</strong></span> <span class='ocrx_word' id='word_1_182' title='bbox 1988 2807 2178 2851; x_wconf 78' lang='lat' dir='ltr'><strong>maxime</strong></span> <span class='ocrx_word' id='word_1_183' title='bbox 2191 2804 2696 2864; x_wconf 51' lang='lat' dir='ltr'><strong>abonanatuapublieie</strong></span> <span class='ocrx_word' id='word_1_184' title='bbox 2705 2820 2834 2865; x_wconf 67' lang='grc' dir='ltr'><strong>μνω-</strong></span> 
     </span>
    </p>
   </div>
   <div class='ocr_carea' id='block_1_7' title="bbox 508 2867 1654 4465">
    <p class='ocr_par' dir='ltr' id='par_1_11' title="bbox 515 2867 1644 3298">
     <span class='ocr_line' id='line_1_31' title="bbox 515 2867 1642 2929; baseline -0.001 -14"><span class='ocrx_word' id='word_1_185' title='bbox 515 2883 623 2929; x_wconf 82' lang='lat' dir='ltr'><strong>quae</strong></span> <span class='ocrx_word' id='word_1_186' title='bbox 644 2882 706 2915; x_wconf 76' lang='lat' dir='ltr'><strong>ex</strong></span> <span class='ocrx_word' id='word_1_187' title='bbox 726 2867 979 2915; x_wconf 83' lang='lat' dir='ltr'><strong>recondita</strong></span> <span class='ocrx_word' id='word_1_188' title='bbox 1000 2867 1251 2914; x_wconf 88' lang='lat' dir='ltr'><strong>hominum</strong></span> <span class='ocrx_word' id='word_1_189' title='bbox 1270 2867 1406 2928; x_wconf 79' lang='lat' dir='ltr'><strong>gravi</strong></span> <span class='ocrx_word' id='word_1_190' title='bbox 1423 2882 1642 2914; x_wconf 84' lang='lat' dir='ltr'><strong>aerumna</strong></span> 
     </span>
     <span class='ocr_line' id='line_1_32' title="bbox 516 2931 1638 2994; baseline -0.001 -15"><span class='ocrx_word' id='word_1_191' title='bbox 516 2931 803 2981; x_wconf 82' lang='lat' dir='ltr'><strong>afflictorum</strong></span> <span class='ocrx_word' id='word_1_192' title='bbox 843 2931 1179 2979; x_wconf 83' lang='lat' dir='ltr'><strong>observatione</strong></span> <span class='ocrx_word' id='word_1_193' title='bbox 1216 2939 1332 2977; x_wconf 88' lang='lat' dir='ltr'><strong>sunt</strong></span> <span class='ocrx_word' id='word_1_194' title='bbox 1371 2932 1638 2994; x_wconf 79' lang='lat' dir='ltr'><strong>depromta.</strong></span> 
     </span>
     <span class='ocr_line' id='line_1_33' title="bbox 520 2994 1644 3055; baseline -0.002 -12"><span class='ocrx_word' id='word_1_195' title='bbox 520 2994 605 3043; x_wconf 90' lang='lat' dir='ltr'><strong>Nil</strong></span> <span class='ocrx_word' id='word_1_196' title='bbox 637 2996 851 3044; x_wconf 87' lang='lat' dir='ltr'><strong>divinius</strong></span> <span class='ocrx_word' id='word_1_197' title='bbox 872 2996 993 3043; x_wconf 86' lang='lat' dir='ltr'><strong>illis:</strong></span> <span class='ocrx_word' id='word_1_198' title='bbox 1032 3010 1290 3055; x_wconf 73' lang='lat' dir='ltr'><strong>semperque</strong></span> <span class='ocrx_word' id='word_1_199' title='bbox 1316 2998 1513 3055; x_wconf 74' lang='lat' dir='ltr'><strong>relinqui</strong></span> <span class='ocrx_word' id='word_1_200' title='bbox 1539 2998 1644 3042; x_wconf 81' lang='lat' dir='ltr'><strong>Sola</strong></span> 
     </span>
     <span class='ocr_line' id='line_1_34' title="bbox 517 3058 1644 3120; baseline -0.002 -13"><span class='ocrx_word' id='word_1_201' title='bbox 517 3062 621 3117; x_wconf 73' lang='lat' dir='ltr'><strong>sibi,</strong></span> <span class='ocrx_word' id='word_1_202' title='bbox 652 3076 825 3120; x_wconf 76' lang='lat' dir='ltr'><strong>semper</strong></span> <span class='ocrx_word' id='word_1_203' title='bbox 856 3068 947 3105; x_wconf 88' lang='lat' dir='ltr'><strong>ctc.</strong></span> <span class='ocrx_word' id='word_1_204' title='bbox 1016 3059 1153 3105; x_wconf 89' lang='lat' dir='ltr'><strong>Inter</strong></span> <span class='ocrx_word' id='word_1_205' title='bbox 1188 3058 1403 3105; x_wconf 82' lang='lat' dir='ltr'><strong>adversae</strong></span> <span class='ocrx_word' id='word_1_206' title='bbox 1438 3059 1644 3105; x_wconf 80' lang='lat' dir='ltr'><strong>fortunae</strong></span> 
     </span>
     <span class='ocr_line' id='line_1_35' title="bbox 517 3121 1641 3185; baseline 0 -16"><span class='ocrx_word' id='word_1_207' title='bbox 517 3122 753 3169; x_wconf 83' lang='lat' dir='ltr'><strong>beneficia</strong></span> <span class='ocrx_word' id='word_1_208' title='bbox 779 3122 959 3168; x_wconf 85' lang='lat' dir='ltr'><strong>referre</strong></span> <span class='ocrx_word' id='word_1_209' title='bbox 982 3122 1105 3169; x_wconf 86' lang='lat' dir='ltr'><strong>forte</strong></span> <span class='ocrx_word' id='word_1_210' title='bbox 1127 3121 1283 3185; x_wconf 81' lang='lat' dir='ltr'><strong>possis</strong></span> <span class='ocrx_word' id='word_1_211' title='bbox 1312 3132 1362 3169; x_wconf 90' lang='lat' dir='ltr'><strong>et</strong></span> <span class='ocrx_word' id='word_1_212' title='bbox 1382 3123 1487 3179; x_wconf 86' lang='lat' dir='ltr'><strong>hoc,</strong></span> <span class='ocrx_word' id='word_1_213' title='bbox 1512 3122 1641 3184; x_wconf 90' lang='lat' dir='ltr'><strong>quod</strong></span> 
     </span>
     <span class='ocr_line' id='line_1_36' title="bbox 520 3185 1640 3249; baseline 0.001 -16"><span class='ocrx_word' id='word_1_214' title='bbox 520 3185 690 3233; x_wconf 82' lang='lat' dir='ltr'><strong>talium</strong></span> <span class='ocrx_word' id='word_1_215' title='bbox 711 3201 875 3233; x_wconf 88' lang='lat' dir='ltr'><strong>rerum</strong></span> <span class='ocrx_word' id='word_1_216' title='bbox 898 3200 953 3231; x_wconf 82' lang='lat' dir='ltr'><strong>ac</strong></span> <span class='ocrx_word' id='word_1_217' title='bbox 978 3185 1147 3232; x_wconf 86' lang='lat' dir='ltr'><strong>talium</strong></span> <span class='ocrx_word' id='word_1_218' title='bbox 1168 3186 1220 3232; x_wconf 90' lang='lat' dir='ltr'><strong>in</strong></span> <span class='ocrx_word' id='word_1_219' title='bbox 1243 3186 1401 3249; x_wconf 87' lang='lat' dir='ltr'><strong>poetis</strong></span> <span class='ocrx_word' id='word_1_220' title='bbox 1423 3186 1640 3234; x_wconf 88' lang='lat' dir='ltr'><strong>locorum</strong></span> 
     </span>
     <span class='ocr_line' id='line_1_37' title="bbox 518 3248 1602 3298; baseline 0.001 -2"><span class='ocrx_word' id='word_1_221' title='bbox 518 3264 715 3297; x_wconf 88' lang='lat' dir='ltr'><strong>sensum</strong></span> <span class='ocrx_word' id='word_1_222' title='bbox 738 3258 787 3295; x_wconf 88' lang='lat' dir='ltr'><strong>et</strong></span> <span class='ocrx_word' id='word_1_223' title='bbox 809 3248 1075 3296; x_wconf 89' lang='lat' dir='ltr'><strong>dulciorem</strong></span> <span class='ocrx_word' id='word_1_224' title='bbox 1096 3250 1275 3298; x_wconf 83' lang='lat' dir='ltr'><strong>habeas</strong></span> <span class='ocrx_word' id='word_1_225' title='bbox 1298 3260 1349 3298; x_wconf 88' lang='lat' dir='ltr'><strong>et</strong></span> <span class='ocrx_word' id='word_1_226' title='bbox 1367 3250 1602 3298; x_wconf 83' lang='lat' dir='ltr'><strong>altiorem.</strong></span> 
     </span>
    </p>

    <p class='ocr_par' dir='ltr' id='par_1_12' title="bbox 508 3314 1648 3633">
     <span class='ocr_line' id='line_1_38' title="bbox 586 3314 1648 3372; baseline 0.003 -13"><span class='ocrx_word' id='word_1_227' title='bbox 586 3314 696 3371; x_wconf 82' lang='lat'><strong>450,</strong></span> <span class='ocrx_word' id='word_1_228' title='bbox 721 3314 833 3359; x_wconf 83' lang='lat'>451.</span> <span class='ocrx_word' id='word_1_229' title='bbox 858 3314 992 3361; x_wconf 69' lang='lat' dir='ltr'><strong>Fatis</strong></span> <span class='ocrx_word' id='word_1_230' title='bbox 1009 3319 1246 3372; x_wconf 69' lang='lat' dir='ltr'><strong>exterrita,</strong></span> <span class='ocrx_word' id='word_1_231' title='bbox 1265 3324 1574 3363; x_wconf 75' lang='lat' dir='ltr'><strong>consternata</strong></span> <span class='ocrx_word' id='word_1_232' title='bbox 1597 3324 1648 3362; x_wconf 83' lang='lat' dir='ltr'><strong>et</strong></span> 
     </span>
     <span class='ocr_line' id='line_1_39' title="bbox 522 3376 1648 3442; baseline 0.004 -19"><span class='ocrx_word' id='word_1_233' title='bbox 522 3386 686 3424; x_wconf 88' lang='lat' dir='ltr'><strong>mente</strong></span> <span class='ocrx_word' id='word_1_234' title='bbox 730 3376 917 3438; x_wconf 69' lang='lat' dir='ltr'><strong>deJecta</strong></span> <span class='ocrx_word' id='word_1_235' title='bbox 956 3377 1095 3425; x_wconf 83' lang='lat' dir='ltr'><strong>malis</strong></span> <span class='ocrx_word' id='word_1_236' title='bbox 1134 3377 1262 3433; x_wconf 81' lang='lat' dir='ltr'><strong>suis;</strong></span> <span class='ocrx_word' id='word_1_237' title='bbox 1314 3394 1422 3442; x_wconf 77' lang='lat' dir='ltr'><strong>quae</strong></span> <span class='ocrx_word' id='word_1_238' title='bbox 1456 3378 1648 3427; x_wconf 85' lang='lat' dir='ltr'><strong>doctius</strong></span> 
     </span>
     <span class='ocr_line' id='line_1_40' title="bbox 508 3440 1645 3504; baseline 0.002 -16"><span class='ocrx_word' id='word_1_239' title='bbox 508 3440 620 3502; x_wconf 80' lang='lat' dir='ltr'><strong>sata</strong></span> <span class='ocrx_word' id='word_1_240' title='bbox 642 3440 769 3488; x_wconf 86' lang='lat' dir='ltr'><strong>dixit</strong></span> <span class='ocrx_word' id='word_1_241' title='bbox 795 3440 975 3503; x_wconf 88' lang='lat' dir='ltr'><strong>quippe</strong></span> <span class='ocrx_word' id='word_1_242' title='bbox 995 3443 1097 3503; x_wconf 86' lang='lat' dir='ltr'><strong>jam</strong></span> <span class='ocrx_word' id='word_1_243' title='bbox 1128 3454 1273 3490; x_wconf 81' lang='lat' dir='ltr'><strong>certa.</strong></span> <span class='ocrx_word' id='word_1_244' title='bbox 1336 3446 1453 3489; x_wconf 79' lang='lat' dir='ltr'><strong>Orat</strong></span> <span class='ocrx_word' id='word_1_245' title='bbox 1474 3442 1645 3504; x_wconf 84' lang='lat' dir='ltr'><strong>exqui-</strong></span> 
     </span>
     <span class='ocr_line' id='line_1_41' title="bbox 520 3504 1644 3569; baseline 0.003 -17"><span class='ocrx_word' id='word_1_246' title='bbox 520 3504 661 3553; x_wconf 85' lang='lat' dir='ltr'><strong>sitius</strong></span> <span class='ocrx_word' id='word_1_247' title='bbox 700 3520 843 3567; x_wconf 83' lang='lat' dir='ltr'><strong>quam</strong></span> <span class='ocrx_word' id='word_1_248' title='bbox 878 3514 1028 3569; x_wconf 84' lang='lat' dir='ltr'><strong>optat,</strong></span> <span class='ocrx_word' id='word_1_249' title='bbox 1060 3505 1315 3554; x_wconf 83' lang='lat' dir='ltr'><strong>desiderat.</strong></span> <span class='ocrx_word' id='word_1_250' title='bbox 1390 3508 1507 3554; x_wconf 72' lang='lat' dir='ltr'><strong>coeli</strong></span> <span class='ocrx_word' id='word_1_251' title='bbox 1539 3525 1644 3555; x_wconf 71' lang='lat' dir='ltr'><strong>coa-</strong></span> 
     </span>
     <span class='ocr_line' id='line_1_42' title="bbox 522 3569 1180 3633; baseline 0 -17"><span class='ocrx_word' id='word_1_252' title='bbox 522 3586 649 3627; x_wconf 71' lang='lat' dir='ltr'><strong>veaea,</strong></span> <span class='ocrx_word' id='word_1_253' title='bbox 674 3580 729 3617; x_wconf 91' lang='lat' dir='ltr'><strong>ut</strong></span> <span class='ocrx_word' id='word_1_254' title='bbox 750 3585 855 3633; x_wconf 89' lang='lat' dir='ltr'><strong>sup.</strong></span> <span class='ocrx_word' id='word_1_255' title='bbox 884 3570 988 3616; x_wconf 90' lang='lat' dir='ltr'><strong>Ecl.</strong></span> <span class='ocrx_word' id='word_1_256' title='bbox 1015 3569 1077 3627; x_wconf 87' lang='lat' dir='ltr'><strong>iv,</strong></span> <span class='ocrx_word' id='word_1_257' title='bbox 1104 3572 1180 3617; x_wconf 88' lang='lat'><strong>50.</strong></span> 
     </span>
    </p>

    <p class='ocr_par' dir='ltr' id='par_1_13' title="bbox 522 3634 1654 4015">
     <span class='ocr_line' id='line_1_43' title="bbox 588 3634 1645 3683; baseline 0.003 -3"><span class='ocrx_word' id='word_1_258' title='bbox 588 3634 860 3681; x_wconf 73' lang='lat'><strong><em>453—455.</em></strong></span> <span class='ocrx_word' id='word_1_259' title='bbox 889 3634 1026 3682; x_wconf 88' lang='lat' dir='ltr'><strong>Inter</strong></span> <span class='ocrx_word' id='word_1_260' title='bbox 1042 3634 1411 3682; x_wconf 82' lang='lat' dir='ltr'><strong>sacrificandum</strong></span> <span class='ocrx_word' id='word_1_261' title='bbox 1432 3634 1555 3683; x_wconf 81' lang='lat' dir='ltr'><strong>vidit</strong></span> <span class='ocrx_word' id='word_1_262' title='bbox 1573 3634 1645 3683; x_wconf 88' lang='lat' dir='ltr'><strong>vi-</strong></span> 
     </span>
     <span class='ocr_line' id='line_1_44' title="bbox 522 3696 1646 3773; baseline 0.003 -29"><span class='ocrx_word' id='word_1_263' title='bbox 522 3712 655 3756; x_wconf 91' lang='lat' dir='ltr'><strong>num,</strong></span> <span class='ocrx_word' id='word_1_264' title='bbox 673 3698 727 3745; x_wconf 89' lang='lat' dir='ltr'><strong>in</strong></span> <span class='ocrx_word' id='word_1_265' title='bbox 748 3696 913 3759; x_wconf 82' lang='lat' dir='ltr'><strong>ignem</strong></span> <span class='ocrx_word' id='word_1_266' title='bbox 928 3697 1144 3756; x_wconf 81' lang='lat' dir='ltr'><strong>libatum,</strong></span> <span class='ocrx_word' id='word_1_267' title='bbox 1164 3698 1216 3745; x_wconf 92' lang='lat' dir='ltr'><strong>in</strong></span> <span class='ocrx_word' id='word_1_268' title='bbox 1230 3698 1517 3773; x_wconf 73' lang='lat' dir='ltr'><strong>sanguinem</strong></span> <span class='ocrx_word' id='word_1_269' title='bbox 1539 3714 1646 3747; x_wconf 84' lang='lat' dir='ltr'><strong>ver-</strong></span> 
     </span>
     <span class='ocr_line' id='line_1_45' title="bbox 524 3762 1653 3837; baseline 0.002 -28"><span class='ocrx_word' id='word_1_270' title='bbox 524 3762 587 3818; x_wconf 78' lang='lat' dir='ltr'><strong>ti;</strong></span> <span class='ocrx_word' id='word_1_271' title='bbox 612 3770 664 3810; x_wconf 87' lang='lat' dir='ltr'><strong>at</strong></span> <span class='ocrx_word' id='word_1_272' title='bbox 684 3777 829 3824; x_wconf 89' lang='lat' dir='ltr'><strong>quam</strong></span> <span class='ocrx_word' id='word_1_273' title='bbox 850 3772 1019 3809; x_wconf 80' lang='lat' dir='ltr'><strong>ornate</strong></span> <span class='ocrx_word' id='word_1_274' title='bbox 1042 3762 1247 3824; x_wconf 79' lang='lat' dir='ltr'><strong>singula,</strong></span> <span class='ocrx_word' id='word_1_275' title='bbox 1272 3772 1419 3810; x_wconf 78' lang='lat' dir='ltr'><strong>ettam</strong></span> <span class='ocrx_word' id='word_1_276' title='bbox 1439 3763 1653 3837; x_wconf 86' lang='lat' dir='ltr'><strong>propriis</strong></span> 
     </span>
     <span class='ocr_line' id='line_1_46' title="bbox 522 3826 1654 3876; baseline 0 -1"><span class='ocrx_word' id='word_1_277' title='bbox 522 3826 711 3876; x_wconf 86' lang='lat' dir='ltr'><strong>verbis!</strong></span> <span class='ocrx_word' id='word_1_278' title='bbox 766 3828 1031 3873; x_wconf 75' lang='lat' dir='ltr'><strong>Obscoemcm</strong></span> <span class='ocrx_word' id='word_1_279' title='bbox 1060 3826 1122 3873; x_wconf 90' lang='lat' dir='ltr'><strong>de</strong></span> <span class='ocrx_word' id='word_1_280' title='bbox 1156 3841 1209 3873; x_wconf 90' lang='lat' dir='ltr'><strong>re</strong></span> <span class='ocrx_word' id='word_1_281' title='bbox 1242 3827 1357 3873; x_wconf 82' lang='lat' dir='ltr'><strong>mali</strong></span> <span class='ocrx_word' id='word_1_282' title='bbox 1389 3827 1568 3875; x_wconf 77' lang='lat' dir='ltr'><strong>ominis</strong></span> <span class='ocrx_word' id='word_1_283' title='bbox 1602 3838 1654 3875; x_wconf 89' lang='lat' dir='ltr'><strong>et</strong></span> 
     </span>
     <span class='ocr_line' id='line_1_47' title="bbox 524 3888 1648 3949; baseline 0 -10"><span class='ocrx_word' id='word_1_284' title='bbox 524 3889 642 3939; x_wconf 81' lang='lat' dir='ltr'><strong>alibi</strong></span> <span class='ocrx_word' id='word_1_285' title='bbox 662 3898 911 3937; x_wconf 79' lang='lat' dir='ltr'><strong>notatum:</strong></span> <span class='ocrx_word' id='word_1_286' title='bbox 946 3890 1065 3937; x_wconf 88' lang='lat' dir='ltr'><strong>Geo.</strong></span> <span class='ocrx_word' id='word_1_287' title='bbox 1092 3888 1123 3946; x_wconf 88' lang='lat' dir='ltr'><strong>i,</strong></span> <span class='ocrx_word' id='word_1_288' title='bbox 1144 3890 1268 3945; x_wconf 80' lang='lat'><strong>470;</strong></span> <span class='ocrx_word' id='word_1_289' title='bbox 1306 3890 1419 3937; x_wconf 83' lang='lat' dir='ltr'><strong>AEn.</strong></span> <span class='ocrx_word' id='word_1_290' title='bbox 1444 3890 1513 3949; x_wconf 90' lang='lat' dir='ltr'><strong>iii,</strong></span> <span class='ocrx_word' id='word_1_291' title='bbox 1541 3893 1648 3939; x_wconf 76' lang='lat'>241.</span> 
     </span>
     <span class='ocr_line' id='line_1_48' title="bbox 532 3954 1648 4015; baseline 0.002 -14"><span class='ocrx_word' id='word_1_292' title='bbox 532 3956 847 4002; x_wconf 64' lang='lat' dir='ltr'><strong>Pharia-remus</strong></span> <span class='ocrx_word' id='word_1_293' title='bbox 860 3970 969 4001; x_wconf 74' lang='lat' dir='ltr'><strong>aras</strong></span> <span class='ocrx_word' id='word_1_294' title='bbox 978 3956 1083 4015; x_wconf 78' lang='lat' dir='ltr'><strong>jam</strong></span> <span class='ocrx_word' id='word_1_295' title='bbox 1102 3954 1294 4001; x_wconf 86' lang='lat' dir='ltr'><strong>Lucret.</strong></span> <span class='ocrx_word' id='word_1_296' title='bbox 1314 3954 1454 4011; x_wconf 78' lang='lat' dir='ltr'><strong>dixit,</strong></span> <span class='ocrx_word' id='word_1_297' title='bbox 1470 3954 1520 4013; x_wconf 88' lang='lat' dir='ltr'><strong>ii,</strong></span> <span class='ocrx_word' id='word_1_298' title='bbox 1539 3954 1648 4005; x_wconf 77' lang='lat'><strong>743.</strong></span> 
     </span>
    </p>

    <p class='ocr_par' dir='ltr' id='par_1_14' title="bbox 520 4018 1649 4465">
     <span class='ocr_line' id='line_1_49' title="bbox 586 4018 1644 4068; baseline 0.001 -3"><span class='ocrx_word' id='word_1_299' title='bbox 586 4018 859 4068; x_wconf 75' lang='lat'><strong>457—461.</strong></span> <span class='ocrx_word' id='word_1_300' title='bbox 894 4018 1045 4066; x_wconf 87' lang='lat' dir='ltr'><strong>Hunc</strong></span> <span class='ocrx_word' id='word_1_301' title='bbox 1061 4018 1221 4065; x_wconf 86' lang='lat' dir='ltr'><strong>locum</strong></span> <span class='ocrx_word' id='word_1_302' title='bbox 1238 4028 1353 4065; x_wconf 84' lang='lat' dir='ltr'><strong>ante</strong></span> <span class='ocrx_word' id='word_1_303' title='bbox 1374 4018 1540 4067; x_wconf 88' lang='lat' dir='ltr'><strong>oculos</strong></span> <span class='ocrx_word' id='word_1_304' title='bbox 1559 4019 1644 4066; x_wconf 86' lang='lat' dir='ltr'><strong>ha-</strong></span> 
     </span>
     <span class='ocr_line' id='line_1_50' title="bbox 522 4080 1649 4145; baseline 0.002 -16"><span class='ocrx_word' id='word_1_305' title='bbox 522 4082 638 4130; x_wconf 89' lang='lat' dir='ltr'><strong>bere</strong></span> <span class='ocrx_word' id='word_1_306' title='bbox 664 4082 834 4130; x_wconf 88' lang='lat' dir='ltr'><strong>debuit</strong></span> <span class='ocrx_word' id='word_1_307' title='bbox 854 4081 1040 4145; x_wconf 87' lang='lat' dir='ltr'><strong>Popius</strong></span> <span class='ocrx_word' id='word_1_308' title='bbox 1067 4081 1117 4128; x_wconf 89' lang='lat' dir='ltr'><strong>in</strong></span> <span class='ocrx_word' id='word_1_309' title='bbox 1140 4081 1423 4145; x_wconf 82' lang='lat' dir='ltr'><strong>plenissima</strong></span> <span class='ocrx_word' id='word_1_310' title='bbox 1448 4080 1649 4131; x_wconf 78' lang='lat' dir='ltr'><strong>affectus</strong></span> 
     </span>
     <span class='ocr_line' id='line_1_51' title="bbox 523 4142 1644 4209; baseline 0.003 -18"><span class='ocrx_word' id='word_1_311' title='bbox 523 4145 703 4191; x_wconf 85' lang='lat' dir='ltr'><strong>summi</strong></span> <span class='ocrx_word' id='word_1_312' title='bbox 722 4145 945 4208; x_wconf 82' lang='lat' dir='ltr'><strong>Epistola</strong></span> <span class='ocrx_word' id='word_1_313' title='bbox 968 4142 1147 4193; x_wconf 75' lang='lat' dir='ltr'><strong>Eloisae</strong></span> <span class='ocrx_word' id='word_1_314' title='bbox 1173 4162 1217 4193; x_wconf 83' lang='lat' dir='ltr'><strong>v.</strong></span> <span class='ocrx_word' id='word_1_315' title='bbox 1242 4146 1336 4196; x_wconf 80' lang='lat'><strong>307</strong></span> <span class='ocrx_word' id='word_1_316' title='bbox 1356 4162 1458 4209; x_wconf 78' lang='lat' dir='ltr'><strong>sqq.</strong></span> <span class='ocrx_word' id='word_1_317' title='bbox 1516 4148 1644 4194; x_wconf 81' lang='lat' dir='ltr'><strong>Tem-</strong></span> 
     </span>
     <span class='ocr_line' id='line_1_52' title="bbox 520 4206 1649 4273; baseline 0.004 -18"><span class='ocrx_word' id='word_1_318' title='bbox 520 4210 662 4267; x_wconf 74' lang='lat' dir='ltr'><strong>plum,</strong></span> <span class='ocrx_word' id='word_1_319' title='bbox 684 4206 903 4271; x_wconf 77' lang='lat' dir='ltr'><strong>intellige</strong></span> <span class='ocrx_word' id='word_1_320' title='bbox 932 4208 1163 4257; x_wconf 78' lang='lat' dir='ltr'><strong>sacellum</strong></span> <span class='ocrx_word' id='word_1_321' title='bbox 1194 4208 1382 4273; x_wconf 77' lang='lat' dir='ltr'><strong>Sychaei</strong></span> <span class='ocrx_word' id='word_1_322' title='bbox 1416 4210 1649 4259; x_wconf 82' lang='lat' dir='ltr'><strong>Manibus</strong></span> 
     </span>
     <span class='ocr_line' id='line_1_53' title="bbox 524 4270 1648 4334; baseline 0.004 -17"><span class='ocrx_word' id='word_1_323' title='bbox 524 4270 753 4327; x_wconf 82' lang='lat' dir='ltr'><strong>dicatum,</strong></span> <span class='ocrx_word' id='word_1_324' title='bbox 776 4271 899 4319; x_wconf 78' lang='lat' dir='ltr'><strong>sorte</strong></span> <span class='ocrx_word' id='word_1_325' title='bbox 924 4288 1035 4320; x_wconf 89' lang='lat' dir='ltr'><strong>cum</strong></span> <span class='ocrx_word' id='word_1_326' title='bbox 1058 4274 1163 4334; x_wconf 88' lang='lat' dir='ltr'><strong>ejus</strong></span> <span class='ocrx_word' id='word_1_327' title='bbox 1184 4273 1223 4321; x_wconf 86' lang='lat' dir='ltr'><strong>s&#39;</strong></span> <span class='ocrx_word' id='word_1_328' title='bbox 1295 4290 1339 4331; x_wconf 91' lang='grc' dir='ltr'><strong>ο,</strong></span> <span class='ocrx_word' id='word_1_329' title='bbox 1362 4282 1421 4321; x_wconf 88' lang='lat' dir='ltr'><strong>ut</strong></span> <span class='ocrx_word' id='word_1_330' title='bbox 1440 4273 1648 4323; x_wconf 87' lang='lat' dir='ltr'><strong>Ovidius</strong></span> 
     </span>
     <span class='ocr_line' id='line_1_54' title="bbox 526 4333 1644 4397; baseline 0.005 -16"><span class='ocrx_word' id='word_1_331' title='bbox 526 4333 767 4395; x_wconf 77' lang='lat' dir='ltr'><strong>expressit</strong></span> <span class='ocrx_word' id='word_1_332' title='bbox 784 4335 940 4397; x_wconf 81' lang='lat' dir='ltr'><strong>Epist.</strong></span> <span class='ocrx_word' id='word_1_333' title='bbox 960 4336 1042 4393; x_wconf 84' lang='lat' dir='ltr'><strong>vii,</strong></span> <span class='ocrx_word' id='word_1_334' title='bbox 1060 4338 1137 4385; x_wconf 87' lang='grc'><strong>99.</strong></span> <span class='ocrx_word' id='word_1_335' title='bbox 1180 4338 1212 4385; x_wconf 88' lang='lat' dir='ltr'>S</span> <span class='ocrx_word' id='word_1_336' title='bbox 1265 4348 1363 4386; x_wconf 85' lang='lat' dir='ltr'><strong>tem</strong></span> <span class='ocrx_word' id='word_1_337' title='bbox 1380 4337 1475 4386; x_wconf 83' lang='lat' dir='ltr'><strong>fuit</strong></span> <span class='ocrx_word' id='word_1_338' title='bbox 1486 4338 1644 4387; x_wconf 88' lang='lat' dir='ltr'><strong>moni-</strong></span> 
     </span>
     <span class='ocr_line' id='line_1_55' title="bbox 526 4398 1644 4465; baseline 0.008 -22"><span class='ocrx_word' id='word_1_339' title='bbox 526 4406 745 4444; x_wconf 87' lang='lat' dir='ltr'><strong>mentum</strong></span> <span class='ocrx_word' id='word_1_340' title='bbox 766 4398 1081 4460; x_wconf 83' lang='lat' dir='ltr'><strong>sepulchrale,</strong></span> <span class='ocrx_word' id='word_1_341' title='bbox 1101 4402 1229 4462; x_wconf 90' lang='lat' dir='ltr'><strong>quod</strong></span> <span class='ocrx_word' id='word_1_342' title='bbox 1250 4402 1536 4465; x_wconf 81' lang='lat' dir='ltr'><strong>religionem</strong></span> <span class='ocrx_word' id='word_1_343' title='bbox 1557 4404 1644 4451; x_wconf 79' lang='lat' dir='ltr'><strong>ha·</strong></span> 
     </span>
    </p>
   </div>
   <div class='ocr_carea' id='block_1_8' title="bbox 1705 2868 2846 3939">
    <p class='ocr_par' dir='ltr' id='par_1_15' title="bbox 1705 2868 2840 3123">
     <span class='ocr_line' id='line_1_56' title="bbox 1705 2868 2838 2928; baseline 0.001 -14"><span class='ocrx_word' id='word_1_344' title='bbox 1705 2884 1834 2927; x_wconf 67' lang='lat' dir='ltr'><strong>cupae</strong></span> <span class='ocrx_word' id='word_1_345' title='bbox 1855 2870 2088 2928; x_wconf 69' lang='lat' dir='ltr'><strong>auspiciis,</strong></span> <span class='ocrx_word' id='word_1_346' title='bbox 2113 2870 2294 2915; x_wconf 72' lang='lat' dir='ltr'><strong>deserta</strong></span> <span class='ocrx_word' id='word_1_347' title='bbox 2325 2868 2482 2915; x_wconf 73' lang='lat' dir='ltr'><strong>incolit</strong></span> <span class='ocrx_word' id='word_1_348' title='bbox 2495 2886 2514 2921; x_wconf 87' lang='lat'><strong>,-</strong></span> <span class='ocrx_word' id='word_1_349' title='bbox 2549 2884 2632 2915; x_wconf 69' lang='lat' dir='ltr'><strong>noc</strong></span> <span class='ocrx_word' id='word_1_350' title='bbox 2653 2875 2838 2915; x_wconf 70' lang='lat' dir='ltr'><strong>tantun</strong></span> 
     </span>
     <span class='ocr_line' id='line_1_57' title="bbox 1705 2934 2840 2985; baseline 0 -6"><span class='ocrx_word' id='word_1_351' title='bbox 1705 2934 1909 2979; x_wconf 73' lang='lat' dir='ltr'><strong>desolata</strong></span> <span class='ocrx_word' id='word_1_352' title='bbox 1929 2934 2011 2978; x_wconf 75' lang='lat' dir='ltr'><strong>sed</strong></span> <span class='ocrx_word' id='word_1_353' title='bbox 2031 2935 2138 2979; x_wconf 72' lang='lat' dir='ltr'><strong>dira</strong></span> <span class='ocrx_word' id='word_1_354' title='bbox 2159 2934 2298 2979; x_wconf 74' lang='lat' dir='ltr'><strong>etiam</strong></span> <span class='ocrx_word' id='word_1_355' title='bbox 2323 2940 2368 2979; x_wconf 71' lang='lat' dir='ltr'><strong>et</strong></span> <span class='ocrx_word' id='word_1_356' title='bbox 2390 2934 2622 2979; x_wconf 68' lang='lat' dir='ltr'><strong>inaccessa</strong></span> <span class='ocrx_word' id='word_1_357' title='bbox 2635 2950 2655 2985; x_wconf 86' lang='lat'><strong>,·</strong></span> <span class='ocrx_word' id='word_1_358' title='bbox 2687 2934 2840 2980; x_wconf 69' lang='lat' dir='ltr'><strong>noctis</strong></span> 
     </span>
     <span class='ocr_line' id='line_1_58' title="bbox 1706 2998 2834 3058; baseline 0 -15"><span class='ocrx_word' id='word_1_359' title='bbox 1706 3003 1950 3043; x_wconf 72' lang='lat' dir='ltr'><strong>monstrum</strong></span> <span class='ocrx_word' id='word_1_360' title='bbox 1964 3014 1982 3049; x_wconf 85' lang='lat'><strong>,-</strong></span> <span class='ocrx_word' id='word_1_361' title='bbox 2015 3010 2096 3043; x_wconf 77' lang='lat' dir='ltr'><strong>nec</strong></span> <span class='ocrx_word' id='word_1_362' title='bbox 2117 3004 2256 3043; x_wconf 75' lang='lat' dir='ltr'><strong>cantu</strong></span> <span class='ocrx_word' id='word_1_363' title='bbox 2277 2998 2430 3057; x_wconf 74' lang='lat' dir='ltr'><strong>aliquo</strong></span> <span class='ocrx_word' id='word_1_364' title='bbox 2450 2998 2635 3052; x_wconf 71' lang='lat' dir='ltr'><strong>vocalis,</strong></span> <span class='ocrx_word' id='word_1_365' title='bbox 2653 2998 2738 3043; x_wconf 69' lang='lat' dir='ltr'><strong>sed</strong></span> <span class='ocrx_word' id='word_1_366' title='bbox 2747 3012 2834 3058; x_wconf 78' lang='lat' dir='ltr'><strong>ge-</strong></span> 
     </span>
     <span class='ocr_line' id='line_1_59' title="bbox 1708 3059 2658 3123; baseline 0.002 -18"><span class='ocrx_word' id='word_1_367' title='bbox 1708 3062 1836 3106; x_wconf 77' lang='lat' dir='ltr'><strong>mitu.</strong></span> <span class='ocrx_word' id='word_1_368' title='bbox 1895 3060 1976 3107; x_wconf 80' lang='lat' dir='ltr'><strong>Ex</strong></span> <span class='ocrx_word' id='word_1_369' title='bbox 1997 3060 2088 3107; x_wconf 87' lang='lat' dir='ltr'><strong>hoc</strong></span> <span class='ocrx_word' id='word_1_370' title='bbox 2109 3060 2216 3107; x_wconf 91' lang='lat' dir='ltr'><strong>loco</strong></span> <span class='ocrx_word' id='word_1_371' title='bbox 2236 3059 2427 3107; x_wconf 77' lang='lat' dir='ltr'><strong>illustra</strong></span> <span class='ocrx_word' id='word_1_372' title='bbox 2446 3068 2658 3123; x_wconf 67' lang='lat' dir='ltr'><strong>poetam.</strong></span> 
     </span>
    </p>

    <p class='ocr_par' dir='ltr' id='par_1_16' title="bbox 1705 3123 2842 3492">
     <span class='ocr_line' id='line_1_60' title="bbox 1769 3123 2836 3179; baseline 0.002 -10"><span class='ocrx_word' id='word_1_373' title='bbox 1769 3123 1878 3169; x_wconf 79' lang='lat'><em>466.</em></span> <span class='ocrx_word' id='word_1_374' title='bbox 1903 3126 1962 3170; x_wconf 75' lang='lat' dir='ltr'><strong>In</strong></span> <span class='ocrx_word' id='word_1_375' title='bbox 1977 3128 2156 3171; x_wconf 70' lang='lat' dir='ltr'><strong>somnis.</strong></span> <span class='ocrx_word' id='word_1_376' title='bbox 2189 3123 2328 3171; x_wconf 88' lang='lat' dir='ltr'><strong>Nihil</strong></span> <span class='ocrx_word' id='word_1_377' title='bbox 2345 3123 2408 3171; x_wconf 87' lang='lat' dir='ltr'><strong>ad</strong></span> <span class='ocrx_word' id='word_1_378' title='bbox 2425 3138 2626 3171; x_wconf 79' lang='lat' dir='ltr'><strong>sensum</strong></span> <span class='ocrx_word' id='word_1_379' title='bbox 2643 3123 2836 3179; x_wconf 58' lang='lat' dir='ltr'><strong>verium</strong></span> 
     </span>
     <span class='ocr_line' id='line_1_61' title="bbox 1705 3186 2840 3251; baseline 0.002 -17"><span class='ocrx_word' id='word_1_380' title='bbox 1705 3187 1865 3236; x_wconf 86' lang='lat' dir='ltr'><strong>solent</strong></span> <span class='ocrx_word' id='word_1_381' title='bbox 1883 3187 2028 3245; x_wconf 86' lang='lat' dir='ltr'><strong>enim,</strong></span> <span class='ocrx_word' id='word_1_382' title='bbox 2049 3188 2092 3236; x_wconf 87' lang='lat' dir='ltr'><strong>si</strong></span> <span class='ocrx_word' id='word_1_383' title='bbox 2111 3187 2249 3251; x_wconf 78' lang='lat' dir='ltr'><strong>gravi</strong></span> <span class='ocrx_word' id='word_1_384' title='bbox 2269 3202 2488 3235; x_wconf 80' lang='lat' dir='ltr'><strong>aerumna</strong></span> <span class='ocrx_word' id='word_1_385' title='bbox 2507 3186 2571 3235; x_wconf 83' lang='lat' dir='ltr'><strong>ad</strong></span> <span class='ocrx_word' id='word_1_386' title='bbox 2591 3186 2840 3235; x_wconf 72' lang='lat' dir='ltr'><strong>insaniam</strong></span> 
     </span>
     <span class='ocr_line' id='line_1_62' title="bbox 1707 3250 2840 3314; baseline 0 -15"><span class='ocrx_word' id='word_1_387' title='bbox 1707 3267 1858 3314; x_wconf 87' lang='lat' dir='ltr'><strong>usque</strong></span> <span class='ocrx_word' id='word_1_388' title='bbox 1881 3260 2056 3300; x_wconf 83' lang='lat' dir='ltr'><strong>aestuat</strong></span> <span class='ocrx_word' id='word_1_389' title='bbox 2071 3252 2276 3308; x_wconf 85' lang='lat' dir='ltr'><strong>animus,</strong></span> <span class='ocrx_word' id='word_1_390' title='bbox 2291 3250 2436 3313; x_wconf 86' lang='lat' dir='ltr'><strong>objici</strong></span> <span class='ocrx_word' id='word_1_391' title='bbox 2449 3250 2692 3312; x_wconf 85' lang='lat' dir='ltr'><strong>ejusmodi</strong></span> <span class='ocrx_word' id='word_1_392' title='bbox 2703 3266 2840 3299; x_wconf 82' lang='lat' dir='ltr'><strong>som-</strong></span> 
     </span>
     <span class='ocr_line' id='line_1_63' title="bbox 1711 3314 2842 3379; baseline 0 -16"><span class='ocrx_word' id='word_1_393' title='bbox 1711 3316 1819 3371; x_wconf 82' lang='lat' dir='ltr'><strong>nia;</strong></span> <span class='ocrx_word' id='word_1_394' title='bbox 1863 3326 1920 3365; x_wconf 87' lang='lat' dir='ltr'><strong>ut</strong></span> <span class='ocrx_word' id='word_1_395' title='bbox 1957 3332 2047 3379; x_wconf 86' lang='lat' dir='ltr'><strong>per</strong></span> <span class='ocrx_word' id='word_1_396' title='bbox 2082 3315 2351 3363; x_wconf 82' lang='lat' dir='ltr'><strong>horrendas</strong></span> <span class='ocrx_word' id='word_1_397' title='bbox 2393 3314 2701 3373; x_wconf 82' lang='lat' dir='ltr'><strong>solitudines,</strong></span> <span class='ocrx_word' id='word_1_398' title='bbox 2747 3330 2842 3379; x_wconf 81' lang='lat' dir='ltr'><strong>per</strong></span> 
     </span>
     <span class='ocr_line' id='line_1_64' title="bbox 1712 3377 2838 3444; baseline 0.001 -17"><span class='ocrx_word' id='word_1_399' title='bbox 1712 3380 1904 3428; x_wconf 82' lang='lat' dir='ltr'><strong>deserta</strong></span> <span class='ocrx_word' id='word_1_400' title='bbox 1917 3380 2110 3444; x_wconf 82' lang='lat' dir='ltr'><strong>palatia,</strong></span> <span class='ocrx_word' id='word_1_401' title='bbox 2125 3388 2212 3427; x_wconf 84' lang='lat' dir='ltr'><strong>aut</strong></span> <span class='ocrx_word' id='word_1_402' title='bbox 2221 3393 2310 3443; x_wconf 87' lang='lat' dir='ltr'><strong>per</strong></span> <span class='ocrx_word' id='word_1_403' title='bbox 2322 3378 2540 3443; x_wconf 83' lang='lat' dir='ltr'><strong>porticus</strong></span> <span class='ocrx_word' id='word_1_404' title='bbox 2554 3377 2838 3437; x_wconf 66' lang='lat' dir='ltr'><strong>immensu,</strong></span> 
     </span>
     <span class='ocr_line' id='line_1_65' title="bbox 1713 3442 2578 3492; baseline 0 -1"><span class='ocrx_word' id='word_1_405' title='bbox 1713 3444 1820 3492; x_wconf 89' lang='lat' dir='ltr'><strong>sine</strong></span> <span class='ocrx_word' id='word_1_406' title='bbox 1844 3443 1941 3491; x_wconf 76' lang='lat' dir='ltr'><strong>tine</strong></span> <span class='ocrx_word' id='word_1_407' title='bbox 1963 3458 2127 3492; x_wconf 83' lang='lat' dir='ltr'><strong>errare</strong></span> <span class='ocrx_word' id='word_1_408' title='bbox 2147 3443 2290 3491; x_wconf 88' lang='lat' dir='ltr'><strong>nobis</strong></span> <span class='ocrx_word' id='word_1_409' title='bbox 2311 3442 2578 3491; x_wconf 80' lang='lat' dir='ltr'><strong>videamur.</strong></span> 
     </span>
    </p>

    <p class='ocr_par' dir='ltr' id='par_1_17' title="bbox 1713 3506 2846 3939">
     <span class='ocr_line' id='line_1_66' title="bbox 1777 3506 2844 3572; baseline 0 -17"><span class='ocrx_word' id='word_1_410' title='bbox 1777 3508 1886 3565; x_wconf 73' lang='lat'><strong>469,</strong></span> <span class='ocrx_word' id='word_1_411' title='bbox 1911 3509 2022 3559; x_wconf 81' lang='lat'><strong>470.</strong></span> <span class='ocrx_word' id='word_1_412' title='bbox 2058 3508 2140 3555; x_wconf 86' lang='lat' dir='ltr'><strong>Ex</strong></span> <span class='ocrx_word' id='word_1_413' title='bbox 2161 3506 2334 3572; x_wconf 84' lang='lat' dir='ltr'><strong>Eurip.</strong></span> <span class='ocrx_word' id='word_1_414' title='bbox 2359 3507 2560 3555; x_wconf 87' lang='lat' dir='ltr'><strong>ductum</strong></span> <span class='ocrx_word' id='word_1_415' title='bbox 2589 3507 2768 3555; x_wconf 79' lang='lat' dir='ltr'><strong>Bacch.</strong></span> <span class='ocrx_word' id='word_1_416' title='bbox 2791 3523 2844 3555; x_wconf 80' lang='lat' dir='ltr'><strong>v.</strong></span> 
     </span>
     <span class='ocr_line' id='line_1_67' title="bbox 1714 3571 2844 3635; baseline -0.001 -15"><span class='ocrx_word' id='word_1_417' title='bbox 1714 3573 1809 3620; x_wconf 89' lang='grc'><strong>916</strong></span> <span class='ocrx_word' id='word_1_418' title='bbox 1828 3587 1928 3634; x_wconf 89' lang='lat' dir='ltr'><strong>sqq.</strong></span> <span class='ocrx_word' id='word_1_419' title='bbox 1946 3572 2054 3619; x_wconf 87' lang='lat' dir='ltr'><strong>loco</strong></span> <span class='ocrx_word' id='word_1_420' title='bbox 2073 3571 2266 3620; x_wconf 87' lang='lat' dir='ltr'><strong>sublimi</strong></span> <span class='ocrx_word' id='word_1_421' title='bbox 2285 3580 2338 3619; x_wconf 92' lang='lat' dir='ltr'><strong>et</strong></span> <span class='ocrx_word' id='word_1_422' title='bbox 2355 3571 2555 3620; x_wconf 75' lang='lat' dir='ltr'><strong>terroris</strong></span> <span class='ocrx_word' id='word_1_423' title='bbox 2572 3572 2738 3635; x_wconf 86' lang='lat' dir='ltr'><strong>pleno,</strong></span> <span class='ocrx_word' id='word_1_424' title='bbox 2755 3572 2844 3620; x_wconf 80' lang='lat' dir='ltr'><strong>ubi</strong></span> 
     </span>
     <span class='ocr_line' id='line_1_68' title="bbox 1713 3634 2846 3684; baseline 0 -1"><span class='ocrx_word' id='word_1_425' title='bbox 1713 3644 1982 3684; x_wconf 85' lang='lat' dir='ltr'><strong>contemtor</strong></span> <span class='ocrx_word' id='word_1_426' title='bbox 2015 3635 2194 3683; x_wconf 86' lang='lat' dir='ltr'><strong>Bacchi</strong></span> <span class='ocrx_word' id='word_1_427' title='bbox 2229 3636 2477 3684; x_wconf 87' lang='lat' dir='ltr'><strong>Pentheus</strong></span> <span class='ocrx_word' id='word_1_428' title='bbox 2507 3634 2560 3683; x_wconf 87' lang='lat' dir='ltr'><strong>in</strong></span> <span class='ocrx_word' id='word_1_429' title='bbox 2588 3635 2846 3683; x_wconf 75' lang='lat' dir='ltr'><strong>vesaniam</strong></span> 
     </span>
     <span class='ocr_line' id='line_1_69' title="bbox 1715 3697 2846 3762; baseline 0.001 -15"><span class='ocrx_word' id='word_1_430' title='bbox 1715 3708 1864 3757; x_wconf 77' lang='lat' dir='ltr'><strong>aetus,</strong></span> <span class='ocrx_word' id='word_1_431' title='bbox 1885 3699 1960 3747; x_wconf 73' lang='lat' dir='ltr'><strong>ocal</strong></span> <span class='ocrx_word' id='word_1_432' title='bbox 1982 3699 2078 3759; x_wconf 69' lang='grc' dir='ltr'><strong>μὴν</strong></span> <span class='ocrx_word' id='word_1_433' title='bbox 2089 3700 2202 3762; x_wconf 79' lang='grc' dir='ltr'><strong><em>ὁρᾷν</em></strong></span> <span class='ocrx_word' id='word_1_434' title='bbox 2220 3718 2302 3759; x_wconf 81' lang='grc' dir='ltr'><strong>μοι</strong></span> <span class='ocrx_word' id='word_1_435' title='bbox 2315 3698 2398 3747; x_wconf 77' lang='grc' dir='ltr'><strong>δύο</strong></span> <span class='ocrx_word' id='word_1_436' title='bbox 2414 3697 2504 3760; x_wconf 67' lang='grc' dir='ltr'><strong>μὲν</strong></span> <span class='ocrx_word' id='word_1_437' title='bbox 2517 3698 2686 3756; x_wconf 70' lang='grc' dir='ltr'><strong>ἡλίους</strong></span> <span class='ocrx_word' id='word_1_438' title='bbox 2701 3697 2846 3757; x_wconf 55' lang='grc' dir='ltr'><strong>δάκῃ</strong></span> 
     </span>
     <span class='ocr_line' id='line_1_70' title="bbox 1717 3760 2844 3825; baseline 0 -14"><span class='ocrx_word' id='word_1_439' title='bbox 1717 3763 1900 3812; x_wconf 54' lang='lat' dir='ltr'><strong>Aurens-</strong></span> <span class='ocrx_word' id='word_1_440' title='bbox 1921 3762 1973 3811; x_wconf 76' lang='grc' dir='ltr'><strong>δὲ</strong></span> <span class='ocrx_word' id='word_1_441' title='bbox 1995 3762 2172 3821; x_wconf 73' lang='grc' dir='ltr'><strong><em>Θήβας,</em></strong></span> <span class='ocrx_word' id='word_1_442' title='bbox 2199 3764 2276 3812; x_wconf 72' lang='grc' dir='ltr'><strong>καὶ</strong></span> <span class='ocrx_word' id='word_1_443' title='bbox 2296 3761 2492 3823; x_wconf 76' lang='grc' dir='ltr'>πόλισμ’</span> <span class='ocrx_word' id='word_1_444' title='bbox 2517 3760 2844 3825; x_wconf 69' lang='grc' dir='ltr'><strong>ἑπτάστομον.</strong></span> 
     </span>
     <span class='ocr_line' id='line_1_71' title="bbox 1715 3826 2846 3938; baseline 0.001 -63"><span class='ocrx_word' id='word_1_445' title='bbox 1715 3831 1916 3938; x_wconf 49' lang='grc' dir='ltr'><strong>Αῆπιίηα</strong></span> <span class='ocrx_word' id='word_1_446' title='bbox 1934 3826 2074 3885; x_wconf 84' lang='lat' dir='ltr'><strong>dixit,</strong></span> <span class='ocrx_word' id='word_1_447' title='bbox 2093 3837 2150 3876; x_wconf 88' lang='lat' dir='ltr'><strong>ut</strong></span> <span class='ocrx_word' id='word_1_448' title='bbox 2167 3834 2326 3891; x_wconf 76' lang='lat' dir='ltr'><strong>poeta,</strong></span> <span class='ocrx_word' id='word_1_449' title='bbox 2346 3843 2437 3891; x_wconf 87' lang='lat' dir='ltr'><strong>pro</strong></span> <span class='ocrx_word' id='word_1_450' title='bbox 2457 3842 2636 3889; x_wconf 74' lang='lat' dir='ltr'><strong>agmen</strong></span> <span class='ocrx_word' id='word_1_451' title='bbox 2657 3827 2846 3877; x_wconf 81' lang='lat' dir='ltr'><strong>Eume-</strong></span> 
     </span>
     <span class='ocr_line' id='line_1_72' title="bbox 1716 3906 1899 3939; baseline -0.005 0"><span class='ocrx_word' id='word_1_452' title='bbox 1716 3906 1767 3939; x_wconf 87' lang='lat' dir='ltr'><strong>m</strong></span> <span class='ocrx_word' id='word_1_453' title='bbox 1803 3907 1899 3939; x_wconf 90' lang='lat' dir='ltr'><strong>um.</strong></span> 
     </span>
    </p>
   </div>
   <div class='ocr_carea' id='block_1_9' title="bbox 1711 3954 2852 4467">
    <p class='ocr_par' dir='ltr' id='par_1_18' title="bbox 1711 3954 2852 4467">
     <span class='ocr_line' id='line_1_73' title="bbox 1780 3954 2850 4018; baseline 0.003 -16"><span class='ocrx_word' id='word_1_454' title='bbox 1780 3954 2052 4006; x_wconf 74' lang='lat'><strong>471—473.</strong></span> <span class='ocrx_word' id='word_1_455' title='bbox 2084 3956 2284 4003; x_wconf 86' lang='lat' dir='ltr'><strong>Orestes</strong></span> <span class='ocrx_word' id='word_1_456' title='bbox 2303 3955 2692 4018; x_wconf 81' lang='lat' dir='ltr'><strong>Agamemnonis</strong></span> <span class='ocrx_word' id='word_1_457' title='bbox 2713 3956 2850 4005; x_wconf 83' lang='lat' dir='ltr'><strong>filius</strong></span> 
     </span>
     <span class='ocr_line' id='line_1_74' title="bbox 1713 4018 2850 4093; baseline 0.001 -25"><span class='ocrx_word' id='word_1_458' title='bbox 1713 4020 2084 4082; x_wconf 81' lang='lat' dir='ltr'><strong>Clytemnestrae</strong></span> <span class='ocrx_word' id='word_1_459' title='bbox 2104 4018 2275 4067; x_wconf 81' lang='lat' dir='ltr'><strong>matris</strong></span> <span class='ocrx_word' id='word_1_460' title='bbox 2295 4019 2459 4069; x_wconf 87' lang='lat' dir='ltr'><strong>Furiis</strong></span> <span class='ocrx_word' id='word_1_461' title='bbox 2479 4020 2710 4093; x_wconf 68' lang='lat' dir='ltr'><strong>agitatus,</strong></span> <span class='ocrx_word' id='word_1_462' title='bbox 2727 4021 2850 4069; x_wconf 84' lang='lat' dir='ltr'><strong>dum</strong></span> 
     </span>
     <span class='ocr_line' id='line_1_75' title="bbox 1713 4083 2850 4147; baseline 0.004 -16"><span class='ocrx_word' id='word_1_463' title='bbox 1713 4092 1916 4131; x_wconf 88' lang='lat' dir='ltr'><strong>matrem</strong></span> <span class='ocrx_word' id='word_1_464' title='bbox 1929 4084 2060 4133; x_wconf 80' lang='lat' dir='ltr'><strong>faces</strong></span> <span class='ocrx_word' id='word_1_465' title='bbox 2073 4083 2167 4133; x_wconf 85' lang='lat' dir='ltr'><strong>sibi</strong></span> <span class='ocrx_word' id='word_1_466' title='bbox 2182 4092 2232 4131; x_wconf 84' lang='lat' dir='ltr'><strong>et</strong></span> <span class='ocrx_word' id='word_1_467' title='bbox 2247 4092 2500 4147; x_wconf 77' lang='lat' dir='ltr'><strong>serpentes</strong></span> <span class='ocrx_word' id='word_1_468' title='bbox 2513 4092 2850 4135; x_wconf 76' lang='lat' dir='ltr'><strong>intentantem</strong></span> 
     </span>
     <span class='ocr_line' id='line_1_76' title="bbox 1711 4147 2846 4211; baseline 0.002 -16"><span class='ocrx_word' id='word_1_469' title='bbox 1711 4147 1905 4209; x_wconf 79' lang='lat' dir='ltr'><strong>fug-iens</strong></span> <span class='ocrx_word' id='word_1_470' title='bbox 1928 4156 2056 4197; x_wconf 86' lang='lat' dir='ltr'><strong>tecto</strong></span> <span class='ocrx_word' id='word_1_471' title='bbox 2085 4147 2291 4211; x_wconf 82' lang='lat' dir='ltr'><strong>prosilit,</strong></span> <span class='ocrx_word' id='word_1_472' title='bbox 2315 4148 2370 4196; x_wconf 88' lang='lat' dir='ltr'><strong>in</strong></span> <span class='ocrx_word' id='word_1_473' title='bbox 2389 4147 2574 4197; x_wconf 83' lang='lat' dir='ltr'><strong>foribus</strong></span> <span class='ocrx_word' id='word_1_474' title='bbox 2599 4148 2718 4197; x_wconf 85' lang='lat' dir='ltr'><strong>tecti</strong></span> <span class='ocrx_word' id='word_1_475' title='bbox 2743 4149 2846 4197; x_wconf 81' lang='lat' dir='ltr'><strong>Fu-</strong></span> 
     </span>
     <span class='ocr_line' id='line_1_77' title="bbox 1712 4210 2849 4275; baseline 0.002 -16"><span class='ocrx_word' id='word_1_476' title='bbox 1712 4210 1810 4259; x_wconf 79' lang='lat' dir='ltr'><strong>rias</strong></span> <span class='ocrx_word' id='word_1_477' title='bbox 1843 4210 1938 4261; x_wconf 89' lang='lat' dir='ltr'><strong>sibi</strong></span> <span class='ocrx_word' id='word_1_478' title='bbox 1975 4226 2243 4269; x_wconf 80' lang='lat' dir='ltr'><strong>occurrere,</strong></span> <span class='ocrx_word' id='word_1_479' title='bbox 2279 4226 2430 4274; x_wconf 83' lang='lat' dir='ltr'><strong>seque</strong></span> <span class='ocrx_word' id='word_1_480' title='bbox 2464 4211 2588 4260; x_wconf 83' lang='lat' dir='ltr'><strong>adeo</strong></span> <span class='ocrx_word' id='word_1_481' title='bbox 2625 4212 2849 4275; x_wconf 78' lang='lat' dir='ltr'><strong>undique</strong></span> 
     </span>
     <span class='ocr_line' id='line_1_78' title="bbox 1713 4274 2852 4339; baseline 0.003 -17"><span class='ocrx_word' id='word_1_482' title='bbox 1713 4276 1978 4325; x_wconf 85' lang='lat' dir='ltr'><strong>terroribus</strong></span> <span class='ocrx_word' id='word_1_483' title='bbox 2018 4275 2211 4333; x_wconf 85' lang='lat' dir='ltr'><strong>mentis,</strong></span> <span class='ocrx_word' id='word_1_484' title='bbox 2254 4274 2500 4339; x_wconf 81' lang='lat' dir='ltr'><strong>parricidii</strong></span> <span class='ocrx_word' id='word_1_485' title='bbox 2541 4275 2596 4323; x_wconf 87' lang='lat' dir='ltr'><strong>in</strong></span> <span class='ocrx_word' id='word_1_486' title='bbox 2635 4287 2852 4325; x_wconf 78' lang='lat' dir='ltr'><strong>matrem</strong></span> 
     </span>
     <span class='ocr_line' id='line_1_79' title="bbox 1713 4338 2850 4403; baseline 0.002 -16"><span class='ocrx_word' id='word_1_487' title='bbox 1713 4339 1956 4389; x_wconf 82' lang='lat' dir='ltr'><strong>commissi</strong></span> <span class='ocrx_word' id='word_1_488' title='bbox 1977 4339 2200 4397; x_wconf 64' lang='lat' dir='ltr'><strong>conscie,</strong></span> <span class='ocrx_word' id='word_1_489' title='bbox 2225 4338 2462 4403; x_wconf 70' lang='lat' dir='ltr'><strong>exagitari</strong></span> <span class='ocrx_word' id='word_1_490' title='bbox 2483 4339 2632 4387; x_wconf 82' lang='lat' dir='ltr'><strong>videt.</strong></span> <span class='ocrx_word' id='word_1_491' title='bbox 2679 4340 2850 4389; x_wconf 78' lang='lat' dir='ltr'><strong>Verba</strong></span> 
     </span>
     <span class='ocr_line' id='line_1_80' title="bbox 1712 4402 2844 4467; baseline 0 -15"><span class='ocrx_word' id='word_1_492' title='bbox 1712 4404 1782 4452; x_wconf 87' lang='lat' dir='ltr'><strong>sic</strong></span> <span class='ocrx_word' id='word_1_493' title='bbox 1805 4404 2136 4467; x_wconf 81' lang='lat' dir='ltr'><strong>expedienda:</strong></span> <span class='ocrx_word' id='word_1_494' title='bbox 2171 4412 2258 4453; x_wconf 80' lang='lat' dir='ltr'><strong>aut</strong></span> <span class='ocrx_word' id='word_1_495' title='bbox 2285 4402 2419 4453; x_wconf 84' lang='lat' dir='ltr'><strong>velut</strong></span> <span class='ocrx_word' id='word_1_496' title='bbox 2444 4403 2496 4450; x_wconf 88' lang='lat' dir='ltr'><strong>in</strong></span> <span class='ocrx_word' id='word_1_497' title='bbox 2517 4418 2668 4452; x_wconf 80' lang='lat' dir='ltr'><strong>scens</strong></span> <span class='ocrx_word' id='word_1_498' title='bbox 2688 4405 2844 4452; x_wconf 76' lang='lat' dir='ltr'><strong>Ores-</strong></span> 
     </span>
    </p>
   </div>
  </div>
 </body>
</html>
