3050 4934
457 246 588 311 590
1345 245 1869 312 AENEIDOS

451 396 581 461 335
625 395 962 460 Consulite
989 396 1056 460 in
1085 397 1388 474 medium,
1421 408 1490 462 et
1516 398 1717 461 rebus
1750 395 2109 460 succurrite
2138 394 2350 458 fessis.

711 496 888 560 Tum
917 496 1218 562 Drances
1247 499 1420 562 idem
1449 497 1767 574 infensus,
1798 519 1995 582 quem
2020 495 2227 580 gloria
2256 494 2469 558 Turni

627 597 916 686 Obliqua
943 598 1184 662 invidia
1215 598 1619 682 stimulisque
1648 598 1941 682 agitabat
1970 597 2228 672 amaris,

628 697 888 781 Largus
918 720 1138 781 opum,
1169 709 1237 762 et
1262 697 1486 782 lingua
1511 698 1761 775 melior,
1794 699 1914 762 sed
1942 697 2179 784 frigida
2206 695 2381 760 bello

628 797 951 875 Dextera,
981 797 1262 863 consiliis
1289 798 1555 864 habitus
1584 823 1717 864 non
1748 797 1949 864 futilis
1978 809 2229 874 auctor,

453 899 583 963 340
627 897 960 963 Seditione
991 909 1260 983 potens3
1304 921 1513 983 genus
1544 901 1697 965 huic
1726 911 2019 965 materna
2043 899 2399 983 superbum

629 998 958 1064 Nobilitas
985 1000 1210 1077 dabat,
1239 1001 1558 1065 incertum
1588 1003 1673 1066 de
1698 1011 1887 1085 patre
1914 1000 2205 1078 ferebat3

628 1101 876 1185 Surgit,
901 1111 971 1164 et
997 1100 1102 1164 his
1131 1111 1361 1165 onerat
1389 1101 1583 1165 dictis
1611 1114 1809 1185 atque
1840 1111 2113 1185 aggerat
2140 1102 2301 1165 iras:

628 1200 798 1265 Rem
827 1200 984 1266 nulli
1013 1202 1378 1278 obscuram,
1407 1213 1651 1266 nostrae
1680 1223 1801 1266 nec
1830 1205 2005 1266 vocis
2035 1214 2359 1286 egentem,

629 1301 955 1378 Consulis,
988 1324 1029 1365 o
1056 1303 1228 1366 bone
1257 1324 1398 1366 rex.
1479 1303 1717 1368 Cuncti
1748 1325 1819 1367 se
1852 1303 2016 1367 scire
2048 1301 2361 1380 fatentur,

454 1405 584 1468 345
629 1403 809 1478 Quid
839 1403 1104 1468 fortuna
1131 1403 1301 1468 ferat
1325 1404 1589 1489 populi;
1643 1406 1761 1470 sed
1784 1405 2003 1470 dicere
2032 1415 2345 1470 mussant.

629 1505 768 1569 Det
793 1503 1160 1569 libertatem
1187 1504 1390 1582 fandi,
1421 1505 1749 1591 flatusque
1779 1507 2091 1584 remittat,

627 1605 836 1690 Cujus
865 1607 951 1670 ob
980 1606 1338 1690 auspicium
1365 1607 1720 1671 infaustum
1746 1629 2093 1692 moresque
2126 1607 2421 1671 sinistros

629 1706 889 1790 (Dicam
917 1707 1242 1791 equidem,
1272 1707 1424 1772 licet
1451 1731 1631 1772 arma
1660 1708 1817 1772 mihi
1842 1721 2247 1792 mortemque
2271 1708 2577 1789 minetur)

632 1807 908 1872 Lumina
938 1817 1036 1871 tot
1065 1809 1378 1873 cecidisse
1409 1811 1672 1886 ducum,
1704 1819 2033 1894 totamque
2062 1809 2355 1874 videmus

456 1911 586 1974 350
629 1909 1024 1974 Consedisse
1057 1911 1285 1974 urbem
1315 1909 1526 1975 luctu:
1574 1911 1729 1975 dum
1760 1911 1964 1974 Troia
1998 1921 2205 1974 tentat

627 2011 884 2088 Castra,
915 2009 1088 2095 fiigae
1116 2011 1352 2089 fidens,
1383 2022 1453 2076 et
1481 2011 1719 2078 coelum
1748 2013 2003 2077 territat
2030 2012 2249 2075 armis.

627 2111 848 2175 Unum
878 2113 1072 2176 etiam
1102 2114 1290 2177 donis
1319 2113 1486 2189 istis,
1517 2133 1667 2197 quae
1696 2112 1973 2196 plurima
1998 2112 2167 2176 mitti

627 2213 1028 2278 Dardanidis
1057 2214 1314 2298 dicique
1334 2215 1561 2299 jubeS,
1592 2237 1812 2293 unum,
1842 2215 2083 2299 optime
2114 2234 2365 2296 regum,

627 2313 960 2398 Adjicias3
1004 2337 1126 2380 nec
1155 2325 1220 2379 te
1250 2314 1442 2380 ullius
1473 2313 1779 2380 violentia
1804 2316 2042 2390 vincat,

455 2417 584 2480 355
629 2415 810 2490 Quin
839 2427 1055 2481 natam
1085 2418 1352 2502 egregio
1380 2439 1626 2502 genero
1655 2417 2000 2501 dignisque
2030 2416 2381 2500 hymenaeis

529 2527 537 2532 ’
629 2517 796 2595 Des,
825 2528 1038 2602 pater,
1072 2529 1140 2583 et
1169 2541 1396 2603 pacem
1423 2518 1595 2582 hanc
1626 2529 1875 2582 oeterno
1904 2517 2155 2582 foedere
2177 2517 2439 2601 jungas.

630 2617 831 2692 Quod
863 2620 917 2683 si
947 2629 1168 2683 tantus
1193 2620 1396 2683 habet
1425 2619 1659 2683 mentis
1688 2629 1756 2682 et
1782 2629 2051 2703 pectora
2077 2628 2323 2694 terror3

564 2793 587 2802 Ρ
627 2719 852 2803 Ipsum
881 2721 1305 2796 obtestemur,
1337 2719 1717 2802 veniamque
1748 2741 2007 2783 oremus
2038 2720 2125 2783 ab
2154 2720 2331 2803 ipso;

629 2820 864 2897 Cedat,
886 2822 998 2905 jus
1029 2821 1363 2905 proprium
1395 2821 1534 2904 regi
1563 2821 1923 2904 patriaeque
1955 2821 2261 2884 remittat.

458 2922 587 2986 360
633 2921 815 2993 Quid
843 2923 1112 2986 miseros
1143 2921 1336 2985 toties
1369 2921 1434 2984 in
1465 2931 1696 3005 aperta
1724 2919 2013 3004 pericula
2042 2921 2213 2984 cives

631 3021 928 3104 Projicis,
960 3044 1001 3085 o
1027 3021 1225 3105 ‚Latio
1255 3032 1454 3105 caput
1481 3021 1717 3086 horum
1746 3033 1813 3086 et
1844 3043 2040 3086 causa
2068 3019 2421 3086 malorum?

631 3121 832 3185 Nulla
863 3120 1036 3185 salus
1066 3121 1266 3186 bello:
1313 3144 1542 3207 pacem
1570 3133 1635 3187 te
1664 3125 1991 3207 poscimus
2022 3145 2268 3199 omnes,

459 3324 615 3374 videri
631 3324 777 3374 debet
797 3323 1034 3390 implicita
1053 3325 1186 3374 inter
1215 3341 1270 3374 se
1297 3325 1573 3375 collocasse.
1639 3326 1819 3388 gantis.
1876 3325 1957 3374 Ad
1976 3325 2181 3374 eandem
2208 3333 2259 3373 et
2290 3324 2586 3373 obstinatum
2608 3325 2777 3374 Tin-ni

462 3389 592 3439 Sella
603 3389 787 3439 curulis
809 3399 860 3438 et
881 3392 1046 3438 trabea
1065 3390 1280 3454 insignia
1301 3390 1509 3455 imperii,
1525 3399 1577 3438 et
1640 3390 1855 3440 animum
1878 3391 2038 3438 refero
2054 3406 2197 3438 mores
2226 3393 2450 3438 sinistros.
2512 3392 2581 3438 012
2602 3393 2771 3452 σωρί-

461 3455 592 3504 inter
611 3469 814 3504 munera
833 3453 964 3502 mitti
995 3455 1139 3504 solita
1159 3456 1290 3518 apud
1315 3455 1577 3512 Romanos,
1644 3458 1763 3502 cium
1778 3473 1793 3502 .·
1828 3454 2043 3518 ampicia
2066 3463 2117 3502 et
2137 3453 2313 3502 ducum
2332 3453 2463 3502 belli.

462 3519 692 3576 Albanos,
729 3519 976 3576 Etruscos,
1011 3519 1225 3582 adeoque
1247 3519 1293 3567 11.
1318 3519 1348 3566 l.
1374 3529 1506 3568 recte
1529 3529 1582 3567 et
1710 3520 1819 3575 850,
1856 3519 1966 3566 851.
2010 3521 2273 3566 σαισεάἰιεο
2310 3521 2450 3576 luces,
2492 3517 2545 3566 iu
2578 3518 2775 3567 luctum

459 3584 590 3649 apud
613 3583 830 3633 Latinos.
1411 3631 1421 3638 ,
1644 3597 1750 3631 esse
1776 3581 2075 3630 demersame
2112 3599 2216 3648 sup.
2242 3582 2292 3640 ii,
2316 3583 2429 3641 624,
2452 3585 2685 3632 cauden
2718 3586 2775 3632 ι’.

527 3651 637 3697 888.
671 3651 860 3712 Lingua
893 3651 1063 3706 melior,
1097 3647 1280 3706 fortior,
1305 3663 1450 3712 quam
1473 3663 1577 3696 ma-
1644 3649 1772 3710 igses
1794 3649 1932 3694 mum
1949 3665 1967 3701 ,-
2000 3647 2053 3694 it.
2079 3647 2145 3704 ix,
2174 3649 2281 3695 14⁵.
2328 3647 2513 3695 Saltem
2534 3650 2777 3696 considere

459 3729 544 3762 nu.
601 3713 672 3762 At
706 3717 863 3777 largus
897 3729 1028 3774 opusc
1062 3713 1274 3762 alienum
1296 3713 1358 3761 ab
1375 3713 1424 3759 h.
1447 3712 1478 3760 1.
1506 3712 1579 3760 vi-
1646 3715 1771 3760 luctu
1811 3710 1995 3760 dictum
2033 3711 2129 3760 erit
2164 3721 2223 3760 ut
2262 3711 2451 3770 collabi,
2492 3711 2775 3768 concidere,

459 3775 565 3826 deri
586 3787 762 3842 potest,
781 3777 885 3826 sive
903 3788 956 3826 ut
973 3779 1110 3827 dives
1131 3777 1209 3835 sit,
1223 3778 1328 3826 sive
1349 3775 1578 3826 liberalis.
1638 3779 1817 3838 jacere,
1840 3776 2127 3834 calamitate,
2150 3775 2331 3826 dolore.
2382 3779 2450 3825 Et
2480 3779 2641 3824 coelsn
2670 3785 2773 3824 ter-

463 3843 525 3891 In
550 3841 710 3890 verbis
737 3842 908 3899 Turni,
931 3842 1108 3904 quibus
1135 3840 1412 3906 respondet,
1435 3851 1512 3890 est
1533 3857 1579 3889 v.
1646 3845 1763 3889 ricae
1785 3845 1927 3890 arnis
1942 3859 1959 3888 .-
1996 3851 2221 3904 tanquam
2244 3841 2329 3903 qui
2349 3849 2597 3904 provocat.

461 3906 556 3958 378
575 3903 1094 3970 nga—-cspiasandi,
1711 3907 1820 3962 352,
1863 3907 1971 3953 ³53.
2034 3909 2181 3954 Unum
2218 3909 2370 3954 etiam.
2446 3905 2607 3954 Eun
2642 3905 2691 3952 11.
2734 3903 2775 3952 l.

523 3973 634 4030 840,
660 3972 769 4018 841.
807 3971 1007 4018 Poetam
1029 3971 1121 4019 hoc
1153 3970 1214 4018 sd
1241 3979 1467 4018 ornatum
1487 3985 1575 4018 ex·
1642 3983 1733 4034 pro
1753 3969 1911 4018 adhuc
1933 3979 2022 4018 est.
2077 3973 2203 4027 Dici,
2226 3969 2476 4028 destinari,
2499 3968 2734 4034 promitti.

457 4035 696 4098 cogitasse
717 4033 966 4099 probabile
987 4043 1076 4082 est.
1119 4034 1284 4082 Julius
1303 4043 1466 4082 tamen
1485 4034 1575 4082 Sa-
1720 4033 1829 4083 867.
1877 4033 2021 4089 Quod
2063 4034 2121 4092 si,
2166 4033 2427 4096 quominus
2468 4035 2560 4082 hoc
2602 4032 2775 4090 facias.

463 4099 616 4156 binus,
641 4099 808 4148 nescio
829 4097 974 4156 unde,
1010 4100 1113 4148 hac
1141 4097 1422 4147 annotavit:
1445 4102 1581 4160 filiae
1644 4097 1799 4146 Turni
1823 4107 1957 4146 metu
1976 4098 2175 4148 teneris.

457 4167 626 4211 morie
647 4165 824 4221 Muti,
840 4171 977 4226 patre
997 4168 1181 4212 rustico.
1708 4163 1819 4211 359.
1857 4162 2133 4212 Invidisse:
2168 4167 2269 4226 regi
2292 4163 2471 4211 Latino
2493 4165 2773 4224 patrioque,

525 4229 634 4274 842.
673 4231 860 4286 Onerat,
883 4229 1026 4277 docte
1045 4243 1137 4291 pro
1165 4235 1326 4291 auget,
1349 4241 1575 4276 accumu·
1643 4227 1825 4292 populo
1846 4226 2148 4286 Latinorum,
2180 4231 2389 4276 restittat
2406 4228 2495 4290 jus
2513 4229 2775 4288 proprian,

459 4289 528 4338 lat
547 4289 658 4338 odia
677 4291 730 4340 in
753 4307 878 4340 eum.
1642 4307 1799 4350 suum,
1832 4291 1962 4355 quod
1986 4292 2192 4340 Latinus
2206 4291 2475 4354 -Latinique
2506 4290 2559 4338 in
2580 4288 2775 4364 regiam

525 4355 813 4405 845—347.
857 4359 1084 4414 Mastane,
1127 4365 1431 4414 cunctantur,
1477 4371 1577 4405 non
1644 4357 1854 4421 puellam
1874 4357 2067 4413 habent,
2091 4366 2147 4405 ut
2168 4356 2357 4420 possint
2386 4371 2493 4406 eam
2516 4364 2771 4403 mammo-

462 4417 641 4466 audent
675 4418 848 4466 dicere.
909 4423 1087 4476 Plutus,
1111 4420 1320 4480 φύσημα,
1345 4421 1404 4469 de
1439 4437 1571 4470 arro-
1644 4421 1727 4469 nio
1740 4423 1949 4484 ¹jungere
1970 4421 2049 4469 cui
2072 4421 2238 4468 velint.
