3050 4934
1206 251 1550 320 LIBER.
1593 254 1728 322 Vl.

2496 262 2618 326 411

302 399 435 466 465
476 402 651 469 Siste
681 405 981 489 gradum,
1012 415 1211 490 teque
1240 407 1562 492 adspectu
1589 429 1672 474 ne
1705 408 2018 475 subtrahe
2047 419 2298 476 nostro.

478 504 697 578 Quem
724 506 943 591 fugis?
986 518 1349 572 extremum
1376 507 1536 586 fato,
1567 511 1746 594 quod
1779 520 1844 576 te
1875 511 2191 596 alloquor,
2221 511 2350 576 hoc
2375 521 2499 576 est.

474 605 751 670 Talibus
781 607 1035 672 AEneas
1066 609 1405 674 ardentem
1433 621 1503 674 et
1531 621 1718 676 torva
1747 621 2036 678 tuentem

475 705 761 772 Lenibat
788 709 979 773 dictis
1009 711 1311 787 animum,
1342 711 1768 796 lacrimasque
1795 714 2027 778 ciebat.

474 805 594 872 Illa
623 809 764 873 solo
790 809 961 875 fixos
994 809 1215 876 oculos
1248 833 1477 876 aversa
1508 813 1812 892 tenebat3

299 907 431 972 470
472 909 621 974 Nec
650 913 855 995 magis
886 913 1149 996 incepto
1176 912 1426 977 vultum
1456 935 1752 978 sermone
1779 926 2100 992 movetur,

472 1010 691 1084 Quam
722 1013 777 1075 si
808 1013 974 1076 dura
1002 1013 1167 1078 silex
1194 1025 1309 1078 aut
1336 1025 1465 1078 stet
1494 1014 1832 1098 Marpesia
1859 1026 2107 1080 cautes.
2182 1035 2210 1083 f

470 1112 773 1178 Tandem
803 1117 1115 1200 corripuit
1146 1137 1315 1192 sese,
1347 1127 1546 1200 atque
1576 1118 1832 1181 inimica
1857 1117 2100 1202 refugit

471 1213 549 1277 In
581 1237 807 1280 nemus
835 1216 1295 1294 umbriferum3
1342 1218 1485 1300 conj
1494 1241 1584 1281 ux
1613 1219 1728 1282 ubi
1753 1219 2066 1302 pristinus
2098 1217 2188 1282 illi

468 1314 863 1400 Respondet
890 1319 1086 1395 curis,
1117 1329 1463 1402 aequatque
1494 1318 1812 1402 Sychaeus
1843 1341 2148 1385 amorem.

297 1416 381 1480 47
386 1417 427 1480 5
468 1415 617 1482 Nec
646 1419 855 1483 minus
888 1419 1161 1495 AEneas‚
1192 1441 1349 1484 casu
1378 1441 1732 1503 percussus
1763 1421 2006 1504 iniquo,

469 1516 901 1603 Prosequitur
928 1519 1269 1584 lacrimans
1300 1519 1516 1604 longe,
1547 1533 1616 1584 et
1643 1522 1990 1586 miseratur
2017 1533 2300 1586 euntem.

554 1619 719 1684 Inde
750 1621 975 1685 datum
1002 1620 1263 1686 molitur
1292 1623 1437 1686 iter.
1512 1622 1794 1706 Jamque
1823 1645 1978 1686 arva
2005 1624 2318 1688 tenebant

464 1719 733 1798 Ultima,
764 1744 911 1807 quae
940 1721 1113 1786 bello
1142 1722 1299 1786 clari
1328 1733 1580 1787 secreta
1609 1723 2046 1806 frequentant.

467 1820 599 1886 Hic
628 1821 719 1887 illi
748 1824 1031 1888 occurrit
1060 1823 1359 1907 TydeuS,
1389 1823 1497 1888 hic
1524 1823 1784 1888 inclitus
1814 1825 2007 1888 armis

295 1921 427 1986 480
470 1921 1015 2008 Parthenopaeu8‚
1040 1935 1109 1990 et
1137 1923 1410 1989 Adrasti
1438 1923 1740 2010 pallentis
1769 1927 2002 2009 imago.

464 2023 596 2089 Hic
624 2023 895 2089 multum
922 2025 1058 2089 fleti
1088 2026 1175 2089 ad
1208 2047 1505 2110 superos,
1539 2024 1841 2109 belloque
1871 2025 2122 2102 caduci,

464 2125 901 2203 Dardanidae3
946 2147 1113 2210 quos
1143 2125 1249 2190 ille
1278 2149 1501 2191 omnes
1529 2126 1728 2210 longo
1757 2127 1985 2192 ordine
2015 2149 2288 2192 cernens

463 2226 809 2311 Ingemuit,
844 2225 1320 2311 Glaucumque,
1347 2227 1822 2312 Medontaque,
1855 2227 2518 2315 Thersilochumque,

462 2326 635 2391 Tres
659 2325 1512 2412 Antenoridas,·Cererique
1543 2350 1800 2393 sacrum
1829 2327 2291 2414 Polyphoeten,

290 2429 420 2492 485
465 2427 866 2513 Idaeumque,
897 2430 1091 2494 etiam
1120 2451 1375 2506 curruz,
1403 2431 1599 2493 etiam
1628 2451 1806 2493 arma
1837 2439 2186 2496 tenentem.
2219 2493 2232 2504 ,

462 2530 901 2594 Circumstant
929 2531 1157 2594 animae
1186 2531 1425 2594 dextra
1451 2529 1744 2614 laevaque
1774 2530 2174 2614 frequentes.

460 2631 609 2695 Nec
641 2631 879 2695 vidisse
913 2630 1111 2695 semel
1140 2632 1295 2695 satis
1326 2641 1463 2696 est:
1500 2632 1692 2715 juvat
1719 2652 1928 2715 usque
1959 2633 2218 2708 morari,

459 2732 554 2796 Et
580 2731 875 2796 conferre
906 2732 1203 2817 gradum,
1236 2743 1305 2796 et
1332 2733 1634 2797 veniendi
1663 2733 1918 2798 discere
1947 2755 2200 2798 causas.

462 2833 559 2898 At
586 2833 891 2897 Danaum
921 2855 1253 2917 proceres,
1285 2831 1945 2918 Agamemnoniaeque
1975 2833 2358 2918 phalanges,

286 2937 419 3001 490
464 2935 560 3000 Ut
588 2936 809 3000 videre
840 2935 1070 3012 virum,
1102 2933 1550 3019 fulgentiaque
1580 2957 1758 2999 arma
1787 2957 1909 3020 per
1933 2935 2218 3012 umbras,

458 3038 716 3122 Ingenti
748 3037 1079 3122 trepidare
1109 3048 1322 3102 metu:
1369 3059 1523 3122 pars
1555 3048 1810 3102 vertere
1841 3049 2051 3121 terga,

460 3139 601 3204 Ceu
632 3140 957 3224 quondam
986 3139 1231 3222 petiere
1260 3149 1475 3215 rates;
1520 3160 1676 3223 pars
1707 3135 1934 3203 tollere
1965 3159 2188 3204 vocem

460 3241 823 3324 Exiguam:
870 3241 1169 3323 inceptus
1200 3238 1439 3304 clamor
1468 3238 1822 3304 frustratur
1851 3239 2132 3305 hiantes.

346 3453 459 3500 466.
496 3455 617 3500 Siste
632 3455 845 3516 gradun&-
906 3452 1019 3500 Hoc
1040 3467 1159 3500 vero
1178 3449 1410 3516 preclare

280 3533 348 3566 ex
370 3516 545 3580 Odyss-
564 3525 613 3574 λ,
633 3517 757 3571 5603
782 3525 833 3564 et
854 3516 989 3564 omni
1010 3515 1231 3564 oratione
1252 3515 1407 3564 diser·

284 3582 384 3630 tius
406 3597 521 3628 mox
542 3579 807 3638 silentium,
832 3596 896 3628 ex
917 3597 962 3628 v.
990 3581 1098 3628 562.

352 3645 467 3703 467,
482 3645 592 3692 468.
625 3647 769 3693 Torva
784 3653 995 3702 tuentem,
1016 3643 1192 3707 ὑπόδρα
1204 3643 1408 3692 ἰδοῦσαν.

280 3713 485 3758 Lenibat
499 3711 639 3757 diem
658 3714 871 3765 animum,
886 3709 1043 3757 lenire
1058 3708 1286 3756 studebat
1302 3721 1409 3755 eam

280 3775 472 3832 iratam,
496 3783 549 3821 et
568 3773 720 3822 torvi·
742 3773 1045 3836 obliquisque
1068 3772 1223 3820 oculis
1244 3771 1406 3835 adspi-

278 3839 509 3886 cientem.
579 3838 693 3886 Jam
726 3853 845 3886 vero
878 3840 1022 3887 lenire
1059 3839 1165 3899 ejus
1194 3839 1408 3892 mum,

278 3903 445 3951 dicere
634 3911 653 3949 t
669 3901 825 3950 lenire
840 3917 949 3950 eam
968 3905 1117 3949 mrim
1134 3909 1185 3948 et
1202 3898 1409 3962 (quoad)

280 3971 481 4015 animum
528 3965 701 4029 (κατὰ)
746 3966 902 4027 θυμὸν,
950 3964 1135 4027 φρένα,
1181 3973 1239 4013 ut
1280 3977 1411 4028 nepe

282 4031 549 4080 Homerus.
607 4030 677 4078 At
706 4033 923 4078 laer-imas
954 4033 1118 4087 ciebat,
1154 4029 1263 4094 ipse
1296 4027 1408 4076 fim-

282 4095 432 4144 debct
455 4095 653 4144 AEneas.

196 4205 223 4221 ,
344 4159 619 4210 477-480,
656 4159 841 4208 AEnen
871 4173 1003 4206 nuuc
1030 4167 1263 4224 peragrat
1276 4171 1407 4206 cam-

274 4239 400 4290 pum
444 4223 715 4288 priscorum
760 4224 977 4271 heroum.
1034 4225 1209 4270 Duum
1248 4220 1407 4284 simpl.

280 4288 465 4353 accipe,
488 4303 585 4353 qua
606 4287 683 4335 via
704 4297 853 4352 putet,
878 4287 1027 4335 ducit.
1086 4287 1285 4333 Molitus·
1306 4289 1411 4342 iter,

282 4353 491 4418 peragit.
540 4351 741 4402 Scilicet
758 4360 817 4399 ut
831 4367 907 4415 ap.
926 4359 1097 4416 poeta·
1116 4352 1283 4406 moliri,
1308 4363 1411 4396 mo·

278 4433 411 4475 vere,
436 4426 487 4465 et
521 4431 682 4479 cgere,
703 4415 879 4474 tacere,
908 4425 985 4464 est
1018 4414 1233 4478 primum
1266 4413 1327 4462 de
1360 4428 1415 4462 re

1474 3465 1665 3514 magnae
1719 3449 1874 3508 molis,
1923 3459 2027 3499 tum
2079 3451 2144 3502 de
2194 3467 2482 3514 quacunque
2531 3467 2600 3500 re.

1474 3518 1605 3562 Am
1627 3517 1804 3572 euim,
1839 3513 1894 3562 in
1929 3513 2007 3562 hin
2047 3515 2168 3563 locis
2189 3531 2297 3576 quoe
2325 3515 2450 3564 citra
2483 3515 2600 3564 Plu-

1474 3578 1604 3626 tonis
1625 3577 1824 3641 reg-iam,
1851 3577 2074 3640 Elysium
2109 3587 2162 3626 et
2191 3577 2450 3628 Tartarum
2471 3587 2602 3628 sunt.

1473 3645 1718 3700 Pallantis,
1743 3651 1976 3703 tanquam
1993 3641 2192 3698 umbre,
2209 3641 2426 3704 adeoque
2447 3658 2538 3707 pro
2559 3652 2608 3692 et

1474 3709 1722 3754 Adrastus.
1805 3733 1810 3738 -

1539 3770 1814 3818 481-485,
1850 3771 1976 3818 Pleas·
1995 3771 2061 3818 ad
2074 3785 2272 3831 mperes,
2295 3769 2428 3834 apud
2450 3769 2603 3828 vivon,

1472 3833 1605 3882 inter
1657 3833 1894 3882 hominen.
1977 3836 2168 3890 Cadaei,
2212 3849 2304 3908 pro
2355 3833 2600 3884 πεσόντες.

1474 3901 1636 3962 Longo
1669 3901 1826 3947 ordino
1861 3913 1952 3963 pro
1971 3897 2176 3961 vulgari,
2212 3897 2403 3961 ingenti
2437 3897 2604 3946 multi-

1476 3963 1663 4011 tudine.
1719 3966 2086 4012 Etim—etiam
2117 3961 2276 4026 simpl.
2309 3977 2402 4026 pro
2430 3961 2602 4012 etiam-

1476 4042 1608 4076 num.

1541 4092 1816 4140 489—498.
1862 4091 2002 4139 Inter
2034 4089 2274 4140 feliciore·
2310 4090 2455 4152 huius
2493 4089 2604 4141 libn‘

1476 4157 1610 4204 loco·
1643 4170 1901 4204 numerare
1937 4154 2069 4203 soleo
2101 4155 2248 4202 bunc.
2305 4153 2604 4218 Opinionem

1510 4219 1696 4267 rose-cto
1713 4220 1776 4266 de
1799 4219 1972 4266 AEneae
1994 4218 2176 4267 virtute
2201 4217 2316 4268 facit
2347 4233 2601 4273 summam.

1476 4236 1589 4332 {lec
1611 4293 1776 4331 tamen
1799 4282 2040 4345 Virgilius
2064 4282 2208 4331 aliter
2227 4299 2372 4345 quam
2397 4283 2604 4334 Homeri

1478 4345 1754 4396 imitatione
1791 4346 1846 4393 in
1843 4347 2176 4460 ograeclnrum
2219 4348 2312 4396 hoc
2349 4345 2608 4410 φάντασμα

1480 4410 1685 4460 incidit:
1721 4410 1818 4458 vid.
1923 4427 2016 4474 yn.
2043 4421 2092 4470 λ,
2117 4413 2228 4470 604,
2251 4413 2338 4462 ubi
2376 4413 2438 4462 dc
2471 4413 2602 4463 Her-
