3050 4934
482 289 611 351 456

1371 285 1904 352 AENEIDOS

481 437 610 500 500
654 437 926 502 Saucius
958 446 1026 500 at
1051 436 1427 520 quadrupes
1458 446 1613 500 nota
1635 437 1806 499 intra
1835 445 2008 500 tecta
2035 435 2299 518 refugit,

653 538 1113 619 successitque
1140 558 1406 620 gemens
1439 535 1734 613 stabulis,
1767 548 2134 620 questuque
2163 549 2472 601 cruentus

652 635 877 722 Atque
902 636 1269 721 imploranti
1300 636 1519 701 similis
1548 648 1791 702 tectum
1821 658 2010 700 omne
2038 635 2360 720 replebat.

650 737 847 802 Silvia
876 738 1084 820 prima
1114 759 1319 814 soror,
1351 737 1579 821 palmis
1612 759 1923 821 percussa
1951 735 2253 816 lacertOS,

648 836 985 902 Auxilium
1013 849 1222 915 vocat,
1254 849 1323 902 et
1353 839 1554 902 duros
1587 836 1943 908 conclamat
1965 849 2282 920 agrestes·

422 999 433 1010 ,
478 939 605 1003 505
649 938 785 1002 Olli
814 937 1042 1022 (pestis
1067 939 1237 1002 enim
1265 939 1477 1002 tacitis
1507 937 1668 1002 latet
1694 960 1930 1021 aspera
1961 936 2162 1019 silvis)

650 1038 991 1123 Improvisi
1021 1040 1299 1103 adsunt:
1346 1039 1453 1102 hic
1483 1049 1660 1102 torre
1689 1048 1976 1101 armatus
2007 1038 2267 1115 obust0,

652 1139 905 1224 Stipitis
933 1139 1037 1203 hic
1067 1140 1319 1223 gravidi
1348 1140 1574 1216 nodis3
1619 1139 1798 1223 quod
1826 1139 2060 1222 cuique
2087 1147 2422 1222 repertum

648 1239 960 1315 Rimanti,
992 1237 1191 1302 telum
1220 1240 1316 1302 ira
1342 1238 1515 1304 facit.
1589 1239 1804 1305 Vocat
1832 1240 2087 1322 agmina
2116 1238 2482 1323 Tyrrheus,

649 1339 1105 1413 Quadrifidam
1136 1361 1446 1423 quercum
1476 1341 1700 1404 cuneis
1729 1351 1807 1404 ut
1835 1339 2006 1404 forte
2037 1340 2280 1404 coactis

476 1441 605 1505 510
648 1441 1027 1517 Scindebat,
1058 1451 1247 1524 rapta
1278 1441 1532 1524 spirans
1561 1441 1832 1504 immane
1865 1441 2098 1504 securi.

602 1529 613 1538 ⁸
649 1538 745 1603 At
768 1562 938 1604 saeva
965 1563 1004 1605 e
1034 1540 1315 1624 speculis
1348 1553 1604 1626 tempus
1635 1542 1760 1605 dea
1789 1551 1982 1606 nacta
2011 1540 2288 1604 nocendi

650 1639 885 1704 Ardua
915 1651 1091 1706 tecta
1118 1643 1284 1726 petit
1314 1641 1586 1720 stabuli;
1632 1652 1698 1705 et
1729 1643 1813 1706 de
1844 1639 2118 1706 culmine
2153 1663 2400 1706 summo

647 1740 983 1805 Pastorale
1015 1743 1188 1806 canit
1218 1743 1492 1826 signum,
1524 1764 1858 1827 cornuque
1889 1763 2162 1807 recurvo

650 1842 1037 1907 Tartaream
1065 1844 1343 1908 intendit
1370 1865 1596 1908 vocem
1618 1870 1634 1921 3

1680 1866 1810 1927 qua
1835 1853 2152 1927 protenus
2183 1865 2372 1908 omne

475 1944 603 2006 515
646 1943 1052 2009 Contremuit
1081 1966 1331 2020 nemuS,
1362 1956 1429 2008 et
1458 1943 1634 2008 silvae
1663 1944 2003 2008 intonuere
2028 1942 2408 2027 profundae:

647 2041 881 2107 Audiit
908 2053 976 2106 et
1005 2043 1248 2108 Triviae
1274 2043 1466 2128 longe
1496 2044 1676 2109 lacus
1701 2070 1718 2120 3
1764 2043 1969 2107 audiit
1997 2045 2200 2106 amnis

648 2142 953 2206 Sulfurea
980 2142 1128 2206 Nar
1156 2143 1343 2208 albus
1373 2166 1565 2227 aqua,
1597 2143 1941 2227 fontesque
1972 2141 2230 2219 Velini;

646 2242 741 2306 Et
769 2243 1043 2326 trepidae
1071 2253 1310 2306 matres
1340 2265 1641 2326 pressere
1670 2243 1755 2306 ad
1779 2252 2048 2326 pectora
2077 2254 2286 2306 natos.

644 2341 819 2406 Tum
846 2363 1003 2406 vero
1032 2343 1117 2406 ad
1147 2365 1370 2408 vocem
1396 2342 1666 2419 celeres,
1697 2365 1829 2426 qua
1857 2343 2131 2406 buccina
2163 2345 2418 2427 sig-num

472 2444 601 2508 520
630 2443 795 2508 Dira
825 2443 1028 2521 dedit,
1060 2445 1264 2527 raptis
1294 2455 1692 2510 concurrunt
1718 2443 2008 2526 undique
2038 2442 2184 2508 telis

640 2544 943 2608 Indomiti
970 2543 1311 2629 agricolae:
1358 2567 1479 2609 nec
1508 2566 1638 2608 non
1669 2555 1738 2608 et
1770 2542 1976 2608 Troia
2005 2546 2218 2626 pubes

588 2654 597 2665 '
642 2643 929 2709 Ascanio
952 2644 1259 2710 auxilium
1288 2645 1516 2709 castris
1545 2643 1828 2710 effundit
1854 2645 2122 2726 apertis.

642 2744 962 2810 Direxere
994 2747 1187 2811 acies.
1264 2746 1423 2810 Non
1442 2746 1580 2829 jam
1609 2744 1958 2809 certamine
1986 2746 2256 2828 agresti,

642 2846 985 2931 Stipitibus
1018 2847 1199 2911 duris
1231 2847 1443 2930 agitur
1474 2846 1828 2910 sudibusve
1855 2847 2182 2928 praeustis,

471 2949 597 3012 525
642 2947 776 3011 Sed
804 2946 978 3010 ferro
1008 2946 1273 3030 ancipiti
1300 2948 1698 3022 decernunt;
1749 2958 2020 3029 atraque
2049 2945 2180 3010 late

643 3048 988 3111 Horrescit
1018 3048 1255 3112 strictis
1288 3069 1475 3132 seges
1506 3048 1797 3123 ensibus,
1828 3067 2088 3130 oeraque
2117 3045 2370 3131 fulgent

469 3213 634 3277 elficit,
658 3211 813 3260 adfuit
844 3211 1051 3269 fortuna,
1084 3215 1258 3260 dextro
1290 3217 1481 3270 erratui,
1520 3213 1590 3262 sic

470 3289 527 3328 ut
546 3293 606 3326 ea
638 3291 735 3325 non
768 3278 1027 3324 aberraret.
1087 3277 1286 3325 servius
1322 3277 1381 3324 ad
1416 3277 1591 3325 Alecto

466 3341 641 3396 πείρης
678 3350 734 3388 ut
764 3339 829 3388 sit
860 3339 891 3398 ἡ
924 3338 1041 3389 θεός.
1088 3344 1211 3390 Acta
1247 3345 1367 3389 venit
1396 3341 1590 3404 plenius

470 3423 559 3470 pro
576 3405 747 3454 adacta
768 3413 855 3452 est.

534 3473 629 3518 500
650 3485 751 3531 sqq.
787 3471 914 3516 Nota
934 3476 1069 3526 tecta,
1092 3467 1156 3516 τὰ
1177 3469 1305 3526 ἤθεα.
1362 3470 1421 3516 In
1439 3469 1584 3517 mise-

468 3534 656 3583 ratione
678 3549 848 3590 cervae,
872 3533 1076 3595 placidae
1100 3542 1149 3580 et
1170 3545 1434 3581 mansuetae
1456 3533 1585 3589 ferae,

466 3598 729 3646 notabilem
746 3597 865 3645 artis
873 3597 1183 3659 sagacitatem
1198 3597 1584 3660 adhibuitpoeta.

532 3663 803 3709 505-509.
840 3664 1007 3718 Pestis,
1034 3661 1195 3708 Furia.
1266 3662 1412 3710 Latet
1452 3661 1586 3710 enim

466 3725 551 3774 illa
586 3725 639 3772 in
662 3725 784 3772 silva
816 3724 877 3772 ad
910 3725 1254 3789 speculandam
1276 3725 1484 3774 nocendi
1504 3741 1584 3773 ra-

466 3789 647 3838 tionem
690 3799 741 3836 et
778 3788 920 3836 viam.
992 3792 1177 3837 Tor-rem
1216 3793 1434 3847 abaciam,
1478 3789 1589 3852 quis

466 3869 563 3902 non
577 3853 740 3901 videat
762 3867 867 3900 esse
888 3852 1057 3900 sudem
1073 3856 1368 3917 praeustam?
1418 3856 1589 3902 Cuneus

464 3926 639 3966 coactos
659 3932 751 3980 pro
772 3916 941 3964 adacto
962 3933 1119 3964 cuneo
1140 3917 1279 3964 dixit.

529 3982 800 4028 612-515,
826 3984 1078 4038 Stabulum,
1094 3980 1302 4044 pastoris
1322 3981 1585 4042 tugurium.

464 4045 663 4094 Scilicet
697 4044 843 4102 idem,
868 4044 952 4106 qui
974 4061 1105 4092 nunc
1128 4045 1179 4092 in
1202 4044 1332 4107 agris
1356 4057 1443 4100 est,
1463 4061 1584 4102 mos,

462 4109 667 4158 buccina
700 4107 997 4158 convocandi
1039 4108 1285 4166 ruricolas,
1328 4109 1586 4172 repentino

461 4172 624 4235 aliquo
659 4183 807 4230 metu,
830 4171 1063 4236 periculo,
1088 4173 1164 4220 vel
1196 4172 1407 4222 incursu.
1466 4175 1582 4220 Pro-

448 4235 617 4296 funda
658 4251 768 4284 cum
810 4237 1005 4284 dilectu.
1066 4237 1127 4285 In
1164 4236 1352 4286 intimis
1396 4253 1584 4300 magnae

460 4299 597 4350 silvae
616 4300 887 4348 recessibus
908 4301 1194 4349 audiebatur
1212 4317 1321 4350 vox.

524 4365 635 4419 516,
660 4363 769 4413 517.
810 4367 978 4412 Trivia
1001 4367 1127 4412 lacus
1150 4375 1225 4414 est
1246 4365 1405 4414 Lacus
1420 4365 1580 4414 Arici-

458 4441 677 4476 nuscum
700 4441 899 4474 nemore
938 4437 989 4474 et
1028 4428 1209 4490 templo
1232 4430 1407 4478 Dianae
1442 4430 1580 4478 nobi-

1655 3213 1868 3262 lissimo:
1904 3211 1963 3260 cf.
2001 3211 2086 3260 inf.
2122 3229 2166 3260 v.
2205 3213 2314 3264 762.
2371 3214 2522 3264 Nunc
2561 3219 2690 3282 lngo
2721 3221 2780 3266 dn·

1655 3279 1806 3331 Nemi,
1843 3291 1940 3323 non
1973 3276 2116 3338 long-e
2139 3277 2292 3326 avico
2329 3280 2550 3328 Gerasam.
2605 3281 2779 3330 Paullo

1654 3339 1886 3389 remotior
1899 3341 1960 3388 ab
1981 3339 2060 3388 his
2072 3339 2192 3388 loeis
2207 3357 2376 3392 versus
2392 3345 2776 3408 septentrionem

1656 3415 1730 3453 est
1751 3407 1871 3461 Nar,
1895 3403 1978 3466 qui
2011 3403 2140 3452 inter
2167 3406 2372 3454 Sabinos
2403 3419 2455 3455 et
2483 3408 2692 3458 Umbros
2711 3410 2778 3458 ad

1653 3468 1870 3516 Tiberim
1909 3467 2174 3525 descendit,
2217 3467 2434 3531 sulfureis
2485 3477 2618 3534 aquis
2657 3475 2778 3524 satis

1652 3543 1812 3580 notus.
1883 3532 1944 3580 In
1981 3532 2204 3594 proximo
2235 3535 2363 3582 laem
2401 3536 2601 3595 Velinus,
2633 3553 2778 3586 mune

1653 3596 1830 3644 Velino
1851 3595 1982 3643 inter
2017 3597 2256 3644 montium
2285 3601 2404 3660 Juga
2435 3615 2586 3663 super
2619 3601 2776 3650 Reate

1650 3669 1922 3721 stagnante.

1719 3725 1830 3780 521,
1869 3725 1978 3771 522.
2027 3726 2245 3773 Indomiti
2282 3730 2512 3788 agricolae.
2580 3731 2776 3778 omns

1653 3788 1931 3851 epitheton:
1967 3787 2253 3852 simpliciter
2285 3790 2472 3854 accipio
2503 3793 2666 3851 duros,
2693 3809 2776 3842 as-

1653 3868 1810 3916 peros.
1847 3855 1948 3900 Nec
1969 3868 2056 3900 non
2079 3861 2125 3900 et
2145 3855 2282 3900 Troia
2297 3857 2454 3914 pubes.
2493 3858 2780 3906 Castrorum

1653 3915 1808 4028 gorm
1829 3917 2056 3964 reseratis
2079 3916 2280 3964 mittunt
2299 3919 2536 3968 auxilium
2559 3921 2776 3983 Troiani.

1701 3980 1858 4042 ulgari
1890 3979 2123 4038 oratione,
2145 3981 2300 4044 copiae
2321 3981 2579 4032 effundunt
2609 4001 2678 4044 se,
2701 3987 2776 4033 ef-

1651 4045 1934 4102 funduntur,
1961 4043 2228 4104 ἐκχέονται.

1717 4110 1826 4164 525,
1851 4109 1962 4155 526.
1997 4111 2148 4171 Sages,
2177 4125 2267 4172 pro
2295 4125 2440 4172 agi-03
2477 4110 2616 4174 isque
2651 4114 2778 4162 adeo

1648 4187 1740 4236 pro
1781 4172 1913 4220 acie:
1961 4173 2209 4234 eleganter
2247 4183 2410 4222 autem
2447 4179 2572 4224 acies
2607 4179 2778 4228 statim

1649 4253 1738 4300 per
1769 4247 1982 4299 segetem
2021 4236 2232 4294 effertur,
2270 4247 2320 4286 et
2353 4238 2540 4301 reliqua
2569 4241 2632 4290 ad
2661 4258 2776 4292 eam

1649 4310 2059 4364 attemperantun
2116 4301 2198 4364 qui
2243 4303 2555 4366 comparandi
2600 4307 2777 4356 modus

1649 4365 1904 4427 exquisitae
1926 4374 2003 4413 est
2033 4366 2316 4414 venustatis.
2373 4369 2616 4418 Horrescit
2647 4374 2777 4420 mi-

1649 4432 1732 4477 bus
1753 4439 1898 4486 terra,
1921 4443 2052 4492 ager,
2075 4429 2218 4478 acies.
