3050 4934
1201 265 1541 332 LIBER
1585 267 1723 332 IX.
2491 270 2622 335 519

306 408 437 472 375
483 409 690 476 Haud
716 420 959 478 temere
990 424 1095 479 est
1122 416 1349 480 visum.
1428 416 1806 483 Conclamat
1834 418 1920 482 ab
1946 420 2198 503 agmine
2229 418 2589 486 Volscens:

478 510 689 590 State,
722 514 875 592 viri3
922 537 1071 598 quoe
1102 538 1299 581 causa
1327 518 1491 582 viae?
1537 519 1730 603 quive
1761 520 1920 583 estis
1950 520 2018 583 in
2047 520 2284 585 armis?

478 612 714 685 Quove
744 618 979 681 tenetis
1009 619 1176 683 iter?
1223 618 1409 683 Nihil
1436 618 1527 683 illi
1557 621 1828 684 tendere
1857 632 2120 699 contra3

480 712 615 778 Sed
644 715 931 783 celerare
961 718 1183 803 fugam
1212 721 1279 783 in
1310 720 1526 796 silvaS,
1559 732 1627 783 et
1653 720 1862 785 fidere
1892 722 2090 785 noeti.

477 814 815 900 Objiciunt
844 822 1099 903 equites
1131 842 1276 884 sese
1306 821 1395 884 ad
1426 822 1704 885 divortia
1732 832 1887 885 nota

300 914 432 979 380
475 915 653 981 Hinc
682 929 879 1003 atque
907 919 1082 996 hinc,
1115 942 1499 1009 omnemque
1528 922 1776 986 abitum
1803 923 2078 987 custode
2109 934 2443 989 coronant.

474 1017 651 1083 Silva
681 1019 826 1098 fuit,
856 1020 987 1087 late
1018 1021 1230 1085 dumis
1260 1032 1458 1106 atque
1485 1020 1629 1086 ilice
1660 1024 1847 1106 nigra

473 1119 788 1198 Horrida,
822 1144 1015 1207 quam
1046 1121 1232 1187 densi
1263 1122 1666 1208 complerant
1693 1124 1981 1207 undique
2015 1136 2270 1204 sentes;

474 1221 657 1287 Rara
685 1246 806 1307 per
834 1223 1125 1289 occultos
1156 1223 1417 1290 lucebat
1448 1226 1676 1290 semita
1707 1223 1923 1290 calles·

472 1320 835 1408 Euryalum
866 1327 1156 1391 tenebrae
1184 1348 1508 1390 ramorum
1541 1347 1946 1410 onerosaque
1979 1328 2204 1411 praeda

298 1425 428 1489 385
472 1424 867 1511 Impediunt,
900 1426 1191 1512 fallitque
1222 1430 1413 1491 timor
1442 1429 1710 1511 regione
1739 1429 2006 1493 viarum.

472 1526 679 1592 Nisus
711 1530 881 1593 abit:
920 1531 1186 1614 jamque
1216 1530 1596 1614 imprudens
1627 1540 1924 1593 evaserat
1951 1530 2204 1608 hostes,

470 1626 695 1713 Atque
723 1628 941 1708 lacus3
987 1631 1100 1715 qui
1128 1642 1282 1716 post
1312 1629 1507 1695 Albae
1538 1630 1622 1695 de
1653 1630 1908 1694 nomine
1939 1630 2097 1695 dicti

471 1728 747 1809 Albani;
794 1741 933 1796 tum
960 1754 1079 1796 rex
1112 1731 1369 1798 stabula
1398 1731 1529 1796 alta
1561 1731 1836 1796 Latinus
1869 1731 2178 1797 habebat.

475 1830 571 1895 Ut
602 1832 806 1910 stetit,
838 1844 907 1897 et
936 1832 1183 1898 frustra
1208 1835 1546 1899 absentem
1577 1834 1870 1917 respexit
1895 1834 2202 1898 amicum:

295 1932 431 1997 390
476 1932 787 2017 Euryale,
820 1934 1042 1999 infelix
1073 1957 1203 2018 qua
1232 1946 1298 1999 te
1330 1936 1597 2019 regione
1625 1934 1900 2019 reliqui?

476 2037 709 2110 Quave
742 2043 1015 2123 sequar?
1077 2038 1339 2104 Rursus
1372 2039 1759 2124 perplexum
1787 2040 1914 2103 iter
1943 2062 2130 2104 omne
2161 2038 2496 2104 revolvens

468 2138 743 2204 Fallacis
778 2139 976 2216 silvae,
1010 2140 1197 2204 simul
1228 2152 1295 2205 et
1326 2142 1600 2225 vestigia
1629 2150 1807 2204 retro

470 2239 844 2305 Observata
870 2240 1051 2325 legit,
1086 2242 1428 2325 dumisque
1460 2242 1798 2307 silentibus
1830 2252 2028 2307 errat.

468 2342 680 2407 Audit
708 2364 938 2426 equos,
972 2342 1157 2406 audit
1188 2344 1497 2426 strepitus
1524 2354 1596 2407 et
1626 2344 1810 2426 signa
1841 2354 2250 2428 sequentum.

294 2444 425 2509 395
469 2444 616 2509 Nee
646 2442 910 2528 longum
938 2444 1003 2507 in
1030 2444 1245 2508 medio
1276 2455 1532 2528 tempus
1556 2470 1570 2521 3
1616 2466 1816 2528 quum
1845 2442 2085 2508 clamor
2115 2445 2202 2508 ad
2231 2467 2422 2509 aures

468 2545 799 2622 Pervenit,
831 2567 907 2609 ac
939 2546 1117 2610 videt
1149 2544 1544 2629 Euryalum3
1592 2566 1786 2629 quem
1801 2546 1940 2629 jam
1967 2567 2196 2609 manus
2229 2548 2434 2610 omnis

468 2647 729 2712 Fraude
759 2647 884 2712 loci
913 2658 982 2712 et
1011 2649 1241 2725 noctis,
1276 2647 1493 2711 subito
1524 2648 1830 2710 turbante
1861 2646 2163 2723 tumultu,

464 2750 884 2834 Oppressum
912 2751 1105 2833 rapit,
1138 2760 1206 2813 et
1236 2760 1578 2814 conantem
1609 2747 1884 2833 plurima
1911 2746 2177 2812 frustra.

468 2850 651 2925 Quid
680 2849 922 2915 faciat?
969 2872 1099 2933 qua
1128 2851 1190 2913 vi
1210 2850 1541 2934 juvenem,
1575 2850 1810 2933 quibus
1841 2850 2082 2913 audeat
2111 2852 2305 2914 armis

290 2954 423 3018 400
467 2952 793 3037 Eripere?
840 2974 923 3015 an
956 2973 1099 3016 sese
1128 2951 1375 3016 medios
1406 2951 1756 3015 moriturus
1789 2952 1855 3015 in
1883 2972 2074 3016 enses

466 3054 735 3131 Inferat,
766 3063 837 3119 et
866 3051 1203 3138 pulchram
1233 3064 1546 3137 properet
1573 3074 1694 3137 per
1724 3052 1990 3147 vulnera
2019 3056 2334 3119 mortem?

288 3292 353 3340 ad
392 3291 742 3356 speculandum
778 3290 999 3339 exiturus
1036 3288 1190 3337 multo
1228 3288 1417 3337 cautius
1484 3289 1650 3337 Nisus
1709 3289 1978 3338 Enimvero
2004 3306 2094 3341 nec
2219 3293 2422 3341 metrica
2449 3296 2602 3343 subti-

291 3372 347 3405 ac
383 3355 671 3421 prudentius
709 3355 897 3418 galeam
932 3352 1083 3402 sumit
1116 3352 1307 3415 Εφαλον
1339 3352 1417 3401 καὶ
1480 3354 1618 3401 litate
1655 3353 1706 3401 in
1746 3364 1892 3417 poeta
1931 3356 2032 3405 haec
2073 3356 2313 3419 exigenda
2353 3368 2481 3415 sunt,
2521 3358 2602 3421 qui

292 3420 491 3483 ἅλοφον.
549 3423 679 3469 &ate
710 3422 829 3467 viri:
862 3432 941 3467 res
974 3418 1311 3466 animadversa
1342 3426 1417 3465 est
1480 3418 1682 3466 omnino
1735 3418 1928 3482 longius
1971 3434 2118 3469 cursu
2162 3430 2386 3469 evectum
2427 3422 2606 3471 Nisum

290 3486 421 3534 haud
452 3485 506 3533 in
528 3499 739 3539 vanum3
774 3499 872 3532 non
900 3482 1123 3545 neglecta
1148 3490 1236 3531 est.
1296 3484 1413 3530 Ten-
1480 3481 1726 3530 declarare
1752 3482 1917 3531 voluit.
1978 3484 2176 3532 Poterat
2207 3484 2250 3533 is
2271 3484 2430 3533 laeum
2451 3485 2602 3533 Alba-

288 3553 429 3599 dere:
474 3558 607 3598 recte
642 3549 810 3613 explet
842 3548 978 3595 Serv.
1014 3546 1177 3595 verbis
1212 3546 1410 3595 tendere

290 3614 523 3663 adversus
561 3613 786 3677 aliquem,
826 3612 918 3660 hoc
964 3622 1052 3669 est,
1099 3610 1409 3676 respondere.

292 3682 509 3728 Diwrtia
528 3678 733 3735 doctius,
756 3692 900 3740 quam
922 3675 1223 3724 diverticula.

355 3746 466 3791 385.
508 3745 739 3805 Pallitque
771 3745 904 3789 timor
940 3744 1121 3803 regione
1150 3745 1327 3788 viarum
1360 3740 1407 3787 h.

290 3807 384 3865 via,
430 3806 809 3872 periphrastice5
860 3815 917 3853 ut
960 3806 1207 3853 aberraret
1246 3820 1275 3851 a
1316 3804 1407 3852 via.

292 3874 435 3935 Regio
468 3874 567 3929 vie,
610 3879 662 3919 et
696 3870 903 3935 poetice,
942 3874 1133 3928 viarum,
1176 3884 1265 3933 pro
1306 3868 1413 3933 ipsa

286 3936 382 3985 via.
439 3936 609 3985 Timor
638 3935 760 4011 ipse,
787 3950 849 3983 ne
884 3935 937 3982 in
958 3934 1123 3983 hostes
1158 3933 1411 3993 incideret,

285 4016 316 4048 a
340 4001 419 4049 via
439 4017 537 4065 qua
558 4000 683 4048 elabi
710 4008 903 4065 poterat
923 3998 1133 4047 abducit.

354 4066 627 4113 386—388.
662 4067 947 4127 Imprudens,
968 4064 1233 4127 Euryalum
1254 4078 1411 4112 rema-

288 4144 407 4178 nere
430 4144 529 4178 non
554 4129 961 4178 animadvertens.
1022 4131 1173 4176 Lacus
1204 4132 1415 4177 Albanus

288 4194 589 4258 aliquantum
642 4210 759 4242 sane
805 4209 832 4242 a
874 4202 1033 4243 castro
1076 4193 1411 4255 Trojanorum,

286 4274 376 4309 ceu
412 4260 556 4308 Nova
590 4259 751 4321 Troja,
776 4258 956 4313 abfuit3
996 4266 1045 4304 et
1076 4260 1255 4319 majore
1290 4256 1414 4304 forte

284 4324 543 4373 intervallo
566 4340 709 4387 quam
734 4332 787 4372 ut
823 4322 991 4388 paucis
1022 4321 1169 4379 horis,
1204 4336 1232 4367 a
1256 4320 1416 4369 media

284 4400 429 4437 nocte
450 4388 512 4438 ad
534 4388 632 4436 diei
664 4398 839 4445 ortum,
866 4402 923 4436 eo
945 4400 1097 4449 usque
1130 4400 1417 4449 procurrere

284 4462 335 4501 et
378 4468 548 4503 mnus
592 4452 709 4501 inde
750 4452 897 4501 silvas
936 4460 1161 4515 repetere
1200 4449 1413 4515 potuerit

1478 3561 1611 3603 num,
1649 3546 1796 3609 longo
1835 3547 1927 3595 etsi
1965 3547 2222 3596 intervallo
2261 3548 2420 3596 adhuc
2459 3549 2602 3597 disai-

1478 3620 1597 3666 tum,
1633 3620 1796 3659 tamen
1829 3612 2158 3675 praetergredi,
2195 3627 2364 3660 versus
2385 3612 2604 3661 Tiberim

1478 3674 1698 3733 tendens,
1744 3684 1794 3722 et
1833 3690 1862 3722 a
1898 3684 2036 3737 tergo
2075 3676 2352 3738 relinquere
2396 3692 2604 3739 eumque

1477 3740 1698 3797 evadere,
1733 3738 1824 3787 etsi
1860 3738 2044 3801 aliquot
2077 3741 2292 3789 millibus
2327 3742 2390 3789 eb
2423 3756 2484 3789 eo
2517 3744 2602 3790 ab·

1476 3814 1618 3853 esset.
1675 3803 1754 3852 Ad
1791 3804 2040 3853 oculorum
2073 3820 2272 3853 sensum
2303 3806 2407 3855 haec
2443 3805 2496 3853 in
2528 3806 2600 3853 lo-

1475 3884 1644 3981 {prugt
1665 3868 2008 3985 1)ὶέῗὲτίοὲυέ
2023 3868 2343 3982 dijudffiznltlia.
2381 3873 2603 3982 Stabulttiae

1522 3949 1590 3981 .a
1641 3950 1686 3981 v.
1809 3970 1821 3981 .
1911 3948 2113 3983 erum
2295 3949 2602 3983 aecnarrao

1478 3998 1674 4061 egregie
1695 3998 1758 4046 ad
1791 3998 2180 4063 expectationem
2207 3998 2496 4046 movendam
2530 4007 2607 4047 est

1478 4074 1819 4176 ωῐὲξέῗέἷδ.
1861 4128 2126 4191 Euryalum
2161 4126 2466 4201 ignoratione
2500 4126 2602 4177 via-

1478 4208 1588 4241 rum
1643 4191 1952 4254 tenebrisque
1995 4206 2298 4255 oppressum,
2353 4192 2605 4255 inopinato

1480 4256 1634 4305 hostis
1652 4256 1862 4303 adventu
1889 4257 2146 4314 turbatum,
2171 4256 2444 4319 frustraque
2460 4256 2606 4305 modo

1479 4322 1572 4369 hoc
1598 4320 1740 4369 modo
1773 4320 1894 4368 illud
1917 4332 2188 4379 conantem,
2213 4319 2330 4369 dum
2361 4336 2490 4370 nunc
2523 4322 2602 4370 fu-

1545 4401 1590 4434 m
1637 4400 1768 4432 nunc
1807 4400 1940 4433 arma
1985 4394 2137 4449 parat,
2183 4386 2382 4450 capiunt
2427 4396 2476 4434 et
2517 4388 2601 4435 ab-

1513 4458 1679 4497 ucunt.
