3050 4934
1141 284 1594 352 ECLOGA
1630 285 1719 352 V.
1810 283 1817 292 '

2496 289 2583 356 27

310 437 394 502 10
437 437 638 503 ΜΒΝ.
685 437 936 524 Incipe,
967 435 1234 522 Mopse,
1268 440 1484 523 prior:
1533 439 1588 503 si
1617 462 1783 524 quos
1816 448 1931 504 aut
1961 439 2280 526 Phyllidis
2312 443 2520 527 ignes,

433 539 584 605 Aut
609 539 882 606 Alconis
911 539 1120 604 habes
1149 538 1404 618 laudes,
1435 551 1551 605 aut
1567 542 1789 626 jurgia
1820 540 2043 608 Codri.

435 641 700 727 Incipez
746 651 1096 728 pascentes
1129 643 1416 707 servabit
1443 643 1720 728 Tityrus
1749 643 2002 709 haedos.

435 743 626 809 Mor.
673 744 878 809 Immo
906 743 1076 821 haec,
1107 744 1175 807 in
1203 744 1393 808 viridi
1421 766 1637 829 nuper
1664 767 1813 830 quae
1841 748 2083 812 cortice
2113 746 2248 832 fagi

436 845 744 910 Carmina
769 845 1116 930 descripsi,
1149 855 1218 910 et
1245 845 1587 910 modulans
1618 847 1869 912 alterna
1898 851 2139 927 notavi,

309 947 392 1012 15
437 947 808 1032 Experiar:
855 959 931 1011 tu
961 947 1200 1010 deinde
1223 947 1459 1030 jubeto
1488 959 1697 1013 certet
1724 948 2070 1034 Amyntas.

435 1049 638 1114 ΜΒΝ.
685 1048 904 1114 Lenta
935 1047 1102 1112 salix
1130 1059 1444 1132 quantum
1470 1049 1743 1133 pallenti
1770 1052 1947 1116 cedit
1974 1051 2183 1130 olivae,

435 1150 743 1216 Puniceis
771 1148 1032 1214 humilis
1063 1160 1378 1234 quantum
1407 1149 1695 1215 saliunca
1725 1153 1996 1231 rosetis3

435 1251 486 1317 J
487 1254 704 1318 udicio
733 1263 964 1317 nostro
993 1261 1244 1316 tantum
1273 1253 1393 1316 tibi
1419 1253 1597 1318 cedit
1625 1251 1971 1338 Amyntas.

435 1355 625 1419 Mor.
675 1353 812 1419 Sed
844 1365 918 1418 tu
949 1352 1174 1420 desine
1203 1352 1417 1438 plura,
1449 1375 1651 1438 puer3
1698 1357 2131 1422 successimus
2162 1369 2370 1422 antro.

299 1459 392 1521 20
436 1456 861 1522 Exstinctum
887 1455 1221 1541 Nymphae
1248 1455 1498 1521 crudeli
1527 1455 1756 1521 funere
1789 1455 2105 1542 Daphnin

433 1557 749 1623 Flebant:
797 1579 913 1622 vos
943 1555 1150 1622 coruli
1177 1567 1381 1622 testes
1413 1567 1482 1622 et
1509 1557 1775 1622 flumina
1804 1558 2171 1645 Nymphis:

435 1661 684 1737 Quum,
715 1657 1057 1744 complexa
1085 1659 1186 1722 sui
1216 1679 1456 1743 corpus
1487 1657 1853 1724 miserabile
1884 1662 2089 1744 gnati,

434 1760 661 1845 Atque
692 1762 854 1825 deos
885 1771 1082 1844 atque
1113 1771 1290 1824 astra
1319 1755 1511 1824 vocat
1540 1758 1831 1825 crudelia
1858 1773 2085 1828 mater.

433 1863 593 1928 Non
621 1863 734 1928 ulli
764 1873 992 1948 pastos
1020 1861 1142 1926 illis
1171 1884 1370 1947 egere
1400 1863 1635 1928 diebus

299 1969 388 2032 25
433 1966 724 2051 Frigida,
757 1963 1056 2050 Daphni,
1085 1965 1288 2030 boves
1319 1966 1405 2029 ad
1434 1965 1737 2046 flumina3
1783 1965 1960 2032 nulla
1990 1991 2203 2052 neque
2236 1993 2487 2037 amnem

439 2069 699 2134 Libavit
726 2068 1130 2152 quadrupes,
1161 2089 1284 2132 nec
1312 2068 1620 2152 graminis
1650 2069 1867 2152 attigit
1893 2068 2187 2136 herbam.
2537 2061 2541 2066 ’

433 2169 731 2256 Daphni,
762 2180 950 2233 tuum
980 2167 1224 2232 Poenos
1255 2169 1450 2233 etiam
1478 2170 1871 2253 ingemuisse
1903 2170 2126 2236 leones

433 2271 803 2347 Interim,
831 2279 1216 2356 montesque
1247 2269 1370 2334 feri
1402 2269 1711 2356 silvaeque
1742 2269 2117 2356 loquuntur.

264 2494 467 2544 cunque
503 2479 626 2529 adeo
659 2479 756 2529 ille·
775 2478 951 2536 elevet,
993 2487 1050 2526 ut
1087 2493 1148 2528 ex
1191 2477 1396 2527 audacia

261 2545 440 2609 potius,
479 2560 628 2608 quam
681 2543 801 2592 artis
849 2542 1160 2600 confidentia,
1205 2551 1394 2592 certare

265 2625 374 2657 eum
395 2625 509 2657 eum
529 2609 814 2657 melioribus
835 2607 1106 2670 significet:
1145 2607 1258 2656 Hoc
1281 2623 1394 2656 eum

261 2673 457 2731 ualere,
475 2681 536 2721 ut
551 2689 604 2721 se
623 2673 744 2721 mihi
764 2671 1046 2748 aequiparet,
1071 2687 1262 2720 mecum
1285 2687 1390 2720 cer-

263 2747 346 2795 tet,
369 2737 496 2786 nihil
528 2737 722 2796 mirum,
751 2753 864 2785 cum
897 2738 1028 2785 idem
1055 2735 1140 2784 ille
1167 2736 1286 2784 satis
1317 2745 1388 2784 te-

261 2803 504 2914 gerax-ing
519 2803 599 2860 sit,
620 2811 676 2850 ut
691 2800 1393 2914 vtlel‘ljctirndd‘i’i'sagon[lggzediaturi

261 2881 710 2995 Αἲιῗαιωᾼῗιιῖἰ.
745 2873 1395 2989 Τίιωεοοη“ωπχ]ἕὶοτιῗησιπὲξι

259 3011 368 3044 -ε
401 2995 758 3044 obtrectatione
789 3003 840 3043 et
868 2993 1066 3052 invidia,
1088 2993 1154 3053 iv,
1180 2997 1225 3051 8,
1247 2991 1394 3056 φαντί

263 3078 338 3109 νιν
357 3059 600 3124 Ἡρακλῆϊ
616 3058 730 3116 βίην
750 3059 830 3108 καὶ
851 3055 1024 3120 κάρτος
1045 3056 1242 3120 ἑρίσδεν.

327 3127 406 3182 lo,
433 3127 512 3172 11.
547 3125 592 3172 E
623 3124 831 3172 Theocr.
863 3123 898 3181 i,
935 3124 996 3172 19
1031 3139 1100 3185 sq.
1170 3122 1258 3170 Nil
1297 3121 1394 3171 nisi

263 3199 382 3238 nota
411 3189 577 3252 aliqua
701 3187 977 3236 toritiorum
1009 3187 1280 3235 carminum
1312 3203 1391 3235 ar·-

257 3264 492 3317 gumenta
523 3254 572 3301 h.
663 3251 921 3301 memorari
953 3260 1005 3300 et
1024 3251 1244 3314 vulgaria
1273 3267 1387 3316 pas-

257 3327 420 3367 torum
459 3318 660 3366 nomina
698 3316 894 3366 recitari
932 3324 1064 3380 puta.
1135 3316 1270 3364 Male
1308 3316 1390 3364 hic

257 3393 342 3431 sut
377 3383 568 3447 Phyllis
602 3398 632 3430 a
673 3382 1050 3446 Demophoonte
1091 3389 1265 3439 amata,
1307 3389 1392 3428 aut

255 3447 462 3505 Codrus,
521 3447 830 3495 Athenarum
884 3459 988 3502 rex,
1039 3445 1388 3493 nominaretur.

259 3511 338 3560 De
376 3511 541 3559 Codro
577 3519 774 3575 pastore
808 3509 938 3557 insta
967 3524 1159 3572 quoque
1191 3509 1274 3568 vii,
1309 3511 1388 3568 22,

255 3577 334 3624 26.
402 3577 577 3638 Iurgia
598 3577 752 3632 Codri,
771 3587 968 3622 carmen
990 3573 1274 3637 respiciunt,
1295 3589 1392 3637 quo

253 3639 296 3688 is
335 3655 452 3688 cum
491 3639 590 3688 alio
627 3647 828 3714 pastore
870 3647 1018 3686 cantu
1057 3637 1388 3686 contenderat.

259 3705 338 3754 Ita
381 3704 486 3752 Bel.
526 3703 580 3752 iii
625 3702 828 3752 inscribi
865 3711 1044 3767 posset,
1078 3700 1254 3766 Jurgia
1285 3703 1388 3752 Da-

253 3779 422 3818 moetae
439 3779 492 3816 et
516 3768 773 3831 Menalcge.

324 3835 402 3890 14,
433 3835 509 3882 15.
546 3835 745 3882 Alter-na
776 3835 945 3889 naevi,
979 3847 1070 3896 per
1090 3831 1293 3888 alterna,
1316 3831 1386 3878 al-

253 3897 494 3946 ternatim
524 3912 708 3946 canens
743 3896 1050 3954 versiculum,
1086 3905 1138 3944 et
1179 3896 1391 3944 eundem

255 3979 374 4011 mox
396 3961 622 4009 incidens
643 3962 696 4009 in
718 3960 963 4009 corticem.
1017 3959 1127 4009 Etsi
1151 3976 1250 4009 non
1271 3959 1393 4008 levis

253 4043 408 4091 opera
429 4041 540 4074 esse
563 4024 748 4084 debuit,
774 4034 930 4073 totum
950 4024 1058 4084 boc,
1078 4025 1207 4089 quod
1229 4023 1390 4087 sequi-

255 4103 338 4140 un·
359 4108 391 4140 a
411 4107 458 4138 v.
486 4093 564 4146 2⁰,
589 4105 786 4139 cannen
815 4089 1035 4138 incidere
1067 4089 1252 4139 cortici.
1325 4091 1396 4137 Tu
1433 4103 1440 4114 ·

243 4156 424 4218 iubeto.
519 4155 643 4204 Haec
688 4169 802 4202 cum
846 4153 1072 4203 irrisione
1123 4153 1397 4218 arrogantis

319 4285 400 4336 17.
425 4229 662 4341 Zaa-nea,
685 4285 838 4332 herba
859 4281 1040 4346 ignota,
1064 4283 1189 4331 sorte
1211 4283 1392 4332 nardus

255 4341 444 4396 Cela...
460 4367 474 4396 ε
500 4348 597 4396 vid.
623 4347 828 4397 Mar-tin.
874 4347 1010 4396 sulio
1033 4347 1216 4397 Sabino
1237 4361 1394 4411 genus

257 4407 462 4472 virgulti
483 4411 641 4474 nuperi
665 4423 753 4462 est.

331 4473 400 4520 2⁰
415 4489 520 4537 sqq.
547 4474 730 4530 Luctus
749 4492 897 4541 super
916 4477 1194 4542 Daphnidis
1207 4477 1394 4540 antiqui

1457 2479 1603 2528 istius
1633 2481 1843 2543 pastoris
1878 2479 2031 2528 Siculi
2062 2489 2233 2540 morte,
2263 2496 2407 2543 quem
2438 2493 2585 2546 poeta

1457 2559 1591 2592 nunc
1635 2543 1864 2592 carminis
1907 2554 2249 2607 argumentum
2292 2545 2423 2604 facit,
2462 2547 2583 2595 satis

1457 2607 1674 2656 declarat
1692 2608 1855 2656 lusum
1882 2608 2083 2671 ingenii,
2116 2623 2217 2656 non
2238 2625 2409 2658 verum
2436 2610 2581 2658 affec-

1457 2681 1564 2720 tum
1598 2681 1648 2720 et
1678 2687 1877 2721 sensum
1914 2688 1976 2720 ex
2010 2673 2181 2721 funere
2208 2689 2339 2722 vero.
2410 2675 2583 2738 Itaque

1454 2737 1617 2785 luctus
1667 2737 1941 2785 declaratur
1980 2738 2400 2801 phantasmatibus
2454 2739 2582 2788 anti-

1457 2802 2209 2914 ἓὲιῖωρέεέἰῗὲωῧᾷἓῗῗῖἳ
2248 2813 2585 2932 {mma

1854 2901 1867 2923 2
2086 2901 2100 2924 9

1457 2939 1637 2994 pratra,
1662 2931 1869 2979 35—39.
1916 2933 2075 2978 Mater
2093 2933 2198 2993 eJus
2272 2932 2314 2980 it
2336 2933 2583 2998 Nympha,

1455 3009 1486 3042 a
1503 2993 1754 3042 Mercurio
1771 3009 1800 3041 o
1834 3009 2017 3058 pressa.
2067 2997 2257 3044 crudeli
2258 2995 2445 3059 funere,
2464 2997 2582 3046 sim-

1453 3057 1663 3124 pliciter,
1688 3073 1801 3106 acer
1882 3068 2053 3108 morte.

1523 3123 1601 3171 23.
1637 3126 1785 3172 Astra
1826 3131 1957 3172 vocat
2000 3127 2207 3174 crudelia
2222 3143 2239 3173 .-
2278 3125 2325 3173 h.
2372 3124 2584 3185 invocat,

1457 3186 1703 3246 inclamat,
1728 3187 1846 3236 deos
1864 3197 1915 3236 et
1936 3197 2066 3237 astra
2086 3189 2291 3238 incusat.
2348 3191 2585 3253 Jejunum

1457 3259 1534 3300 est
1565 3251 1693 3314 quod
1729 3252 1877 3316 vulgo
1911 3252 2078 3302 aiunt:
2139 3253 2261 3304 dicit
2301 3263 2433 3304 astra
2472 3271 2581 3306 esse

1453 3316 1685 3365 crudelia.

1521 3382 1601 3439 24,
1618 3382 1693 3429 25.
1719 3382 1767 3429 N
1770 3397 1835 3430 on
1852 3391 2072 3446 pastores
2088 3399 2193 3448 prae
2212 3384 2347 3433 luctu
2365 3393 2587 3434 amenta

1456 3445 1518 3492 ad
1537 3447 1851 3509 pascendum,
1877 3455 1929 3495 et
1948 3456 2062 3512 post
2082 3457 2278 3511 pastum
2299 3448 2362 3496 ad
2382 3449 2587 3498 flumina

1454 3519 1675 3622 egerduint.
1742 3511 1979 3574 Adeoque
2009 3527 2067 3560 ea
2092 3513 2230 3561 fuere
2254 3513 2466 3577 impasta
2494 3529 2587 3577 per

1455 3589 1539 3623 eos
1612 3591 1679 3624 es.

1522 3639 1599 3686 26.
1640 3641 1875 3686 Graminis
1897 3641 2082 3686 herbam
2100 3648 2225 3712 puta
2244 3639 2341 3696 hic,
2365 3648 2417 3687 et
2436 3639 2582 3689 Ovid.

1458 3702 1582 3750 Met.
1606 3717 1655 3760 x,
1679 3703 1755 3757 87,
1782 3701 1887 3749 Liv.
1909 3702 1942 3760 i,
1964 3703 2041 3760 24,
2065 3703 2245 3750 dictam
2268 3719 2389 3761 esse,
2414 3712 2471 3751 ut
2500 3721 2584 3768 cy-

1454 3766 1553 3826 tisi,
1587 3765 1690 3824 loti,
1723 3766 1939 3825 herbam,
1969 3782 2147 3832 nempe
2178 3783 2291 3816 cum
2324 3767 2386 3815 de
2408 3767 2589 3817 virenti

1453 3831 1676 3894 germine
1696 3830 1886 3894 fruticis
1906 3835 2239 3896 cujuscunque
2266 3832 2453 3896 agitur3
2490 3833 2588 3881 nisi

1457 3905 1574 3944 noto
1595 3907 1849 3961 poetarum
1872 3913 2009 3946 more
2030 3913 2121 3962 pro
2155 3899 2309 3947 herba
2333 3897 2587 3961 graminea

1458 3961 1643 4010 dietum
1664 3961 1819 4020 malis,
1834 3977 1945 4010 cum
1960 3979 2152 4026 pumen
2176 3967 2323 4024 ipsum
2341 3966 2465 4011 inter
2479 3963 2583 4012 her-

1461 4029 1543 4074 bas
1562 4030 1925 4089 vulgatissimum
1946 4031 2012 4074 sit
2026 4046 2042 4074 .-
2078 4026 2204 4074 Plin.
2226 4027 2359 4086 xxiv,
2385 4029 2459 4076 19.

1525 4089 1603 4148 27,
1652 4094 1728 4140 28.
1788 4093 2052 4153 Montesque
2093 4088 2198 4151 seri
2249 4095 2462 4156 silvaque
2519 4096 2585 4140 lo—

1459 4163 1675 4216 quantur.
1734 4154 1991 4203 Montibus
2024 4164 2076 4202 et
2106 4155 2243 4204 silvis
2263 4172 2433 4206 vocem
2464 4157 2585 4215 dari,

1459 4217 1580 4268 satis
1600 4228 1769 4268 notum
1796 4228 1896 4273 est;
1933 4229 1982 4266 et
2005 4218 2047 4266 si
2070 4219 2366 4282 ingemuisse
2395 4230 2588 4269 montes

1458 4283 1703 4346 silvasque
1735 4282 1954 4339 dixisset,
2002 4292 2087 4331 aut
2123 4285 2276 4347 queri,
2314 4293 2399 4333 aut
2438 4285 2587 4348 loqui,

1459 4348 1631 4396 eodem
1661 4363 1775 4396 cum
1807 4347 1901 4394 isto
1936 4362 2097 4406 sensu,
2132 4349 2257 4398 nihil
2289 4348 2586 4399 offenderet:

1460 4411 1586 4460 solet
1606 4411 1739 4460 enim
1762 4413 1907 4460 rebus
1928 4411 2210 4462 inanimatis
2236 4429 2409 4462 sensus
2439 4415 2583 4462 adeo·

1462 4492 1556 4540 que
1580 4485 1631 4526 et
1658 4491 1754 4525 vox
1776 4475 1949 4527 tribui:
1986 4477 2055 4527 sic
2083 4477 2168 4526 inf.
2193 4479 2273 4538 62,
2296 4481 2397 4540 Ipsi
2420 4480 2588 4527 letitia
