3050 4934
1110 261 1451 327 LIBER
1496 262 1596 328 ΙΙ.

388 408 481 473 Et
512 432 690 494 saepe
718 409 989 477 alterius
1021 434 1236 476 ramos
1266 414 1527 497 impune
1561 412 1850 476 videmus

382 510 669 575 Vertere
700 513 767 573 in
796 512 1101 589 alterius3
1148 522 1592 596 mutatamque
1621 512 1816 577 insita
1843 511 2012 575 mala

380 609 585 675 Ferre
614 614 853 696 pirum,
882 624 950 677 et
979 614 1205 697 prunis
1236 612 1534 696 lapidosa
1559 613 1910 677 rubescere
1944 633 2164 676 corna.

244 713 337 775 35
472 712 701 785 Quare
730 716 905 797 agite
934 736 997 791 o,
1030 714 1335 799 proprios
1362 714 1720 797 generatim
1751 713 1982 777 discite
2013 712 2250 789 cultus,

386 812 737 897 Agricolae,
766 814 1148 899 fructusque
1178 814 1353 878 feros
1382 814 1624 878 mollite
1657 812 1966 892 colend03

384 913 545 977 Neu
575 937 807 998 segnes
829 916 1096 999 jaceant
1124 926 1340 979 terrae.
1431 914 1632 979 Juvat
1663 913 1908 979 Ismara
1935 914 2204 979 Baccho

386 1014 777 1093 Conserere,
806 1027 1003 1101 atque
1035 1016 1177 1081 olea
1206 1038 1509 1100 magnum
1540 1017 1776 1080 vestire
1806 1016 2211 1081 Taburnum.

386 1114 631 1197 Tuque
660 1116 843 1193 ades,
872 1120 1333 1203 inceptumque
1365 1139 1495 1181 una
1524 1116 1800 1181 decurre
1829 1116 2140 1194 laborem,

244 1216 339 1278 40
386 1216 454 1279 Ο
486 1216 713 1293 decus,
744 1240 785 1281 o
813 1216 1001 1283 famae
1028 1219 1261 1283 merito
1288 1240 1443 1303 pars
1474 1240 1778 1283 maxuma
1805 1230 2072 1296 nostrae,

387 1317 745 1396 Maecenas,
776 1319 1141 1405 pelagoque
1172 1319 1395 1385 volans
1426 1320 1523 1387 ds
1541 1319 1684 1385 vela
1711 1322 1983 1405 patenti.

388 1418 546 1481 Non
574 1440 701 1503 ego
728 1431 966 1485 cuncta
992 1423 1151 1485 meis
1184 1420 1485 1505 amplecti
1513 1423 1810 1486 versibus
1841 1432 2036 1506 opto;

388 1518 569 1595 Non,
602 1520 755 1584 mihi
785 1523 841 1585 si
868 1522 1107 1607 linguae
1134 1533 1397 1587 centum
1426 1523 1578 1599 sint,
1611 1546 1856 1607 oraque
1887 1535 2168 1599 centum,

384 1619 629 1685 Ferrea
658 1644 821 1685 vox:
868 1624 1052 1701 ades,
1082 1634 1152 1688 et
1178 1624 1369 1708 primi
1396 1622 1542 1707 lege
1570 1623 1806 1688 littoris
1837 1646 2052 1689 oram:

248 1722 341 1783 45
384 1720 465 1785 In
493 1723 789 1788 manibus
820 1734 1051 1803 terrae3
1096 1747 1227 1789 non
1255 1724 1363 1789 hic
1391 1734 1459 1788 te
1492 1724 1772 1789 carmine
1801 1724 1982 1799 ficto,

389 1822 615 1907 Atque
644 1846 765 1909 per
794 1828 1101 1911 ambages
1130 1838 1199 1891 et
1226 1824 1423 1910 longa
1450 1848 1690 1891 exorsa
1722 1825 1979 1889 tenebo.

478 1924 728 2009 Sponte
762 1950 881 1991 sua
910 1950 1059 2011 quae
1090 1948 1161 1992 se
1190 1926 1426 1993 tollunt
1452 1928 1519 1991 in
1551 1925 1806 1991 luminis
1837 1948 2010 2002 oras,

382 2024 773 2091 Infoecunda
802 2028 1087 2111 quidem,
1122 2030 1239 2093 sed
1270 2028 1421 2091 laeta
1448 2039 1517 2093 et
1546 2027 1740 2092 fortia
1769 2038 2082 2111 surgunt:

2441 260 2527 321 95

385 2128 655 2213 Quippe
688 2128 827 2192 solo
855 2141 1092 2193 natura
1122 2131 1371 2194 subest.
1445 2128 1698 2193 Tamen
1729 2127 1870 2192 haec
1902 2150 2186 2213 quoque,
2220 2130 2274 2193 si
2303 2131 2447 2215 quis

252 2230 341 2293 50
386 2229 664 2306 luserat,
696 2241 813 2295 aut
844 2232 1185 2295 scrobibus
1216 2230 1480 2293 mandet
1505 2240 1753 2293 mutata
1785 2231 2095 2307 subactis,

382 2332 714 2395 Exuerint
746 2330 1104 2396 silvestrem
1135 2330 1450 2407 animum3
1498 2328 1806 2413 cultuque
1839 2329 2165 2414 frequenti

388 2432 467 2496 In
495 2454 940 2517 quascumque
970 2454 1161 2497 voces
1194 2442 1371 2495 artes
1399 2429 1580 2495 haud
1609 2431 1798 2494 tarda
1829 2441 2206 2515 sequentur.

272 2632 483 2681 32—34.
520 2630 599 2677 De
636 2628 867 2677 insitione
902 2629 1018 2692 agit.
1085 2630 1340 2692 Tanquam
1406 2638 1493 2677 aut
1524 2630 1708 2678 circum
1740 2629 1975 2687 refertur-3
2011 2630 2098 2679 sed
2123 2639 2326 2707 propter
2347 2646 2392 2679 v.
2415 2632 2477 2679 41
2503 2646 2534 2680 a

204 2708 365 2760 poen.
406 2694 537 2742 mala
574 2704 625 2741 et
664 2709 815 2741 corna
858 2702 1107 2751 memorat,
1152 2694 1339 2744 fluctus

206 2776 299 2824 pro
328 2761 517 2809 arbore.
585 2757 731 2813 Quod
754 2766 1049 2807 structuram
1079 2760 1339 2807 verborum

204 2824 397 2881 attinet,
438 2822 720 2885 ambiguum
760 2830 849 2878 est,
884 2822 1085 2885 pii-usne
1120 2837 1185 2870 ex
1216 2822 1337 2870 insi-

206 2890 341 2937 tione
372 2888 500 2936 ferat
526 2886 655 2935 mala
685 2896 737 2934 et
768 2901 955 2957 prunus
974 2902 1137 2945 corna,
1162 2902 1225 2934 an
1258 2886 1334 2935 in·
1404 2894 1586 2935 utatur.

208 2968 347 3001 verse
368 2966 553 3001 cornus
567 2966 742 3015 pruna.
796 2952 923 2999 Cum
942 2960 1077 2999 recte
1100 2950 1339 2999 monitum

203 3018 283 3075 sit,
318 3031 474 3065 corna
505 3015 623 3063 ΖΕΒ.
669 3013 739 3073 iii,
776 3015 872 3063 649
906 3018 1074 3063 victum
1112 3012 1341 3075 infelicem

202 3085 317 3131 dere
330 3080 449 3137 dici.
468 3078 713 3145 posterius
732 3074 925 3128 videtur
940 3078 1335 3144 amplectendum

202 3162 327 3195 ene.
386 3146 469 3193 Ex
494 3144 727 3193 insitione
747 3158 926 3193 cornus
954 3144 1049 3193 fert
1068 3159 1229 3207 pruna
1248 3159 1331 3193 ru-

1404 2709 1552 2769 cursu
1585 2694 1910 2756 navigationis
1940 2694 2148 2758 petitum
2179 2694 2338 2771 yideri
2371 2695 2530 2744 debet.

1404 2758 1806 2881 fflxfflzzae
1821 2758 1978 2884 «ξπ
1991 2760 2534 2873 sesemet:

1468 2952 1678 2999 43—45.
1715 2952 1828 2999 Jam
1863 2952 1926 2999 ab
1961 2949 2142 2999 Hostio
2176 2959 2320 3014 poeta
2355 2952 2530 3001 Latine

1406 3030 1638 3079 expressa
1680 3026 1822 3063 erant
1861 3014 2142 3072 Homerica,
2177 3017 2316 3075 cuius
2359 3030 2532 3064 versus

1397 3081 1529 3143 apud
1563 3080 1870 3129 Macrobium
1895 3080 1994 3128 Sat.
2027 3080 2090 3137 vi,
2115 3081 2146 3126 3
2169 3086 2309 3128 sunt:
2347 3081 2454 3127 Nos
2485 3084 2529 3127 εἰ

1397 3148 1509 3192 milti
1533 3148 1702 3206 lingua
1723 3148 1914 3193 Centum
1940 3152 2076 3205 atque
2097 3160 2178 3191 ora
2200 3146 2320 3191 sient
2343 3146 2530 3192 totidem

204 3210 388 3267 benna.
412 3220 471 3259 ut
490 3208 631 3273 pirus
648 3207 789 3257 mala.

270 3276 482 3325 85—38.
534 3272 738 3329 Discite,
773 3272 857 3335 qui
894 3288 985 3336 per
1020 3272 1215 3335 singula
1244 3288 1329 3335 ge-

204 3354 325 3389 nera
366 3337 547 3400 cuique
584 3336 757 3399 generi
790 3336 953 3385 cuiuis
988 3336 1215 3401 proprius
1252 3336 1330 3385 sit.

204 3406 413 3451 lanatus
430 3417 573 3450 mons
593 3400 829 3456 Thraciae.
852 3401 1049 3458 vitibus,
1074 3410 1125 3449 et
1152 3404 1328 3449 Tabur-

202 3485 303 3525 m,
336 3482 483 3515 mons
526 3464 729 3521 Samnii,
764 3463 906 3513 olivis
944 3464 1135 3521 nobilis,
1178 3480 1331 3527 quan-

204 3548 353 3595 quam
374 3540 583 3591 uterque
612 3528 679 3577 ali
742 3528 828 3577 uin
846 3543 991 3593 asper
1013 3538 1065 3575 et
1093 3529 1333 3577 horridus.

208 3596 453 3645 Ismarum
486 3595 657 3641 urbem
736 3608 931 3643 omerus
962 3592 1263 3649 memoravit,
1288 3602 1341 3641 et

204 3660 375 3709 vinum
400 3675 429 3707 a
454 3660 663 3709 Marone
688 3656 853 3720 Ulyssi
874 3656 1071 3705 datum:
1106 3656 1280 3719 odyss.
1306 3676 1335 3713 ι,

210 3724 315 3774 197.
369 3723 495 3771 Inde
518 3723 635 3771 urbs
654 3720 707 3769 in
725 3722 1001 3786 propinquo
1026 3721 1265 3770 Maronea
1283 3728 1335 3768 et

202 3788 377 3837 vinum
402 3788 695 3835 Maroneum
716 3785 903 3834 clarum
924 3786 1107 3835 habent
1134 3799 1329 3833 nomen.

206 3852 469 3901 Pertinent
496 3860 661 3899 autem
690 3847 743 3897 hi
773 3864 943 3898 versus
964 3848 1121 3897 adhuc
1152 3849 1215 3897 ad
1244 3848 1329 3897 ad-

204 3916 533 3964 homtionem
588 3912 925 3976 agricolarum,
980 3922 1035 3961 ut
1082 3913 1335 3963 arboribus

206 3980 395 4027 idoneis
414 3980 471 4027 in
492 3977 615 4026 locis
636 3976 853 4026 colendis
872 3994 1073 4053 operam
1094 3978 1225 4027 dent.

269 4046 350 4099 39.
372 4046 451 4091 40.
494 4041 755 4105 Proposito
786 4058 921 4104 quasi
954 4053 1241 4105 argumento
1270 4041 1330 4090 li-

206 4108 295 4165 bri,
328 4108 393 4155 ad
420 4110 533 4169 ejus
558 4106 988 4171 pertractationem
1012 4106 1337 4155 Mecenatem

206 4172 421 4225 invoeatz
444 4170 775 4219 commodiore
806 4170 915 4219 loco
939 4186 1085 4233 quam
1106 4170 1149 4221 si
1171 4170 1337 4235 paullo

208 4247 335 4293 ante,
354 4252 399 4283 v.
420 4236 567 4292 5—9,
593 4234 789 4283 Baccho
818 4235 1153 4297 subjunxisset
1172 4235 1333 4300 priva-

212 4310 311 4349 tum
333 4300 601 4349 Imminem.
672 4298 803 4347 Nam
825 4300 1071 4349 Caesarem
1096 4310 1229 4349 recte
1260 4300 1334 4347 ul·-

208 4364 325 4413 timo
354 4374 473 4428 post
504 4363 625 4411 deos
662 4362 771 4411 loco
804 4365 1015 4427 ponebat
1050 4366 1171 4412 Geo.
1207 4364 1239 4420 i,
1276 4366 1338 4411 24

210 4444 309 4491 sqq.
378 4432 638 4477 Deest-rere
662 4438 795 4476 recte
816 4428 1015 4491 quidem
1039 4428 1103 4477 ad
1129 4427 1339 4477 stadium

1398 3224 1608 3270 vocesque
1642 3212 1843 3271 liquata.
1912 3208 2114 3256 Summa
2143 3216 2334 3256 tantum
2362 3222 2528 3257 rerum

1397 3272 1568 3385 egitss
1579 3271 2392 3386 .⁸⁰..¹.‘1{ffi{5;²¹⁸.3·‡⁰‘2².¹1.¹2¹¹¹m³³³⁸⁰
2425 3273 2528 3386 ἓξὲξ,

1398 3353 1658 3464 giniinriciue
1690 3411 1910 3466 possunt.
1956 3354 2104 3449 quc
2137 3399 2258 3448 dicit
2291 3352 2430 3449 lignice
2457 3405 2524 3449 le-

1394 3483 1519 3529 gere,
1541 3466 1734 3522 radere3
1759 3476 1816 3516 ut
1831 3474 1970 3515 terrae
1993 3470 2042 3513 in
2063 3469 2286 3521 manibus,
2313 3465 2391 3526 (ἐν
2411 3482 2540 3526 χορ--

1400 3530 1491 3585 σὶν,
1531 3530 1694 3594 Apoll.
1733 3532 1825 3579 Rh.
1862 3531 1894 3587 i,
1941 3529 2109 3589 1113.)
2144 3530 2191 3576 h.
2227 3543 2380 3591 prope
2413 3528 2527 3584 sint,

1401 3594 1602 3647 vicinam
1639 3609 1736 3640 non
1760 3594 1868 3642 vela
1888 3594 1941 3640 in
1965 3593 2120 3640 altum
2142 3592 2272 3639 dare.

1467 3656 1529 3706 47
1552 3672 1653 3717 sqq.
1689 3657 1720 3704 J
1723 3672 1801 3703 am
1819 3657 1881 3704 ad
1902 3655 2142 3703 culturam
2167 3654 2394 3701 arborum
2416 3668 2528 3717 pro·

1432 3720 1630 3768 reditur.
1691 3720 1758 3767 Et
1781 3719 1996 3783 primum
2027 3718 2226 3780 quidem
2247 3733 2294 3765 v.
2319 3716 2532 3777 47—60,

1396 3736 1459 3833 ge
1481 3783 1822 3832 emendatione
1845 3786 2071 3833 arborum
2095 3781 2396 3831 silvestrium
2413 3782 2530 3844 agit,

1398 3864 1509 3897 cum
1533 3859 1760 3913 respectu
1791 3848 1851 3897 ad
1882 3848 2129 3897 naturales
2159 3846 2330 3895 modos
2355 3845 2531 3908 quibus

1398 3914 1598 3962 arbores
1620 3924 1885 3961 nascuntur
1907 3930 1950 3962 v.
1973 3914 2148 3961 9—21.
2199 3912 2348 3959 Nunc
2370 3910 2530 3973 primo

1397 3977 1505 4027 loco
1522 3978 1734 4042 primum
1750 3978 1946 4026 modum
1960 3976 2174 4038 attingit.
2217 3976 2344 4029 Quae
2355 3984 2532 4049 sponte

1399 4042 1564 4091 enasci
1609 4042 1768 4091 solent
1807 4042 1860 4090 in
1899 4056 2016 4104 agro
2054 4038 2254 4096 inculto,
2297 4038 2530 4089 insitione

1399 4106 1602 4169 aliisque
1636 4106 1793 4154 modis
1825 4106 2069 4155 mitiorem
2103 4112 2329 4151 naturam
2357 4120 2528 4153 conse-

1400 4171 1483 4234 qui
1518 4179 1737 4235 possunt.
1803 4172 1862 4217 In
1896 4171 2081 4216 luminis
2114 4184 2234 4227 oras,
2267 4166 2320 4217 in
2354 4168 2532 4229 lucem,

1404 4236 1622 4297 adeoque
1646 4234 1697 4283 in
1719 4235 1965 4283 aetherem.

1468 4301 1678 4348 49—52.
1728 4301 1905 4359 Quippe
1940 4298 2034 4345 solo
2072 4304 2244 4345 natura
2279 4300 2446 4355 subest,
2483 4298 2534 4346 b.

1404 4364 1534 4412 inest
1553 4378 1612 4411 ea
1633 4362 1868 4411 naturalis
1885 4360 1960 4409 vis
1983 4376 2038 4409 ac
2063 4361 2218 4410 virtus
2241 4362 2310 4423 (v.
2331 4378 2372 4409 c.
2391 4362 2534 4418 sales,

1405 4428 1550 4484 calor,
1587 4428 1775 4483 humor,
1821 4424 2126 4490 temperies),
2167 4440 2276 4489 quae
2315 4426 2378 4473 ad
2415 4440 2530 4488 pro-
