3050 4934
453 246 585 323 532

1340 254 1872 323 AENEIDOS

623 410 981 485 Sustinuit3
1020 406 1317 491 collapsa
1346 416 1548 472 ruunt
1567 407 1868 471 immania
1895 406 2208 471 membra.

622 508 765 573 Dat
791 508 983 573 tellus
1012 509 1347 593 gemitum,
1376 519 1446 573 et
1472 506 1755 592 clipeum
1783 529 1985 591 super
2011 508 2268 571 intonat
2295 508 2565 591 ingens:

450 611 578 676 710
624 610 853 683 Qualis
886 612 952 674 in
982 609 1287 675 Euboico
1314 609 1624 673 Baiarum
1648 608 1864 673 littore
1895 608 2226 693 quondam

625 712 841 776 Saxea
868 710 999 795 pila
1028 711 1225 787 cadit,
1257 712 1508 793 magnis
1537 732 1732 794 quam
1757 709 2037 774 molibus
2069 720 2220 773 ante

626 812 1085 885 Constructam
1113 823 1315 897 ponto
1334 813 1626 897 jaciunt;

1671 812 1765 875 sic
1793 810 1903 875 illa
1930 811 2184 875 ruinam

624 912 845 978 Prona
873 912 1097 991 trahit,
1128 914 1519 997 penitusque
1551 912 1732 976 vadis
1764 911 1929 976 illisa
1957 911 2310 989 recumbit;

626 1015 916 1079 Miscent
944 1037 1013 1079 se
1044 1015 1266 1091 maria,
1296 1025 1365 1078 et
1392 1015 1598 1098 nigroe
1629 1013 2012 1079 attolluntur
2039 1034 2294 1091 arenae;

453 1118 582 1185 715
626 1116 803 1181 Tum
833 1117 1049 1180 sonitu
1079 1114 1411 1199 Prochyta
1440 1115 1572 1179 alta
1603 1117 1842 1191 tremit,
1874 1116 2238 1200 durumque
2269 1112 2481 1179 cubile

626 1218 901 1282 Inarime
932 1215 977 1279 J
980 1217 1115 1281 ovis
1144 1217 1427 1301 imperiis
1458 1216 1738 1301 imposta
1768 1215 2100 1300 Typhoeo.

711 1318 843 1383 Hic
872 1318 1058 1382 Mars
1087 1309 1483 1402 armipotens
1512 1318 1794 1381 animum
1823 1318 2122 1401 viresque
2155 1316 2408 1381 Latinis

625 1419 931 1496 Addidit,
963 1431 1031 1484 et
1062 1418 1355 1483 stimulos
1386 1440 1572 1483 acres
1605 1420 1728 1483 sub
1758 1428 2026 1503 pectore
2053 1418 2283 1495 vertit3

629 1522 1027 1605 Immisitque
1058 1520 1307 1605 Fugam
1336 1520 1614 1585 Teucris
1645 1531 1986 1603 atrumque
2016 1519 2370 1585 Timorem.

456 1625 587 1689 720
630 1622 941 1713 Undique
972 1622 1399 1698 conveniunt3
1446 1622 1750 1703 quoniam
1781 1621 1936 1685 data
1965 1622 2153 1705 copia
2179 1642 2455 1705 pugnae3

631 1722 1053 1808 Bellatorque
1084 1725 1329 1788 animos
1361 1724 1525 1787 deus
1555 1723 1800 1787 incidit.

634 1825 1003 1902 Pandarus,
1036 1836 1111 1889 ut
1139 1825 1287 1890 fuso
1315 1846 1694 1909 germanum
1723 1846 1996 1909 corpore
2023 1824 2251 1901 cernit,

635 1924 729 1991 Et
760 1949 890 2010 quo
922 1928 1007 1990 sit
1036 1924 1297 1989 fortuna
1325 1924 1492 2002 loco,
1524 1926 1638 2008 qui
1667 1946 1858 1989 casus
1889 1934 2042 2008 agat
2069 1946 2215 2000 res;

634 2027 903 2092 Portam
928 2028 993 2091 vi
1020 2026 1223 2091 multa
1251 2048 1568 2091 converso
1593 2026 1856 2089 cardine
1889 2035 2173 2109 torquet,

460 2130 591 2193 725
635 2127 941 2193 Obnixus
970 2128 1116 2191 latis
1143 2126 1455 2203 humeri8‚
1485 2126 1853 2209 multosque
1885 2148 2150 2189 suorum

636 2228 977 2293 Moenibus
1006 2226 1306 2292 exclusos
1335 2228 1505 2292 duro
1534 2228 1602 2291 in
1631 2228 1980 2292 certamine
2008 2226 2273 2311 linquit3

464 2443 623 2485 tutum
640 2433 815 2493 reddit,
831 2436 963 2483 bona
976 2434 1097 2482 adeo
1114 2442 1167 2481 et
1186 2432 1385 2495 idonea)
1403 2450 1594 2495 qma

463 2502 639 2562 duplici
658 2508 706 2548 et
726 2516 855 2557 auro,
881 2498 1156 2563 duplicibus
1178 2497 1391 2560 squamis
1413 2496 1589 2555 aureis,

463 2580 551 2613 seu
574 2563 759 2629 duplici
775 2576 1086 2627 squamarum
1104 2562 1297 2617 ordine;
1322 2562 1395 2609 uti
1414 2564 1594 2609 bilicem

464 2631 651 2677 loricam
672 2628 801 2677 dixit
818 2628 905 2685 xii,
930 2627 1039 2677 375.
1096 2629 1203 2687 Ipse
1224 2629 1383 2689 ingens
1414 2629 1596 2673 intonat

462 2710 601 2755 super
630 2696 854 2755 clipeum.-
888 2700 1051 2755 potest
1082 2690 1164 2747 ita,
1197 2704 1309 2738 cum
1343 2689 1479 2737 Julio
1502 2690 1591 2736 Sa-

464 2757 595 2814 bino,
615 2758 875 2806 verborum
890 2755 1011 2803 ordo
1028 2752 1235 2811 institui,
1252 2752 1383 2816 quod
1396 2762 1447 2801 et
1462 2754 1592 2801 Bur-

464 2836 646 2870 manno
675 2822 920 2885 probatur.
978 2819 1077 2869 Sed
1109 2818 1296 2867 doctior
1330 2827 1406 2867 est
1429 2816 1593 2865 Servi-

466 2901 561 2934 ana
580 2884 720 2943 ratio,
744 2894 801 2932 ut
828 2886 1023 2945 clipeum
1053 2894 1229 2932 neutro
1250 2896 1430 2945 genere
1453 2880 1592 2929 dixe-

466 2949 558 2998 rit:
595 2952 675 2997 hoc
708 2951 902 3009 clipeum
936 2952 1095 3011 iugem
1130 2952 1309 2995 intonat
1340 2962 1491 3007 super,
1526 2960 1594 2993 sc.

467 3028 617 3124 {iper
638 3012 869 3087 immania
890 3013 1108 3122 membra
1136 3010 1441 3137 collapsas..)
1449 3019 1596 3123 t‘affiest

527 3090 791 3123 omer-icum
828 3072 1019 3135 ὰράβησ
1072 3092 1130 3122 τε
1154 3092 1211 3122 τε
1281 3092 1303 3121 ε
1580 3108 1593 3120 .

469 3139 550 3187 Ad
574 3139 776 3188 verbum
810 3138 1024 3186 reddidit
1058 3138 1143 3186 inf.
1184 3154 1233 3197 x,
1264 3140 1376 3196 488,
1398 3093 1595 3187 εοηίιιιῖι

469 3218 607 3265 super
629 3220 759 3250 arma
777 3205 955 3251 dedere.

534 3268 631 3319 710
664 3282 765 3330 sqq.
804 3268 866 3315 In
898 3265 1214 3329 sequentibus
1245 3266 1425 3315 itemm
1457 3281 1593 3330 mag·-

470 3348 589 3381 num
624 3342 819 3395 poetam
852 3346 1113 3394 agnoscas:
1162 3346 1268 3379 rem
1306 3330 1471 3405 posuit
1504 3346 1594 3379 no-

469 3412 595 3455 vam,
618 3410 709 3460 per
735 3411 789 3444 se
819 3410 1046 3459 mag-nam
1072 3405 1125 3443 et
1156 3394 1437 3453 terribilem,
1462 3410 1594 3443 eam-

470 3476 564 3525 que
604 3459 799 3509 ornavit
841 3462 1049 3523 ἑναμγΰς
1092 3468 1143 3507 et
1184 3458 1342 3533 docte.
1430 3460 1593 3534 Inter-

469 3534 789 3639 pnegtiigsmesst
804 3533 1165 3646 al‘liiariierduzetils,
1192 3524 1597 3653 εριὲτυῖἰωΒῖαἳῖἔ

468 3654 697 3719 praetoria
730 3652 1021 3703 inaedificata
1059 3662 1213 3711 erant,
1250 3661 1301 3701 et
1338 3652 1596 3716 temperati

470 3718 597 3767 aeris
620 3727 671 3765 et
704 3727 993 3781 prospectus
1026 3732 1185 3775 causa,
1210 3717 1390 3781 partim
1419 3716 1596 3779 quibus

470 3792 641 3859 pomis
662 3779 826 3831 Julius
848 3780 1182 3829 muniebatur:
1220 3780 1315 3831 vid.
1340 3796 1446 3844 sup.
1472 3782 1594 3829 Geo.

468 3847 522 3905 1i‚
552 3846 821 3895 161—164.
879 3848 1081 3893 Euboico
1102 3848 1271 3903 littore,
1294 3854 1495 3909 propter
1521 3844 1594 3893 vi-

470 3911 606 3961 cinas
651 3911 845 3967 Cumas,
896 3908 1293 3959 Chalcidensium
1340 3908 1594 3957 coloniam.

471 3978 583 4024 Pica
602 3991 743 4023 saxea
760 3978 953 4023 molibus
980 3978 1173 4037 maguis,
1196 3974 1244 4021 h.
1269 3974 1366 4023 alte
1388 3974 1602 4037 aggestis

471 4038 722 4088 cementis
753 4047 1044 4095 constructa,
1097 4052 1173 4085 um
1201 4037 1255 4085 in
1284 4050 1490 4101 pontum
1518 4040 1594 4100 Ja-

472 4103 623 4153 ciunt.
682 4104 775 4153 Est
804 4112 911 4152 mute
934 4117 997 4150 ex
1017 4120 1055 4149 τ
1129 4101 1207 4149 vel
1239 4100 1329 4165 πρὸ
1354 4103 1457 4164 πρὸ,
1481 4117 1596 4165 pro-

470 4166 688 4216 cedendo
706 4184 737 4215 a
756 4167 933 4216 littore.
982 4167 1141 4215 Erant
1160 4174 1327 4215 autem
1343 4166 1420 4213 hae
1440 4176 1596 4215 struc-

474 4231 633 4281 tiones
654 4247 709 4279 ac
732 4232 884 4280 moles
906 4247 971 4278 ex
992 4230 1124 4279 saxis
1140 4246 1197 4279 ac
1218 4230 1469 4279 coementis
1524 4230 1598 4278 ul-

474 4310 590 4345 vere
614 4294 882 4345 Puteolano
912 4294 1133 4344 solidatis
1167 4294 1413 4344 confectae.
1472 4246 1602 4343 §um

477 4358 609 4406 enim
631 4358 919 4407 solidescere
937 4360 1029 4408 sub
1052 4374 1177 4421 aqua
1198 4368 1315 4408 nota
1334 4375 1415 4409 res
1438 4368 1524 4407 est.

542 4422 653 4478 715,
700 4420 808 4471 716.
868 4422 1033 4471 Ruina
1072 4422 1215 4471 molis
1254 4424 1395 4481 facta,
1442 4423 1602 4473 vicina

1655 2434 1775 2491 loca,
1809 2430 1996 2481 insulas
2027 2446 2233 2495 quoque,
2255 2430 2635 2481 comminiscere
2667 2446 2781 2482 nar-

1656 2505 1745 2545 rat.
1827 2498 2062 2559 Prochyta
2149 2495 2446 2544 romontorio
2500 2496 2786 2561 Campaniae

1659 2560 1857 2609 Miseno
1889 2561 2077 2623 objecta
2139 2574 2268 2607 nunc
2301 2558 2526 2621 Brucida)
2549 2576 2664 2609 cum
2697 2560 2782 2609 Pi-

1659 2625 1861 2674 thecusa
1895 2640 1934 2673 s.
1973 2622 2180 2673 AEnaria
2213 2624 2368 2685 (nunc
2409 2624 2602 2686 labia),
2641 2640 2788 2687 quam

1660 2690 1892 2737 Inarimen
1919 2688 2058 2736 dixit.
2117 2688 2188 2735 Ut
2219 2698 2382 2735 tamen
2405 2689 2553 2737 verbo
2574 2688 2656 2737 hic
2677 2705 2786 2737 mo·

1659 2766 1889 2801 neamus:
2035 2753 2189 2800 hoeus
2223 2751 2430 2801 fulmine
2455 2752 2552 2801 fuit
2581 2768 2786 2817 percus-

1659 2832 1744 2865 sus
1778 2816 1847 2865 εἰν
1877 2816 1960 2879 Ἀρ
1976 2836 2093 2877 μοις.
2147 2814 2410 2872 Quaen-endi
2439 2825 2602 2865 autem
2633 2820 2790 2866 Ari-n·

1662 2891 1714 2928 et
1745 2880 1808 2929 τὰ
1835 2878 2009 2942 'Apina
2041 2880 2124 2941 ὅρη
2163 2880 2218 2928 in
2251 2880 2438 2939 Cilicia,
2471 2882 2702 2957 quoniam
2734 2882 2788 2930 in

1663 2960 1722 2993 eo
1743 2954 1902 2993 tractu
1924 2953 2066 2993 erant
2096 2945 2205 2993 loca
2227 2954 2370 2993 terra!
2391 2946 2603 2995 motibus
2625 2956 2678 2994 et
2706 2946 2784 2995 in-

1658 3009 1845 3063 cendiis
1880 3008 2083 3057 occultis
2121 3009 2327 3057 foedata:
2384 3024 2530 3073 quam
2569 3010 2788 3059 locorum

1657 3072 1832 3121 faciem
1855 3082 2070 3122 vetustas
2092 3073 2154 3121 ad
2185 3082 2514 3122 monstrorum
2536 3084 2588 3122 et
2613 3075 2785 3137 gigun-

1660 3146 1766 3185 tum
1787 3136 2062 3185 molitiones
2082 3138 2266 3187 referre
2288 3138 2488 3187 solebat.
2531 3138 2790 3187 'Panakra

1659 3216 1739 3250 res
1761 3212 1837 3251 est
1861 3203 1921 3250 ab
1944 3200 2105 3265 aliquo
2125 3212 2272 3267 poeta
2293 3202 2355 3250 ad
2380 3202 2592 3251 insulam
2616 3203 2786 3251 Pithe-

1659 3280 1842 3323 cusam,
1874 3280 1982 3328 quae
2014 3275 2066 3314 et
2101 3266 2120 3313 i
2248 3266 2510 3329 aliquando
2541 3268 2788 3317 subterra-

1661 3345 1780 3379 neos
1811 3330 1952 3394 ignes
1981 3340 2034 3379 et
2063 3345 2232 3379 rumas
2263 3340 2468 3395 experta
2499 3341 2606 3385 θοις
2639 3331 2794 3395 igitur

1661 3410 1774 3469 cum
1803 3410 1856 3443 re
1855 3404 1978 3507 penzo
1973 3410 2136 3523 ffsygm
2116 3394 2648 3507 ὢωοῃώπὲἰωωω
2673 3396 2788 3445 Ina-

1660 3474 1800 3507 rime.
2311 3474 2328 3507 1
2383 3474 2412 3507 e
2467 3475 2498 3507 n
2531 3474 2790 3509 commune

1661 3524 1880 3571 omnium
1915 3522 2198 3580 insularum,
2230 3474 2469 3585 qelgoenm
2503 3523 2630 3573 mari
2668 3521 2788 3572 emi-

1661 3595 1792 3635 nent.
1855 3588 2028 3645 Cubile,
2053 3597 2109 3634 ut
2142 3586 2283 3635 Piud.
2307 3588 2510 3636 AEtnam
2541 3606 2608 3638 στ

1661 3650 1882 3727 Typhoei
1901 3651 2041 3714 Pyth.
2063 3649 2096 3709 i,
2117 3653 2196 3699 54.
2237 3651 2486 3702 Homerus
2505 3651 2644 3702 εὐνὰς
2663 3652 2796 3701 dixit

1661 3716 1860 3765 Anmos
1879 3725 2085 3764 montes.

1728 3779 2000 3831 717—720.
2027 3779 2294 3828 Homerica
2309 3780 2566 3828 conversio
2583 3780 2796 3831 fertum

1660 3843 1968 3900 certaminum
2028 3843 2349 3897 Homericum
2397 3860 2588 3907 quoque
2633 3846 2792 3909 phan-

1664 3918 1819 3959 tasma
1841 3918 1916 3958 est
1935 3908 2043 3967 hoc,
2063 3908 2192 3971 quod
2213 3910 2352 3959 Mars
2373 3908 2640 3971 ἑτεραλκέα
2659 3908 2798 3968 νίκην

1664 3974 1772 4038 ipse
1817 3973 2135 4023 machinatur.
2221 3976 2437 4023 Stia-«loe
2483 3978 2640 4031 vertit,
2683 3973 2798 4037 plus

1664 4052 1809 4101 quam
1841 4037 2066 4087 adhibet:
2101 4037 2199 4086 vid.
2233 4037 2317 4087 lib.
2352 4038 2417 4096 vi,
2458 4038 2566 4086 101.
2621 4041 2798 4087 Atru-

1664 4102 1938 4151 Timorem:
1975 4102 2182 4165 epitheti
2203 4102 2294 4159 vis,
2317 4102 2534 4167 pertinet
2549 4103 2614 4151 ad
2635 4103 2796 4167 phan-

1665 4176 1820 4215 tasma
1853 4166 2089 4225 Ter-roris,
2127 4176 2184 4214 ut
2221 4166 2287 4216 sit
2321 4166 2538 4217 tenebris
2565 4178 2618 4215 et
2651 4176 2800 4217 nocte

1666 4230 1953 4280 involutum.
2031 4234 2314 4281 Conveniunt
2363 4230 2530 4281 Latini
2582 4247 2640 4279 ac
2685 4232 2796 4280 Ru-

1667 4294 1772 4353 tuli,
1799 4294 2002 4345 inventa
2021 4296 2388 4361 opportunitate
2408 4295 2715 4361 irrumpendi
2743 4297 2802 4345 in

1665 4370 1838 4409 casm

1733 4424 2003 4475 726—730.
2052 4424 2264 4473 Occlusa
2295 4434 2440 4488 porta
2467 4424 2650 4473 multo·
2681 4440 2798 4475 suo-
