3050 4934
1179 263 1522 332 LIBER
1571 267 1796 334 VIII.
2512 279 2640 344 475

492 408 648 483 Quo
679 422 744 476 te
775 433 1034 497 cunque
1063 412 1268 492 lacus,
1298 417 1711 481 miserantem
1739 418 2141 485 incommoda
2169 434 2418 503 nostra,

359 507 444 572 75
487 508 697 576 Fonte
729 522 932 604 tenet,
964 535 1354 599 quocunque
1385 516 1524 581 solo
1554 516 2029 601 pulcherrimus
2057 523 2235 601 exis;

486 611 762 698 Semper
788 613 1038 679 honore
1067 637 1234 693 meo,
1267 639 1524 701 semper
1554 617 1971 685 celebrabere
2002 622 2214 701 donis,

486 713 806 799 Corniger
834 715 1284 801 Hesperidum
1314 717 1549 783 fluvius
1581 732 1887 805 regnator
1916 744 2253 806 aquarum.

487 813 692 880 Adsis
723 839 764 881 o
797 829 1068 895 tantum,
1097 829 1166 883 et
1193 820 1465 904 propius
1495 830 1609 884 tua
1636 822 1898 886 numina
1926 822 2167 888 firmes.

485 913 594 981 Sic
623 929 958 996 memorat,
988 921 1406 1004 geminasque
1437 919 1595 1004 legit
1625 920 1709 984 de
1741 920 1947 986 classe
1976 924 2279 1004 biremes,

355 1015 442 1080 80
483 1017 921 1104 Remigioque
948 1031 1170 1105 aptat3
1217 1021 1426 1086 socios
1459 1020 1647 1086 simul
1676 1023 1939 1087 instruit
1968 1026 2183 1090 armis.

571 1117 749 1185 Ecce
776 1132 1017 1199 autem,
1047 1122 1334 1186 subitum
1364 1133 1560 1206 atque
1592 1123 1795 1187 oculis
1824 1124 2114 1190 mirabile
2144 1140 2526 1210 monstrum,

484 1219 782 1286 Candida
811 1245 932 1307 per
961 1223 1184 1302 silvam
1213 1245 1361 1286 cum
1389 1222 1557 1288 foetu
1587 1223 1889 1288 concolor
1918 1225 2070 1290 albo

483 1319 868 1401 Procubuit,
899 1310 1218 1408 viridique
1249 1325 1316 1388 in
1345 1322 1564 1388 littore
1596 1327 1991 1409 conspicitur
2022 1351 2169 1407 sus3

484 1421 700 1495 Quam
730 1425 878 1509 pius
908 1423 1162 1489 AEneas
1195 1425 1312 1489 tibi
1341 1425 1533 1501 enim,
1566 1426 1706 1503 tibi,
1736 1449 2039 1492 maxuma
2064 1429 2267 1508 Juno,

349 1522 437 1586 85
481 1523 760 1602 Mactat,
795 1549 980 1590 sacra
1008 1525 1250 1602 ferens,
1281 1537 1350 1591 et
1377 1549 1524 1591 cum
1552 1549 1753 1612 grege
1786 1530 1955 1594 sistit
1984 1532 2068 1595 ad
2100 1554 2298 1597 aram.

475 1625 768 1710 Hybris
795 1649 876 1692 ea
905 1628 1192 1705 fluvium,
1223 1651 1417 1712 quam
1443 1628 1640 1713 longa
1666 1641 1791 1707 est,
1820 1642 2011 1696 nocte
2042 1642 2395 1700 tumentem

479 1727 720 1806 Leniit,
749 1741 817 1793 et
846 1731 1044 1794 tacita
1070 1729 1354 1810 refluens
1385 1731 1476 1793 ita
1507 1731 1797 1795 substitit
1826 1733 2025 1812 unda,

473 1827 660 1894 Mitis
685 1840 761 1894 ut
785 1830 852 1894 in
881 1852 1126 1894 morem
1149 1821 1364 1914 stagni
1390 1827 2085 1917 placidaeque'paludis

473 1929 814 1996 Sterneret
843 1953 1069 2016 aequor
1096 1933 1307 2016 aquis,
1339 1954 1518 1996 remo
1546 1944 1621 1997 ut
1648 1932 1973 1999 luctamen
2002 1937 2285 2002 abesset.

339 2031 430 2094 90
475 2029 658 2116 Ergo
687 2032 814 2096 iter
841 2034 1175 2118 inceptum
1205 2031 1526 2111 celerant3
1574 2057 1832 2100 rumore
1864 2037 2155 2100 secundo

472 2131 754 2198 Labitur
781 2144 981 2199 uncta
1009 2135 1192 2198 vadis
1223 2135 1440 2199 abies:
1485 2135 1802 2200 mirantur
1831 2149 1900 2200 et
1930 2137 2161 2216 undae3

473 2233 760 2299 Miratur
787 2257 1014 2300 nemus
1045 2236 1370 2299 insuetum
1397 2235 1715 2320 fiilgentia
1741 2236 1937 2322 longe

471 2333 673 2399 Scuta
702 2336 931 2413 virum,
964 2336 1162 2402 fluvio
1191 2337 1531 2420 pictasque
1560 2338 1783 2402 innare
1812 2340 2089 2404 carinas.

469 2434 604 2500 Olli
632 2438 900 2522 remigio
929 2447 1315 2521 noctemque
1347 2437 1649 2521 diemque
1679 2437 1979 2522 fatigant,

333 2537 422 2600 95
465 2535 559 2602 Et
585 2536 816 2623 longos
849 2549 1164 2624 superant
1192 2539 1430 2616 flexae,
1461 2539 1787 2622 variisque
1818 2549 2132 2624 teguntur

463 2636 860 2718 ArboribuS,
892 2641 1262 2725 viridesque
1295 2650 1518 2704 secant
1548 2637 1809 2723 placido
1838 2662 2101 2725 aequore
2133 2640 2347 2708 silvas·

467 2739 582 2805 Sol
609 2743 890 2806 medium
919 2741 1068 2807 coeli
1097 2741 1615 2807 conscenderat
1596 2761 1827 2824 lgneus
1859 2743 2122 2812 orbem·
2104 2790 2123 2820 ,
2224 2817 2233 2822 .
2302 2799 2307 2806 .

430 2835 688 2916 Quum
717 2867 936 2908 muros
964 2865 1309 2928 arcemque
1337 2841 1567 2927 procul
1596 2863 1673 2906 ae
1700 2863 1852 2906 rara
1881 2843 2223 2907 domorum

460 2942 674 3010 Tecta
700 2946 956 3010 vident·
941 2972 958 3024 3
1003 2967 1150 3029 quae
1181 2965 1352 3009 nunc
1383 2943 1683 3008 Romana
1714 2944 2007 3027 potentia
2034 2942 2202 3008 coelo

303 3045 432 3108 100
473 3045 828 3131 AEquavit3
872 3057 1010 3110 tum
1035 3069 1140 3111 res
1171 3047 1400 3130 inopes
1415 3043 1782 3109 ‘Evandrus
1811 3044 2119 3109 habebat.

463 3147 668 3212 Ocius
700 3148 1050 3212 advertunt
1077 3169 1330 3233 prorae,
1362 3147 1639 3230 urbique
1672 3147 2137 3232 propinquant.

353 3343 562 3394 74—78.
619 3343 882 3409 Expressit
930 3343 1116 3392 Statius
1163 3343 1212 3392 iv
1257 3343 1412 3392 Theb.
1479 3341 1697 3390 fluminis
1717 3343 1945 3406 petunt).
1982 3343 2084 3392 fere
2102 3343 2230 3406 quod
2253 3361 2301 3403 x,
2327 3345 2436 3405 687,
2458 3349 2604 3396 Labi-

283 3409 398 3466 832,
432 3424 698 3470 quacumqu
736 3411 864 3456 dono
957 3411 1056 3456 lida
1094 3423 1176 3456 ora
1231 3410 1418 3456 resolvit
1481 3413 1560 3454 tur
1592 3407 1693 3454 alta
1722 3423 1880 3454 secans
1900 3409 2135 3470 fluctuque
2167 3416 2368 3470 cestuque
2396 3414 2604 3460 secundo.

287 3483 381 3521 etc.
439 3473 607 3530 Lacus,
653 3472 728 3521 uti
764 3488 810 3521 v.
917 3487 1066 3546 ,pro
1105 3471 1212 3536 ipso
1254 3486 1414 3520 amne.
1479 3472 1652 3518 Ramm-
1674 3469 1819 3528 enim,
1844 3471 2111 3519 seeundum
2135 3471 2399 3530 Guellium,
2419 3473 2605 3522 dictum

287 3535 403 3586 Nisi
425 3535 568 3584 docte
588 3536 650 3586 de
671 3536 782 3612 ipso
811 3536 944 3585 fonte
979 3535 1119 3593 dixit,
1140 3551 1236 3598 quo
1263 3551 1412 3598 aqua-
1479 3533 1598 3582 olim
1620 3541 1696 3581 est
1712 3533 1774 3581 de
1794 3550 2041 3582 murmure
2056 3548 2193 3595 aquae
2208 3533 2375 3582 carina
2390 3545 2441 3583 et
2454 3537 2605 3586 remis

283 3615 396 3650 rum
431 3601 800 3650 nestun-ienuam
999 3599 1279 3662 colligitur
1264 3615 1318 3648 ιιι
1340 3599 1411 3648 la-
1479 3613 1737 3662 percussoe,
1760 3613 1855 3671 qus
1876 3597 2017 3645 navis
2048 3612 2079 3644 a
2108 3597 2265 3661 puppi
2297 3600 2601 3662 propellitur,
2694 3602 2705 3614 '

281 3679 424 3713 cum:
461 3665 520 3713 ct
544 3665 605 3713 sd
627 3667 748 3714 Geo.
782 3665 849 3722 iv,
919 3666 991 3713 19.
1053 3667 1272 3739 Corniger
1288 3666 1410 3712 Hes·
1479 3663 1695 3724 adeoque
1717 3659 1915 3709 omnino
1940 3660 2002 3709 de
2024 3670 2161 3709 motu
2193 3676 2343 3736 aqut-e.
2410 3665 2603 3712 Unctus·

277 3731 525 3791 perid-n.-
558 3729 818 3778 fluviorum
843 3728 1000 3778 ltaliae
1015 3727 1258 3794 princeps.
1305 3730 1412 3776 Nu·
1478 3725 1589 3790 pice
1624 3729 1817 3774 abietem
1852 3725 1913 3773 ab
1947 3724 2113 3772 Ennio
2144 3725 2345 3790 accepit.
2407 3729 2605 3778 Carinas

281 3797 424 3850 nina,
450 3801 586 3842 mum
609 3793 848 3842 monitum
869 3809 962 3868 per
981 3807 1221 3842 somnum.
1475 3795 1661 3852 pictas.-
1696 3788 1791 3838 vid.
1816 3788 1878 3837 ad
1903 3804 1945 3846 v,
1970 3789 2080 3836 663.

351 3860 428 3905 84.
465 3861 604 3906 Enim
627 3865 966 3915 never-anve,
987 3866 1044 3906 ut
1063 3873 1180 3913 vero,
1233 3871 1288 3904 ro
1311 3854 1408 3904 uti-
1542 3853 1747 3903 94—96.
1782 3855 1992 3916 Remigio
2016 3861 2273 3916 noctemque
2295 3858 2501 3916 diemque
2511 3853 2599 3916 sa-

283 3937 395 3986 que,
433 3920 514 3970 σοιί
547 3937 610 3996 ’χε
645 3921 730 3980 δὴ·
765 3937 856 3971 nec
891 3931 1046 3979 vacat,
1085 3935 1152 3984 qu
1235 3927 1412 3984 putant
1475 3922 1643 3982 rigant,
1668 3926 1744 3966 est
1764 3917 1913 3997 epica·
1924 3917 2138 3966 audacia.
2197 3921 2369 3966 Coelum
2392 3921 2599 3978 clamore,

507 3985 604 4034 tici.
1473 3987 1615 4032 silvas
1647 3990 1827 4040 νωιαειι,
1862 3985 2007 4030 nivem
2044 3997 2194 4040 eursu,
2241 3999 2415 4031 amnem
2448 3987 2601 4042 remis,

348 4050 427 4102 87.
465 4048 633 4098 Potest
656 4049 816 4113 jungi,
847 4053 919 4098 t'ta
950 4057 1018 4098 σε.
1075 4049 1176 4097 Sed
1207 4048 1410 4098 fortasse
1461 4046 1690 4110 fatigare,
1726 4046 1909 4121 passim
1948 4045 2000 4093 in
2038 4044 2211 4120 poetis.
2265 4047 2359 4094 Est
2394 4046 2599 4107 scilicet,

281 4114 442 4190 magis
472 4113 746 4180 poetictam.
781 4117 854 4162 ita
885 4117 1126 4168 mutiun-
1161 4128 1221 4162 eo
1252 4113 1410 4171 modo,
1479 4111 1609 4174 quod
1648 4120 1767 4159 sans
1804 4119 2007 4167 constat,
2046 4109 2242 4173 proprie
2260 4109 2409 4172 satim
2448 4128 2601 4174 agere,

283 4178 415 4228 sicut
437 4187 556 4235 erat,
579 4193 694 4228 cum
730 4177 800 4226 ita
831 4177 1014 4226 factum
1035 4187 1178 4226 esset.
1238 4177 1410 4250 Sequi·
1478 4176 1634 4233 valde,
1672 4175 1857 4232 crebro,
1898 4188 2109 4230 movere,
2152 4183 2374 4233 uastare,
2416 4175 2603 4238 agitare

283 4255 381 4300 tur,
399 4251 454 4291 nt
473 4243 598 4291 adeo
617 4245 743 4290 aitis
764 4251 816 4290 et
835 4241 888 4290 in
910 4257 1098 4290 morem
1119 4240 1278 4304 stagni
1297 4249 1387 4288 etc.
1477 4255 1597 4297 rem,
1618 4239 1832 4300 adeoque
1855 4237 2054 4286 omnino
2077 4237 2129 4285 in
2148 4253 2201 4286 re
2220 4237 2379 4301 aliqua
2399 4241 2599 4300 versari,

349 4308 559 4356 90-93.
581 4309 781 4356 Reme
792 4309 1000 4364 scendo,
1016 4319 1162 4354 cursu
1179 4304 1406 4361 secundo,
1477 4304 1551 4352 vel
1590 4319 1697 4350 eam
1730 4301 2053 4365 frequentare.
2107 4301 2259 4350 Porro
2284 4313 2443 4368 poete
2472 4315 2596 4354 tem-

278 4372 374 4420 etsi
412 4386 558 4420 smne
595 4371 800 4421 adverso
839 4371 978 4431 (nam
1013 4369 1210 4418 solvunt
1245 4367 1408 4418 littore
1475 4366 1583 4431 pori
1616 4366 1850 4424 tribuunt,
1886 4375 1967 4414 tan
2002 4382 2115 4414 uam
2148 4375 2307 4416 sctum
2344 4369 2405 4416 sb
2440 4385 2512 4428 eo,
2548 4371 2601 4418 id

279 4435 586 4486 Laurentino
611 4436 663 4484 in
699 4434 836 4486 ostiis
868 4435 1062 4484 Tiberis
1085 4443 1134 4484 et
1157 4432 1408 4498 superiora
1475 4431 1604 4495 quod
1637 4431 1689 4480 in
1720 4441 1935 4496 tempore
1968 4383 2037 4480 gt.
2096 4433 2291 4481 Placido
2310 4449 2501 4496 aquare,
2526 4435 2599 4498 sl-
