3050 4934
512 299 556 360 6
1352 289 1999 357 BUCOLICON

690 446 839 510 Nec
870 455 1086 509 tamen
1113 445 1364 508 interea
1392 463 1633 520 raucae,
1664 452 1781 507 tua
1806 463 1985 519 cura,
2016 439 2379 526 palumbeS,

686 546 834 611 Nec
864 567 1125 630 gemere
1158 546 1336 610 aeria
1365 544 1651 608 cessabit
1678 553 1899 608 turtur
1928 544 2013 608 ab
2042 543 2237 608 ulmo.

555 649 644 712 60
689 648 848 713 Trr.
897 647 1078 711 Ante
1107 646 1285 712 leves
1317 668 1478 730 ergo
1507 655 1865 731 pascentur
1892 646 1957 710 in
1984 644 2229 708 aethere
2260 645 2455 720 cervi,

691 750 785 813 Et
814 747 984 813 freta
1013 749 1373 813 destituent
1399 747 1615 811 nudos
1644 747 1711 809 in
1741 744 1959 812 littore
1988 747 2239 831 pisces;

693 848 896 927 Ante,
927 850 1281 934 pererratis
1313 849 1653 912 amborum
1678 847 1946 926 finibus,
1976 847 2167 912 exsul

687 951 830 1016 Aut
860 949 1123 1016 Ararim
1153 951 1441 1015 Parthus
1473 950 1680 1026 bibet,
1712 961 1827 1013 aut
1858 949 2212 1014 Germania
2240 948 2530 1034 Tigrim,

689 1055 904 1128 Quam
934 1064 1161 1118 nostro
1189 1052 1360 1116 illius
1390 1052 1653 1117 labatur
1682 1062 1949 1136 pectore
1980 1050 2220 1116 vultus·

555 1159 642 1220 65
690 1155 876 1220 MEL.
926 1154 1022 1220 At
1050 1177 1168 1219 nos
1199 1155 1350 1219 hinc
1381 1153 1487 1218 alii
1517 1155 1811 1218 sitientes
1840 1154 2074 1216 ibimus
2106 1151 2338 1230 Afros}

688 1258 855 1322 Pars
890 1257 1221 1341 Scythiam
1251 1267 1319 1321 et
1348 1256 1651 1340 rapidum
1682 1255 1898 1318 Cretae
1928 1255 2257 1318 veniemus
2289 1252 2569 1330 Oaxem,

690 1359 784 1422 Et
812 1360 1073 1443 penitus
1105 1369 1246 1422 toto
1275 1358 1516 1422 divisos
1548 1357 1709 1421 orbe
1739 1355 2115 1420 Britannos.

689 1462 820 1538 En,
853 1484 1138 1546 unquam
1167 1462 1414 1546 patrios
1443 1459 1643 1544 longo
1672 1469 1826 1543 post
1857 1469 2149 1543 tempore
2180 1458 2371 1536 fines,

688 1563 1008 1647 Pauperis
1039 1574 1107 1627 et
1135 1562 1358 1647 tuguri
1379 1571 1764 1646 congestum
1792 1562 2041 1645 cespite
2070 1559 2347 1636 culmen,

559 1665 644 1728 70
689 1665 854 1728 Post
883 1664 1152 1748 aliquot,
1185 1686 1328 1729 mea
1355 1686 1561 1747 regna
1588 1663 1839 1740 videm,
1868 1663 2152 1727 mirabor
2182 1663 2459 1725 aristas?

688 1766 933 1849 Impius
965 1765 1107 1830 haec
1139 1775 1269 1830 tam
1301 1765 1476 1830 culta
1507 1765 1761 1828 novalia
1790 1764 1969 1828 miles
2002 1764 2315 1827 habebit?

688 1867 1026 1932 Barbarus
1056 1867 1175 1930 has
1209 1869 1512 1950 segetes?
1561 1866 1691 1943 En,
1724 1889 1855 1950 quo
1886 1865 2215 1929 discordia
2237 1865 2409 1928 cives

515 2104 566 2162 ii,
600 2104 694 2151 365
727 2119 846 2164 sqq.,
871 2105 982 2160 400,
1016 2101 1127 2160 407,
1156 2104 1280 2159 4103
1319 2101 1424 2150 Ecl.
1460 2100 1510 2158 ii,
1550 2099 1641 2156 70;

515 2168 581 2224 ix,
613 2168 690 2214 60.
732 2170 813 2215 Ad
850 2183 1005 2223 auras,
1045 2167 1118 2214 uti
1156 2167 1219 2215 de
1259 2167 1486 2223 clamore,
1528 2181 1642 2214 eum

513 2236 641 2280 crire
661 2235 710 2278 in
729 2249 883 2288 aura,
904 2235 1004 2279 toni
1022 2234 1087 2279 ad
1105 2235 1280 2279 aetkera
1297 2241 1388 2278 etc.
1414 2233 1509 2278 Sub
1526 2247 1642 2291 rape

515 2297 563 2344 h.
589 2296 644 2344 in
661 2311 798 2359 rupe.
871 2299 1058 2344 (ἔπειτα
1081 2305 1326 2344 turturum
1360 2311 1417 2344 ac
1451 2294 1637 2342 colum-

515 2363 688 2409 barum
707 2359 990 2424 propriumz
1027 2369 1078 2408 et
1107 2364 1240 2408 aeria
1273 2363 1334 2408 ab
1365 2362 1498 2418 ulmo,
1522 2375 1636 2422 per-

516 2435 668 2490 petuo
689 2427 916 2472 arborum
940 2423 1170 2488 epitheto.

581 2490 660 2547 60,
686 2490 764 2537 61.
801 2492 924 2537 Ante
954 2492 1070 2538 leves
1101 2507 1221 2552 ergo.
1287 2486 1443 2544 Quasi
1477 2487 1636 2540 dicati

519 2555 675 2602 Recte
711 2553 879 2616 utique
913 2554 1017 2601 haec
1052 2555 1180 2602 bona
1215 2569 1324 2602 mea
1365 2567 1637 2610 enumeras,

520 2619 782 2674 Meliboee3
817 2627 869 2666 et
903 2627 1164 2682 propterea
1197 2627 1336 2680 grato
1368 2633 1458 2680 per
1487 2625 1640 2666 totam

518 2683 670 2732 vitam
714 2682 768 2730 in
809 2693 1070 2746 patronum
1115 2697 1278 2730 meum
1323 2697 1409 2729 ero
1457 2679 1639 2729 animo.

516 2749 776 2794 Parc-entur
802 2750 852 2794 in
873 2751 1051 2794 <ethere
1088 2750 1222 2804 cervi,
1256 2761 1347 2810 pro
1377 2745 1635 2800 volabunt3

517 2819 566 2860 et
572 2809 708 2872 freta
737 2813 988 2859 destituent
1013 2815 1177 2872 pisces,
1213 2811 1260 2858 h.
1300 2820 1351 2858 et
1385 2809 1545 2874 pisces
1584 2808 1638 2857 in

517 2875 649 2924 sicco
667 2874 858 2930 vivent3
889 2875 1052 2938 itaque
1073 2878 1216 2923 nudos
1237 2874 1376 2923 dixit.
1572 2911 1580 2918 .

583 2940 662 2997 62,
685 2940 764 2988 63.
799 2941 1066 2988 Permatis
1097 2943 1328 2988 amborum
1350 2941 1541 3000 fluibus,
1578 2939 1641 2986 ad

515 3013 742 3052 ornatum
765 3012 980 3068 spectat3
1016 3003 1087 3051 ita
1117 3013 1173 3051 ut
1198 3003 1322 3052 alter
1350 3003 1551 3052 alterius
1577 3003 1636 3050 fi-

517 3067 1638 3195 2{ztf‘t‘ffisspi‘r'ss‘fflgssazfflsszffiz‘ss‘

517 3195 745 3254 maniam,
791 3205 844 3244 et
885 3197 1120 3270 Germani
1133 3259 1146 3272 ·
1167 3197 1308 3245 sedes
1349 3197 1643 3246 Parthorum

514 3260 1024 3382 32232323332·
1035 3262 1645 3389 &31:2025212332‘33:

517 3389 813 3451 urgendum:
863 3389 1022 3454 simpl.
1066 3389 1196 3453 apud
1240 3400 1422 3454 poetas,
1460 3390 1544 3452 qui
1582 3390 1645 3438 ad

515 3452 700 3502 alienas
721 3463 876 3502 terras
897 3453 1244 3517 proficiscitun
1281 3465 1338 3502 ut
1358 3470 1403 3503 v.
1423 3457 1456 3501 4
1472 3453 1645 3517 fugere

517 3517 698 3566 dicitur
717 3517 802 3579 qui
825 3518 1046 3566 discedit.

581 3582 660 3630 63.
675 3585 804 3630 0Aut
837 3585 1030 3631 Ararim
1061 3585 1280 3630 Parthus.
1349 3583 1640 3648 Reprehen-

517 3647 700 3696 duutur
721 3647 824 3695 haec
847 3647 1048 3696 nomina
1072 3647 1260 3706 merim,
1281 3657 1512 3711 tanquam
1548 3647 1637 3696 ali-

517 3727 613 3760 ena
633 3727 664 3760 a
688 3720 938 3775 pastorum
967 3712 1214 3770 memoria,
1233 3713 1475 3776 nimisque
1494 3713 1640 3776 long-e

517 3775 684 3840 petita.
755 3776 853 3823 Sed
875 3777 1077 3825 recessit
1097 3777 1334 3839 Virgilius
1355 3779 1418 3826 ab
1441 3777 1643 3840 antiqua

517 3840 829 3904 simplicitate
865 3840 918 3887 in
956 3841 1172 3888 moribus
1207 3856 1328 3902 quos
1363 3841 1640 3904 pastoribus

517 3903 619 3952 suis
639 3905 822 3954 tribuit.
881 3905 1035 3954 Porro
1061 3907 1308 3979 Germa'm’a
1331 3915 1382 3952 et
1395 3909 1524 3953 Arar
1546 3904 1641 3953 sibi

516 3970 812 4092 ἷιῗῖἐίἳάἒέξ
829 3969 1643 4095 ᾳῖῗῖἓἪόὼῗὲωῗέἳωῖἒὶὲῗ

519 4095 806 4145 Defendunt
826 4107 1018 4161 poetam
1038 4097 1123 4154 sic,
1144 4108 1200 4146 ut
1215 4098 1394 4156 dicant,
1413 4099 1539 4147 hanc
1562 4097 1637 4162 ip-

518 4176 622 4209 sam
640 4161 856 4209 locorum
875 4162 1183 4212 inscientiam
1200 4161 1450 4211 indoctum
1469 4179 1637 4212 servu-

518 4226 620 4273 lum
653 4241 754 4273 non
789 4227 915 4274 male
951 4229 1138 4276 decere.
1209 4229 1408 4286 Verum,
1433 4228 1641 4292 populos

519 4291 686 4338 Gallos
709 4298 760 4338 et
779 4291 1051 4340 Germanos
1075 4292 1263 4356 vulg-ari
1285 4307 1509 4342 sermone
1536 4293 1641 4341 fere

517 4354 766 4412 confundi,
785 4354 904 4403 satis
923 4366 1124 4405 constat.
1195 4358 1263 4405 Et
1283 4358 1340 4405 fit
1357 4359 1448 4405 hoc
1469 4357 1641 4406 eadem

519 4418 622 4467 fere
645 4418 834 4468 ratione
851 4435 950 4481 qua
964 4420 1142 4483 Tigris,
1163 4421 1246 4483 qui
1267 4422 1561 4472 Parthorum
1582 4423 1637 4471 fi-

519 4499 606 4532 nes
627 4482 759 4541 facit,
785 4484 1080 4533 Parthorum
1101 4485 1280 4534 fluvius
1297 4487 1583 4562 appellatur.

1774 2103 1851 2150 65.
1905 2104 2081 2149 Ibimus
2116 2099 2257 2162 Afros
2272 2121 2289 2150 .-
2346 2101 2519 2150 elisum
2572 2107 2621 2151 in
2636 2123 2655 2158 ‚-
2704 2107 2849 2167 quod

1710 2165 1761 2214 in
1784 2167 1924 2230 epico
1946 2165 2163 2214 carmine
2184 2166 2363 2214 melius
2383 2167 2539 2226 fieret,
2566 2167 2847 2218 Homerico

1708 2245 1856 2278 more.
1910 2233 2013 2278 Atia·
2032 2240 2083 2279 et
2097 2248 2226 2292 pars,
2250 2247 2341 2294 pro
2362 2231 2446 2279 alii
2468 2243 2519 2280 et
2536 2231 2637 2280 alii.

1770 2296 1849 2352 66,
1868 2295 1947 2345 67.
1978 2297 2211 2357 Rapidum
2228 2297 2377 2344 Cretae
2390 2300 2615 2345 veniemus
2632 2299 2809 2348 Oaaeem
2827 2320 2847 2348 .-

1704 2359 1789 2408 alii
1814 2359 2058 2408 adibimus
2086 2361 2299 2408 Cretam.
2366 2361 2523 2408 Totus
2554 2361 2690 2410 locus
2711 2363 2843 2412 alie-

1704 2440 1798 2472 nus
1814 2439 1845 2472 a
1859 2423 2104 2488 pastoritii
2120 2425 2351 2473 carnunis
2366 2425 2553 2474 indole:
2580 2441 2671 2474 nec
2690 2428 2849 2476 modo

1706 2488 1943 2552 trag-icum
1966 2487 2083 2551 quid
2108 2488 2277 2553 spirat,
2302 2505 2473 2538 verum
2502 2489 2625 2538 adeo
2650 2490 2839 2554 &vu-poa·-

1704 2553 1945 2608 διόνυσονς
2000 2555 2243 2616 quomodo
2284 2553 2419 2601 enim
2460 2563 2696 2618 pastores,
2742 2572 2841 2606 sua

1704 2627 1925 2666 armenta
1942 2627 2157 2680 agentes,
2174 2633 2263 2682 per
2277 2618 2495 2666 Africam
2514 2627 2567 2666 et
2584 2619 2839 2694 Scythiam

1704 2697 1882 2738 errare,
1906 2691 1992 2730 aut
2015 2681 2323 2730 Britanniam
2354 2691 2406 2730 et
2428 2685 2625 2731 Cretam
2648 2685 2839 2735 msulns

1704 2746 1839 2794 adire
1870 2749 2125 2810 poterant?
2186 2747 2444 2810 Expressit
2476 2757 2637 2796 tamen
2671 2748 2837 2798 locum

1706 2811 1904 2860 Nemes.
1930 2812 2113 2874 Cyneg.
2138 2810 2217 2868 67,
2244 2811 2321 2858 68.

1770 2877 1847 2924 68.
1896 2879 1987 2934 En,
2022 2893 2235 2938 unquam,
2268 2891 2362 2940 pro
2395 2891 2695 2938 unquamne:
2742 2877 2834 2926 inf.

1706 2939 1813 2987 Ecl.
1838 2939 1940 2997 viii,
1966 2940 2011 2998 7,
2036 2943 2126 2997 En,
2150 2945 2243 2988 erit
2264 2957 2459 3002 unquam
2480 2943 2569 2989 1110
2590 2944 2701 2990 dies.

1772 3004 1849 3056 70.
1873 3004 2038 3066 Vulgo
2050 3008 2225 3053 aristas
2236 3004 2300 3053 de
2312 3004 2457 3053 annis
2470 3005 2649 3070 exponi
2664 3014 2839 3056 notum

1706 3079 1795 3117 est.
1879 3069 1941 3118 In
1979 3069 2111 3116 bunc
2154 3085 2353 3118 sensum
2391 3072 2495 3131 jam
2534 3070 2839 3120 Claudianus

1706 3133 1953 3197 accepisse
1982 3132 2191 3191 videtur,
2234 3134 2333 3196 qui,
2368 3134 2419 3182 iv
2450 3135 2598 3182 Cons.
2642 3135 2837 3185 Honor.

1710 3199 1819 3254 372,
1853 3201 2051 3246 decimas
2080 3215 2283 3246 emensas
2311 3202 2485 3246 aristas
2514 3198 2653 3247 dixit.
2717 3200 2839 3249 Huc

1710 3263 1857 3310 etiam
1882 3261 2080 3321 Rhiani,
2101 3259 2313 3324 χείματά
2328 3281 2386 3311 τε
2407 3261 2544 3313 ποιάς
2562 3281 2620 3311 τε
2642 3262 2734 3312 δύο
2756 3265 2840 3314 καὶ

1712 3327 1863 3376 εἴκοσι
1874 3325 2045 3384 πάσας,
2062 3326 2287 3375 advocari
2300 3336 2519 3392 possunt,
2530 3343 2607 3391 ap.
2624 3328 2837 3379 Pausan.

1708 3390 1773 3448 iv,
1815 3392 1870 3442 17
1901 3401 2023 3439 extr.
2060 3391 2328 3440 Enimvero
2365 3409 2465 3440 mea
2502 3409 2647 3455 regna
2680 3393 2837 3456 subji-

1708 3455 1905 3504 ciuntur
1930 3459 2104 3517 patriis
2120 3459 2296 3517 finibus
2319 3473 2361 3504 v.
2386 3457 2464 3514 68,
2494 3473 2551 3504 ac
2577 3461 2763 3519 tugurio
2786 3475 2834 3507 v.

1710 3521 1797 3575 693
1822 3529 1874 3567 et
1889 3520 2085 3568 eosdem
2100 3536 2241 3584 agros
2260 3529 2310 3570 et
2324 3520 2654 3584 possessiones
2668 3521 2839 3571 miseri

1712 3583 1934 3632 Meliboei
1978 3575 2247 3633 denotant:
2301 3586 2405 3632 haec
2455 3584 2620 3648 itaque
2660 3586 2839 3636 videns

1700 3657 1819 3712 post,
1837 3650 2040 3714 posthac
2066 3650 2155 3712 (ex
2169 3666 2215 3697 v.
2238 3650 2301 3697 68
2325 3653 2455 3712 longo
2472 3659 2579 3711 post
2596 3649 2836 3712 tenpore),

1704 3715 1752 3762 h.
1780 3714 1973 3777 quando
1992 3730 2076 3763 eos
2098 3714 2359 3776 aliquando
2378 3713 2558 3763 iterum
2578 3715 2665 3764 ads
2701 3715 2835 3765 icere

1704 3778 1825 3826 mihi
1848 3779 2113 3842 continget,
2130 3794 2255 3827 rarae
2274 3779 2329 3826 in
2350 3778 2448 3826 illis
2468 3779 2631 3827 arisvae
2698 3779 2841 3842 iquot

1705 3843 1859 3891 oculis
1878 3847 2165 3891 occurrent?
2191 3843 2243 3890 hi
2260 3853 2361 3891 tam
2374 3843 2491 3891 culti
2507 3843 2611 3906 agri
2628 3844 2838 3906 (novalia

1704 3905 1831 3954 dixit
1858 3923 1902 3954 v.
1936 3910 2013 3964 71,
2038 3906 2239 3954 omnino
2270 3923 2361 3971 pro
2394 3908 2523 3970 agris
2556 3909 2837 3971 quibusvis)

1704 3986 1795 4034 per
1810 3986 1965 4019 novos
1988 3987 2101 4018 suos
2120 3971 2316 4019 colonos
2337 3971 2509 4019 inculti
2528 3973 2838 4036 neglectique

1698 4035 1965 4097 jacebunt?
2014 4035 2074 4083 In
2097 4035 2412 4098 sequentibus
2433 4049 2579 4101 poeta
2604 4037 2680 4086 sui
2708 4037 2835 4086 obli-

1708 4098 1929 4147 viscitur:
1965 4101 2145 4163 pastor'
2164 4100 2225 4148 de
2256 4100 2515 4164 segetibus,
2540 4103 2603 4150 de
2629 4102 2836 4163 civibus,

1706 4164 1769 4211 de
1790 4179 2045 4227 pomorum
2067 4164 2312 4222 insitione,
2338 4165 2399 4213 de
2420 4166 2565 4214 vinea
2586 4167 2699 4229 agit.

1772 4227 1979 4280 71-72,
2028 4232 2219 4292 Impius,
2266 4230 2543 4289 sceleratus,
2586 4232 2834 4289 nefarium

1706 4302 1875 4358 utpote
1895 4294 1947 4342 in
1968 4294 2097 4345 bello
2118 4294 2249 4343 civili
2265 4314 2279 4343 z
2316 4295 2407 4342 etsi
2430 4295 2630 4344 omnino
2650 4312 2831 4362 perpe-

1708 4367 1844 4471 ἱιέἳ
1887 4359 2161 4471 elgthffi
2178 4363 2653 4472 ezgatfispitznhostis,
2690 4366 2839 4437 imp-ia

1962 4441 2019 4471 ω·
2160 4457 2173 4480 ,
2334 4439 2365 4482 1,
2496 4440 2604 4486 que,
2682 4441 2731 4474 ul
2780 4441 2835 4476 m

1707 4487 1981 4549 leg-ionibus
2005 4488 2336 4536 Romanorum
2358 4499 2465 4536 tum
2486 4441 2678 4538 erant.q
