3050 4934
1166 259 1503 325 LIBER
1551 264 1684 328 XI.

2463 268 2589 331 595

445 404 608 470 Pars
638 409 855 472 aditus
888 410 1067 473 urbis
1094 408 1377 487 firment,
1410 424 1754 498 turresque
1787 428 2167 500 capessant:

424 507 881 593 ‘Caetera,-qua
896 512 1109 593 jusso,
1142 534 1391 577 mecum
1422 536 1650 579 manus
1681 516 1917 581 inferat
1945 541 2143 581 arma.

444 606 627 672 Ilicet
656 610 723 673 in
752 633 969 675 muros
1000 622 1139 675 tota
1169 614 1558 679 discurritur
1591 618 1776 681 urbe.
1833 628 1840 633 '

440 707 797 774 Concilium
820 712 962 796 ipse
991 724 1179 797 pater
1209 725 1276 777 et
1306 737 1542 799 magna
1569 718 1830 802 incepta
1863 718 2140 783 Latinus

265 808 395 871 470
439 808 727 888 Deserit,
756 834 833 877 ac
862 814 1033 877 tristi
1061 815 1363 878 turbatus
1397 826 1690 900 tempore
1721 818 1976 894 differt;

435 909 779 995 Multaque
810 936 881 976 se
910 915 1186 989 incusat,
1219 916 1331 998 qui
1360 937 1489 979 non
1520 920 1848 1002 acceperit
1876 918 2049 984 ultro

432 1010 841 1076 Dardanium
871 1014 1156 1090 AEnean,
1187 1036 1630 1101 generumque
1662 1020 1959 1083 asciverit
1989 1022 2154 1084 urbi.

431 1110 841 1179 Praefodiunt
868 1114 975 1178 alii
1005 1126 1253 1199 portaS,
1285 1126 1398 1179 aut
1429 1139 1589 1180 saxa
1619 1120 1950 1203 sudesque

431 1212 852 1279 Subvectant.
932 1214 1119 1289 Bello
1150 1217 1265 1279 dat
1294 1217 1548 1299 signum
1577 1240 1776 1303 rauca
1805 1230 2145 1283 cruentum

254 1312 383 1376 475
428 1313 736 1379 Buccina.

814 1316 989 1379 Tum
1018 1338 1235 1379 muros
1268 1318 1444 1380 varia
1474 1318 1736 1383 cinxere
1769 1342 2010 1385 corona

427 1414 755 1480 Matronae
783 1419 1129 1501 puerique3
1178 1427 1365 1479 vocat
1394 1415 1579 1481 labor
1611 1418 1870 1483 ultimus
1901 1442 2144 1485 omnes.

422 1516 569 1581 Nec
602 1540 731 1582 non
762 1520 847 1583 ad
879 1518 1188 1601 templum
1218 1540 1628 1601 summasque
1659 1521 1744 1583 ad
1775 1520 2060 1585 Palladis
2091 1544 2276 1587 arces

427 1617 828 1683 Subvehitur
856 1641 1088 1702 magna
1116 1628 1395 1682 matrum
1420 1621 1648 1703 regina
1677 1630 1958 1697 caterva,

424 1718 622 1782 Dona
649 1720 897 1795 ferens;
935 1721 1257 1803 juxtaque
1288 1742 1503 1784 comes
1539 1720 1810 1785 Lavinia
1837 1724 2042 1806 virgo,

249 1818 381 1881 480
424 1818 641 1883 Causa
670 1818 815 1881 mali
849 1821 1033 1896 tanti,
1065 1820 1287 1883 oculos
1320 1821 1576 1904 dejecta
1607 1822 1904 1887 decoros.

426 1919 803 1984 Succedunt
830 1930 1093 1996 matreS,
1124 1931 1191 1984 et
1220 1920 1532 2005 templum
1560 1922 1754 1986 th'ure
1784 1935 2102 2007 vaporant
2125 1950 2140 1999 ;

421 2020 515 2083 Et
544 2031 809 2084 moestas
840 2020 971 2083 alto
1000 2021 1283 2084 fundunt
1314 2023 1398 2085 de
1428 2020 1642 2086 limine
1671 2043 1897 2088 voces:

419 2119 862 2205 Armipotens„
894 2142 1139 2205 praeses
1170 2121 1345 2197 belli,
1377 2121 1680 2186 Tritonia
1710 2125 1916 2207 virgo,

416 2220 673 2305 Frange
702 2244 895 2285 manu
924 2220 1124 2285 telum
1156 2221 1428 2305 Phrygii
1457 2224 1809 2306 praedonis,
1841 2237 1908 2289 et
1938 2226 2150 2309 ipsum
2227 2212 2236 2221 ’

245 2320 373 2385 485
418 2320 705 2385 Pronum
738 2332 953 2385 sterne
984 2320 1144 2396 solo,
1177 2322 1515 2405 portisque
1547 2323 1811 2388 effunde
1843 2326 1966 2389 sub
1997 2323 2166 2389 altis.

416 2421 715 2507 Cingitur
742 2424 883 2506 ipse
916 2420 1139 2485 furens
1168 2423 1463 2485 certatim
1490 2424 1557 2485 in
1586 2422 1818 2506 proelia
1847 2424 2140 2489 Turnus.

414 2524 689 2608 Jamque
722 2525 889 2587 adeo
918 2522 1239 2588 Rutulum
1269 2522 1540 2587 thoraca
1569 2523 1836 2587 indutus
1867 2523 2092 2589 ahenis

412 2624 748 2690 Horrebat
776 2625 1081 2709 squamiS,
1116 2644 1433 2707 surasque
1464 2623 1818 2688 incluserat
1845 2646 2031 2702 auro,

157 2806 170 2815 α
411 2726 741 2811 Tempora
772 2727 986 2789 nudus
1018 2726 1264 2801 adhuc;
1310 2723 1627 2809 laterique
1660 2726 2028 2791 accinxerat
2059 2750 2312 2805 ensem3

234 2828 365 2891 490
410 2826 861 2910 Fulgebatque
892 2826 1023 2889 alta
1052 2826 1404 2890 decurrens
1437 2848 1676 2889 aureus
1707 2847 1890 2903 arce;

410 2928 850 3011 Exsultatque
881 2927 1129 3003 animis,
1161 2938 1229 2990 et
1260 2949 1375 3009 spe
1399 2928 1538 3009 jam
1565 2928 1864 3011 praecipit
1889 2925 2181 2995 hostem:

411 3028 663 3107 Qualia,
696 3030 809 3093 ubi
838 3028 1133 3111 abruptis
1166 3026 1331 3111 fugit
1361 3029 1682 3111 praesepia
1711 3026 1956 3103 vinclis,

236 3212 342 3245 esse
363 3196 637 3244 locuturum
660 3209 759 3243 non
774 3194 1061 3258 praedictum
1084 3202 1171 3241 est.
1208 3198 1355 3254 Equi-

236 3270 325 3307 tem
362 3263 411 3307 in
449 3263 604 3313 armis,
646 3275 738 3321 pro
774 3268 1025 3306 armatum.
1104 3260 1354 3317 Messapus,

234 3326 419 3380 Graece‚
450 3338 539 3387 pro
566 3324 809 3387 Mes-sape,
832 3334 883 3369 et
908 3326 1063 3377 Coras,
1094 3336 1184 3383 pro
1214 3322 1355 3377 Cora,

232 3387 503 3448 cumfratre
522 3387 721 3435 Catillo=
746 3386 843 3435 vid.
869 3402 975 3450 sup.
1003 3384 1083 3441 vii,
1104 3385 1212 3433 672.
1253 3388 1357 3437 Qua

219 3454 367 3515 jusso,
393 3468 481 3515 pro
494 3454 711 3563 ju'saero:
746 3460 815 3507 ut,
838 3451 1039 3505 levasso,
1065 3448 1349 3505 declarassm

231 3530 420 3564 amasso
441 3526 493 3562 et
515 3530 543 3563 a

292 3582 356 3630 47
361 3581 404 3626 2.
435 3582 549 3626 Urbi
562 3579 669 3635 erit,
684 3578 735 3625 in
751 3578 899 3635 urbis,
910 3577 1063 3639 reg-ni,
1076 3575 1347 3623 utilitatem.

294 3642 567 3694 473—2476.
610 3642 743 3689 Ante
773 3652 937 3705 portas
972 3642 1124 3687 fossas
1152 3639 1349 3696 faciunt,

228 3720 279 3757 et
296 3708 477 3755 vallum
492 3706 679 3754 ducunt
694 3707 825 3753 saxis
843 3704 1187 3767 stipitibusque
1200 3704 1351 3751 humo

228 3782 439 3847 aggesta.
516 3772 641 3819 Cum
682 3780 844 3818 autem
885 3783 965 3817 res
1006 3768 1068 3815 ad
1106 3782 1349 3815 summum

226 3837 489 3885 discrimen
524 3834 731 3883 adducta
774 3842 916 3889 esset,
964 3832 1123 3892 (labor
1162 3833 1349 3878 altimus

224 3909 354 3948 vocat
394 3900 588 3958 πωπω)
630 3897 933 3962 procurritur
976 3896 1027 3943 in
1074 3910 1251 3951 muros,
1294 3903 1351 3942 ut

225 3964 398 4025 TroJae,
436 3978 547 4011 cum
616 3962 808 4010 roelium
846 3976 957 4009 cum
994 3959 1197 4008 Achivis
1230 3974 1345 4023 pro-

222 4028 335 4092 pius
377 4028 489 4076 urbi
594 4035 779 4073 motum
830 4034 973 4081 esset,
1018 4023 1199 4072 facmm
1240 4038 1347 4072 esse

226 4102 392 4139 narrat
412 4092 677 4139 Homerus.

286 4155 397 4212 477,
430 4156 541 4205 478.
586 4154 851 4202 Manifesta
885 4151 1093 4214 vestigia
1131 4150 1269 4199 Iliad.
1304 4149 1343 4211 ζ,

220 4220 283 4267 86
306 4235 407 4281 sqq.
466 4218 596 4267 Illud
630 4228 791 4267 autem
824 4217 989 4273 miror,
1021 4214 1151 4277 quod
1182 4214 1341 4262 Palla·

217 4284 329 4331 dem
346 4286 448 4344 jam
478 4293 581 4330 tum
603 4282 699 4330 coli
728 4298 757 4329 a
780 4280 1106 4353 Laurentibus
1132 4278 1341 4335 tradidit,

1422 3194 1523 3250 viii,
1555 3195 1664 3251 666,
1701 3204 1839 3243 casta·
1862 3198 2088 3243 ducebant
2120 3214 2255 3245 sacra
2283 3215 2368 3259 per
2391 3204 2548 3249 urbem

1424 3260 1620 3305 Pilentis
1639 3267 1808 3305 matres
1830 3263 1878 3306 in
1899 3262 2119 3307 mollibus.

1484 3324 1758 3369 480—482.
1795 3326 1912 3369 Κατ’
1939 3322 2128 3381 ὄμματα
2148 3324 2276 3371 καλὰ
2297 3328 2542 3383 βαλοῦσας

1420 3384 1574 3431 oculis
1603 3385 1829 3445 deJectis:
1865 3385 1923 3431 cf.
1951 3386 2150 3435 Ruhnk.
2175 3386 2237 3434 ad
2263 3388 2330 3435 H.
2354 3388 2405 3435 in
2429 3392 2540 3439 Cer.

1424 3449 1526 3495 194.
1573 3450 1828 3496 Succedunt
1849 3464 1914 3496 sc.
1948 3448 2196 3512 templum,
2220 3450 2418 3499 intrant.
2467 3456 2542 3501 De

1416 3514 1586 3567 limine,
1610 3522 1686 3560 est
1705 3527 1809 3575 pro,
1839 3511 2070 3574 ingressae
2103 3513 2350 3576 templum.
2410 3516 2540 3565 Nam

1416 3590 1479 3622 ex
1511 3591 1646 3623 more
1679 3576 1732 3622 in
1764 3576 1922 3638 prima
1957 3574 2122 3638 templi
2155 3586 2292 3639 parte
2327 3586 2439 3627 vota
2465 3580 2534 3629 fa·

1414 3638 1554 3686 ciunt
1574 3640 1657 3700 qui
1691 3639 1808 3687 deos
1839 3637 2034 3695 adeunt,
2071 3653 2160 3687 nec
2193 3640 2426 3690 interiora
2457 3642 2532 3691 in-

1414 3712 1560 3759 mut,
1587 3712 1642 3750 ut
1663 3718 1766 3751 noa.

1477 3768 1750 3815 483—485.
1787 3766 1964 3815 Preces
1983 3766 2084 3814 fere
2107 3766 2168 3815 ad
2192 3768 2392 3816 verbum
2415 3784 2532 3817 con-

1414 3846 1566 3878 νει-ιω
1606 3846 1668 3879 ex
1709 3830 1976 3879 Homerico
2021 3830 2050 3877 Ι.
2093 3846 2134 3877 c.
2176 3847 2218 3878 v.
2261 3832 2533 3882 305—307.

1413 3897 1624 3955 Effunde,
1649 3894 1710 3943 de
1737 3895 1978 3958 prolapso,
2001 3904 2244 3957 prostrato
2265 3906 2378 3943 ante
2401 3896 2538 3945 urbis

1412 3960 1622 4007 obsessae
1643 3974 1820 4007 muros.

1390 4024 1407 4035 '
1476 4023 1571 4072 487
1595 4038 1696 4085 sqq.
1733 4021 2012 4071 AEmulatur
2039 4032 2090 4069 et
2122 4022 2168 4070 h.
2193 4021 2224 4069 l.
2253 4022 2398 4071 Maro
2423 4024 2532 4071 Ho-

1412 4102 1613 4135 merum.
1675 4086 1774 4135 Sed
1807 4086 2074 4133 orationem
2111 4086 2306 4149 egregie
2341 4088 2535 4136 ornavit

1410 4160 1462 4197 et
1482 4151 1714 4200 variavit:
1751 4154 1937 4198 thoraca
1967 4152 2153 4197 indutus
2175 4153 2332 4197 ahenis
2353 4152 2530 4200 Horre-

1412 4217 1491 4261 bat
1527 4218 1742 4275 squamis,
1781 4230 1872 4277 pro
1914 4214 2160 4261 thoracem
2201 4214 2428 4262 induerat
2467 4231 2532 4265 ex

1408 4292 1503 4325 oere
1539 4278 1590 4325 in
1629 4278 2174 4341 squamarum-peciam
2217 4288 2526 4335 contextum3

219 4362 363 4409 quam
408 4348 647 4409 TroJanos
688 4346 901 4410 primum
940 4344 1165 4391 inmhsse
1208 4357 1339 4390 com·
1404 4358 1624 4403 surasque
1648 4346 1896 4391 incluserat
1918 4359 2044 4399 auro,
2065 4356 2232 4392 ocreas
2253 4358 2426 4393 aureas
2448 4344 2524 4393 in·

218 4410 379 4459 munis
398 4411 523 4459 fama
548 4410 807 4459 obtinebat.
868 4410 1169 4458 Summe-ar.-
1194 4420 1343 4469 supra

1406 4405 1591 4453 ductat.
