3050 4934
1189 211 1533 277 LIBER
1580 213 1633 278 1.

2462 215 2576 277 191

442 359 813 445 Albanique
845 372 1090 447 patreS,
1123 375 1322 448 atque
1351 363 1500 428 altae
1529 367 1767 429 moenia
1798 364 2051 431 Romae.

529 462 752 540 Musa,
783 463 938 527 mihi
969 486 1200 528 causas
1231 487 1537 543 memora,
1568 490 1700 550 quo
1729 468 1987 530 numine
2016 466 2197 541 laeso,

441 562 703 635 Quidve
732 563 984 641 dolens,
1016 567 1244 649 regina
1274 565 1468 630 deum
1499 578 1597 630 tot
1626 566 1883 632 volvere
1914 590 2105 632 casus

315 664 400 727 10
443 663 772 749 Insignem
799 667 1044 750 pietate
1076 668 1306 744 virum,
1339 677 1438 731 tot
1469 669 1653 732 adire
1682 667 1939 732 labores

441 765 812 849 Impulerit:
859 778 1144 832 tantaene
1174 769 1399 831 animis
1433 768 1807 833 coelestibus
1838 770 1989 833 irae!

528 867 710 931 Urbs
741 868 1006 951 antiqua
1035 868 1182 945 fuit,
1215 868 1402 952 Tyrii
1432 880 1703 934 tenuere
1734 868 1982 945 coloni3

442 966 798 1051 CarthagO,
829 966 1080 1031 Italiam
1110 979 1338 1033 contra
1367 968 1813 1053 Tiberinaque
1842 969 2034 1052 longe

447 1067 661 1144 Ostia,
695 1069 876 1132 dives
911 1091 1130 1153 opum,
1165 1070 1528 1153 studiisque
1558 1072 1915 1154 asperrima
1942 1068 2131 1147 belli;

321 1169 402 1231 15
444 1167 663 1240 Quam
693 1168 870 1232 Juno
901 1168 1110 1233 fertur
1138 1171 1329 1234 terris
1359 1172 1565 1255 magis
1596 1172 1893 1235 omnibus
1924 1193 2119 1235 unam

270 1354 517 1419 Apollinis
533 1369 733 1419 operam
751 1354 994 1404 vaticiniis
1015 1364 1066 1403 et
1078 1355 1286 1404 oraculis
1309 1372 1392 1405 va-

269 1418 458 1467 riandis
476 1418 687 1481 reliquit.

337 1482 481 1532 5-7.
515 1485 673 1531 Multa
693 1498 885 1545 quoque
901 1500 1082 1545 passus,
1099 1482 1246 1531 etiam
1265 1486 1393 1531 bello.

273 1548 565 1609 Quanquam
600 1564 770 1609 quoque
803 1556 850 1595 et
879 1562 970 1611 pro
993 1546 1204 1611 simplici
1226 1565 1398 1609 quoque

271 1611 420 1659 etiam
442 1609 558 1659 alibi
574 1610 800 1659 occurrit.
854 1614 978 1659 Dum
993 1614 1204 1659 conderet
1224 1616 1394 1669 urbem,

270 1675 426 1723 donec
461 1674 724 1723 Lavinium
757 1675 988 1733 condidit,
1029 1675 1290 1738 sedemque
1327 1675 1392 1725 ibi

270 1738 466 1803 imperii
502 1739 640 1795 flxit;
674 1740 814 1800 cuius
848 1739 922 1786 rei
957 1740 1152 1802 signum
1179 1740 1393 1788 certissi-

269 1818 420 1859 mum,
445 1802 488 1851 si
510 1802 670 1868 patria
689 1802 862 1865 religio
885 1803 1110 1851 instituta
1127 1813 1222 1851 est:
1249 1804 1394 1863 unde,

272 1865 558 1928 Inserretque
579 1868 684 1915 deos
703 1869 842 1915 Latio
855 1886 873 1920 ,-
894 1883 991 1929 quo
1008 1867 1156 1915 etiam
1175 1868 1390 1931 splendi-

271 1929 382 1978 dior
393 1930 520 1979 facta
538 1942 612 1979 est
629 1931 799 1989 oratio,
819 1947 964 1993 quam
986 1931 1029 1979 si
1050 1932 1104 1979 in
1121 1932 1264 1980 Latio
1282 1948 1395 1980 eum

271 1994 550 2043 consedisse
585 1994 768 2043 audias.
825 1996 1071 2043 Caeterum
1113 1996 1166 2043 in
1211 1996 1304 2044 hoc
1347 2006 1398 2043 et

271 2074 374 2121 sqq.
412 2074 556 2107 versu
587 2066 732 2122 poeta
763 2060 926 2123 operis
961 2061 1292 2108 characterem
1331 2076 1394 2107 ex

271 2123 372 2171 fine
393 2121 642 2197 proposito
658 2122 778 2171 satis
798 2123 1088 2173 declaravit:
1115 2123 1282 2171 sedem
1304 2140 1391 2172 no-

271 2202 384 2235 vam
404 2202 456 2233 m
483 2187 639 2243 Italia,
663 2197 777 2250 post
810 2187 1040 2235 toleratos
1072 2186 1126 2235 in
1149 2188 1396 2237 erroribus

273 2250 398 2298 etin
427 2250 535 2313 ipso
571 2266 767 2299 accessu
801 2251 990 2299 labores
1028 2260 1076 2299 et
1098 2251 1393 2299 discrimina.

275 2315 619 2378 importunum
668 2315 830 2377 itaque
885 2326 974 2372 est,
1028 2314 1236 2363 Achillis
1285 2315 1395 2364 irati

275 2380 614 2427 vehementem
636 2378 860 2427 affectum
884 2378 936 2425 in
970 2378 1180 2427 AEneide
1200 2380 1389 2427 deside-

271 2458 396 2498 rare,
421 2458 565 2505 quem
623 2452 732 2491 oeta
765 2441 996 2491 exhibere
1017 2442 1176 2490 noluit
1193 2458 1283 2489 nec
1305 2442 1391 2490 de-

270 2507 392 2557 buit.
452 2507 520 2554 At
556 2506 566 2517 ’
608 2507 672 2554 ud
714 2506 948 2569 praeclaro
981 2522 1094 2554 cum
1123 2505 1310 2568 judicio
1343 2505 1394 2554 in

270 2571 450 2683 Ρτίιιιῶ
453 2570 618 2619 statim
639 2570 800 2618 fronte
893 2582 938 2681 R
950 2570 1078 2633 quod
1100 2586 1264 2618 rerum
1283 2586 1393 2644 nar-

584 2650 614 2681 u
749 2650 796 2681 m
939 2651 969 2681 ο
1083 2650 1114 2681 ο
1246 2650 1276 2681 o
1371 2661 1392 2671 -

269 2650 388 2747 12:¹1„
409 2650 926 2761 reffisssffiffiedssm
951 2649 1394 2762 affimant.

271 2763 402 2811 rium
420 2778 619 2811 suorum
642 2762 858 2810 studium
891 2762 1120 2810 audiendi
1148 2762 1395 2810 excitavit.

271 2826 560 2889 qumetque
577 2829 682 2875 deoc
703 2829 857 2883 Latio,
881 2826 1084 2875 inferret
1115 2826 1166 2873 in
1201 2826 1398 2874 Latium

267 2901 474 2955 penates
493 2892 641 2952 Troja
662 2891 904 2938 advectos.
963 2892 1006 2938 A
1025 2905 1078 2937 re
1097 2906 1205 2951 quae
1226 2889 1391 2952 religi-

271 2970 420 3003 onem
455 2964 504 3003 et
543 2954 906 3003 venerationem
945 2954 1105 3010 habet,
1146 2969 1396 3002 accessum

273 3020 448 3067 AEneae
479 3020 712 3083 praeclare
743 3018 979 3081 designat.
1047 3020 1190 3075 Unde,
1227 3017 1310 3065 alii
1334 3018 1396 3065 ad

273 3086 462 3131 Latium
485 3092 536 3131 et
557 3083 617 3131 ad
635 3086 789 3131 urbem
811 3082 1036 3140 retulere,
1051 3081 1136 3130 alii
1155 3080 1216 3129 ad
1241 3081 1393 3129 AEne-

269 3164 366 3197 ani.
427 3146 625 3203 Melius,
659 3163 755 3209 qua
781 3162 844 3195 ex
879 3161 946 3203 re,
971 3161 1066 3221 quo
1098 3146 1280 3194 factum
1307 3154 1394 3201 est,

271 3222 330 3260 ut
351 3212 646 3274 Aborigines
667 3227 779 3259 cum
802 3211 1027 3271 TroJams
1060 3209 1236 3272 aequati
1263 3224 1395 3257 com·

271 3275 414 3324 muni
457 3269 746 3336 Latinorum
792 3274 988 3323 nomine
1029 3273 1130 3322 sint
1172 3288 1393 3337 compre-

273 3339 418 3389 hensi
460 3340 542 3401 (cf.
582 3340 698 3387 AEn.
736 3338 823 3396 xii,
858 3341 951 3385 823
987 3337 1100 3401 sq.),
1126 3347 1182 3386 ut
1214 3339 1276 3386 ab
1300 3337 1394 3385 As-

271 3404 418 3453 canio
440 3405 568 3453 Alba
589 3403 654 3452 sit
682 3403 890 3460 condita,
917 3412 968 3450 et
985 3417 1048 3451 ex
1067 3406 1170 3464 ejus
1193 3401 1402 3465 posteris

275 3469 412 3517 urbis
437 3469 608 3517 Romae
639 3467 914 3516 conditores
945 3476 1106 3515 ortum
1127 3465 1398 3514 habuerint.

275 3534 456 3581 Albam
494 3543 658 3581 autem
693 3534 818 3580 bene
859 3532 920 3579 ab
954 3533 1152 3579 Albanis
1187 3533 1404 3593 patribus

273 3598 514 3661 designat,
529 3598 578 3645 h.
599 3612 640 3645 e.
667 3606 852 3652 senatu,
874 3605 1102 3657 tanquam
1123 3611 1152 3642 a
1165 3593 1402 3643 nobiliore

272 3661 615 3727 populiparte:
643 3660 702 3709 cf,
715 3660 778 3718 iv,
791 3660 914 3715 682;
938 3659 1020 3716 vii,
1039 3658 1148 3709 727.
1193 3658 1400 3705 Romam

273 3736 440 3775 autem
453 3742 545 3789 per
561 3729 670 3773 altae
684 3728 850 3773 moenia
871 3727 1036 3780 Romoe,
1057 3721 1276 3787 pleniore
1299 3736 1396 3769 ore.

341 3790 466 3838 8-1
479 3793 518 3837 1.
553 3792 706 3847 Musa,
723 3792 1009 3837 mihicausae
1023 3802 1229 3835 memora.
1271 3786 1402 3833 Nam

277 3870 388 3917 quae
423 3853 626 3901 deorum
658 3854 938 3901 interventu
977 3860 1060 3899 aut
1093 3848 1310 3897 consiliis
1352 3856 1403 3896 et

278 3918 720 3968 machinationibus
779 3916 983 3977 alicuius
1037 3914 1115 3962 dei
1173 3921 1402 3961 eventum

277 4000 421 4032 suum
439 3983 725 4039 habuerant,
750 3980 846 4029 nisi
865 3995 896 4028 a
913 3982 1006 4028 dea
1026 3978 1238 4036 edoctus,
1259 3986 1404 4041 poeta

277 4047 404 4096 scire
421 4062 520 4095 non
537 4055 741 4111 poterat.
799 4047 971 4106 Itaque
983 4042 1068 4090 ille
1092 4040 1252 4090 munit
1275 4041 1404 4088 viam

278 4112 387 4169 sibi,
413 4122 468 4160 ut
488 4111 550 4161 iis
583 4110 836 4159 commode
873 4108 944 4157 uti
974 4106 1142 4170 possit.
1203 4106 1405 4153 Summa

281 4175 538 4224 sententia!
575 4186 651 4223 est
695 4183 889 4238 aperta;
939 4172 1026 4220 sed
1065 4172 1306 4218 binemus
1350 4168 1403 4216 in

283 4240 454 4297 verbis,
479 4258 564 4301 quo
586 4243 767 4287 numina
789 4241 908 4285 laeso.
958 4235 1104 4290 Quod
1120 4234 1330 4299 primum
1349 4248 1403 4281 se

280 4304 432 4361 offert,
457 4322 543 4365 quo
561 4306 644 4351 deo
669 4307 789 4359 laeeo,
815 4317 912 4349 non
946 4298 1176 4349 convenit
1197 4313 1308 4345 cum
1331 4296 1400 4343 al-

283 4377 398 4425 tero,
433 4370 596 4429 quidve
629 4370 782 4415 dolens
808 4367 955 4415 June.
1015 4362 1261 4412 Omnibus
1291 4372 1395 4409 ten·

1461 1357 1576 1405 tatis
1620 1366 1670 1405 et
1722 1358 1965 1433 expensis,
2014 1374 2289 1421 quanquam
2337 1358 2584 1410 duriorem

1459 1420 1665 1484 praesero
1706 1431 1943 1469 ranonem
1973 1424 2075 1483 ,iam
2111 1438 2139 1470 a
2160 1422 2331 1473 Servio
2359 1426 2581 1488 proposi-

1461 1494 1592 1533 tam:
1629 1502 1729 1547 qno,
1754 1501 1848 1549 qua
1870 1501 1939 1541 re,
1956 1501 2051 1547 qua
2068 1486 2120 1534 in
2138 1503 2282 1535 causa
2303 1488 2581 1552 (exponun-

1463 1557 1545 1596 tur
1567 1564 1725 1597 causae
1748 1566 1792 1597 v.
1820 1550 2037 1611 25—28)
2058 1555 2239 1599 numine
2264 1554 2382 1609 Iaeso,
2408 1554 2581 1627 majes-

1462 1622 1561 1661 tate
1580 1612 1759 1669 divina,
1784 1613 1831 1661 h.
1854 1628 1893 1660 e.
1918 1614 2027 1677 ipsa
2048 1616 2077 1662 J
2084 1630 2258 1661 unone.
2318 1615 2585 1677 subjicitur

1495 1692 1552 1724 ro
1566 1676 1903 1751 explicatione,
1928 1680 2102 1729 Quidve
2124 1682 2587 1739 dolens—Impulerit

1461 1693 1555 1788 gea
1592 1756 1750 1789 Virum
1776 1739 2054 1803 (exquisite,
2089 1741 2136 1788 h.
2177 1758 2218 1789 e.
2254 1742 2492 1804 coegerit)
2518 1750 2586 1790 tot

1461 1822 1595 1852 casus
1616 1808 1803 1861 volvere,
1819 1805 1866 1852 h.
1888 1820 1929 1853 e.
1950 1814 2007 1852 ut
2018 1804 2215 1863 subiret,
2242 1805 2411 1853 adiret.
2477 1808 2583 1853 Vol-

1461 1885 1564 1917 vere
1598 1868 1807 1917 dicimur
1841 1884 1900 1916 ea
1926 1884 2034 1929 quae
2072 1868 2312 1927 molimur,
2347 1878 2492 1931 atque
2528 1885 2587 1918 ea
2658 1868 2663 1873 ’

1459 1948 1569 1995 quae
1586 1932 1881 2007 perferimus
1899 1948 1955 1979 ac
1982 1932 2257 1981 toleramus.
2312 1934 2435 1987 Quae
2453 1933 2587 1983 enim

1460 2011 1644 2059 gravia,
1669 1996 1897 2053 difficilia,
1922 2005 1973 2044 et
2005 1997 2209 2045 molesta
2242 2006 2371 2053 sunt,
2407 2006 2457 2045 et
2478 2014 2588 2061 quae

1462 2076 1639 2122 magna
1670 2076 1781 2109 cum
1803 2061 2086 2108 difficultate
2110 2076 2373 2117 movemus,
2399 2062 2580 2109 maelii-

1461 2139 1649 2183 namur,
1704 2125 1944 2183 molimur,
1999 2123 2293 2188 perficimus,
2354 2140 2415 2173 ea
2468 2129 2587 2174 volvi

1459 2188 1619 2252 poetis
1662 2188 1917 2243 dicuntum
1970 2203 2099 2237 nunc
2134 2198 2184 2236 et
2223 2204 2281 2237 ea
2312 2205 2421 2251 quae
2461 2190 2583 2239 tole-

1460 2262 1645 2300 rantur.

1532 2317 1605 2363 12.
1642 2316 1687 2363 A
1712 2318 1741 2364 J
1748 2314 1922 2363 unonis
1938 2315 2063 2364 odiis
2082 2316 2283 2375 orditur,
2300 2317 2481 2392 quippe
2496 2334 2586 2382 per

1459 2394 1568 2441 quae
1600 2380 1800 2440 objectae
1834 2390 1949 2427 sunt
1982 2380 2305 2437 difficultates,
2328 2382 2503 2443 quibus
2526 2384 2587 2429 ab

1464 2442 1621 2489 ltaliae
1666 2441 1801 2490 aditu
1842 2452 2143 2491 averteretur
2182 2444 2379 2492 AEneas.
2455 2445 2587 2493 Urbs

1449 2503 1567 2567 fuit,
1584 2506 1813 2567 quoniam
1834 2504 1917 2553 illa
1932 2518 2036 2553 tum
2060 2515 2165 2555 erat
2178 2522 2360 2564 eversa,
2378 2524 2409 2556 a
2424 2508 2587 2571 Tyriis

1461 2570 1659 2617 condita
1699 2578 1750 2618 et
1782 2569 2010 2617 habitata.
2085 2573 2307 2632 Ann'qua,
2350 2586 2447 2619 non
2488 2580 2587 2619 tam

1461 2633 1691 2695 quoniam
1713 2648 1839 2680 nova
1862 2634 2105 2696 Carthago
2140 2634 2347 2683 deducta
2379 2650 2537 2700 nuper
2558 2650 2589 2683 a

1461 2698 1655 2746 Caesare
1688 2695 1877 2744 colonia
1911 2706 2028 2753 erat,
2054 2706 2109 2744 ut
2130 2698 2231 2745 fere
2264 2698 2585 2773 interpretes3

1462 2762 1547 2809 sed
1588 2760 1817 2823 quoniam
1858 2759 2057 2821 antiqua
2092 2761 2228 2823 origo
2272 2762 2498 2837 inprimis
2532 2762 2585 2811 in

1462 2825 1655 2873 urbium
1678 2823 1822 2871 laude
1846 2834 2167 2871 memoratur:
2206 2823 2289 2871 int.
2315 2826 2365 2883 in,
2392 2828 2501 2885 363,
2525 2827 2587 2875 de

1460 2890 1623 2951 TroJa,
1659 2891 1781 2936 Urbs
1802 2891 1994 2949 antiqua
2016 2892 2112 2934 ruit
2129 2908 2147 2941 ,-
2171 2897 2222 2935 et
2243 2888 2305 2935 de
2332 2889 2488 2948 ltalia,
2512 2890 2583 2948 iii,

1464 2954 1571 3010 164,
1602 2954 1747 3000 Terra
1770 2956 1974 3013 antiqua,
1992 2960 2167 3013 potens.
2430 3010 2435 3014 .

1532 3019 1604 3075 13,
1634 3017 1706 3063 14.
1744 3018 1911 3079 Longe,
1950 3016 2119 3079 procul
2155 3015 2262 3073 sita,
2300 3032 2478 3078 magno
2508 3015 2586 3065 in·

1461 3083 1663 3142 terjecto
1680 3080 1817 3138 mari,
1839 3096 1901 3128 ex
1922 3080 2127 3128 adverso
2144 3080 2300 3127 Italiae
2320 3090 2371 3127 et
2392 3079 2588 3142 quidem

1466 3145 1651 3202 Rom,
1677 3160 1819 3206 quam
1844 3160 1932 3208 per
1960 3146 2161 3192 Tiberim
2184 3144 2427 3207 designari
2451 3156 2586 3209 puto.

1464 3212 1728 3270 studiisque
1750 3212 2003 3270 asperrima
2028 3212 2147 3265 belli,
2170 3208 2383 3271 graviter
2405 3210 2589 3258 dictum

1461 3289 1566 3337 pro,
1591 3276 1764 3329 dedita,
1788 3290 1954 3320 vacans
1987 3276 2156 3321 studiis
2192 3276 2314 3331 belli,
2349 3275 2477 3336 quod
2510 3292 2585 3322 as-

1455 3354 1618 3399 perum
1674 3336 1771 3384 dici
1821 3336 1971 3392 solet;
2026 3345 2129 3384 tum
2174 3338 2334 3401 poetis
2374 3338 2589 3386 studium

1466 3400 1645 3449 dicitur
1680 3415 1920 3463 asperum,
1959 3400 2249 3463 tandemque
2284 3405 2392 3448 urbs
2426 3419 2591 3463 aspera

1466 3468 1635 3513 studiis
1671 3466 1790 3511 belli.
1848 3463 2021 3511 Virtus
2054 3464 2227 3511 bellica
2261 3480 2290 3510 a
2311 3464 2469 3527 poetis
2503 3479 2592 3527 per

1467 3528 1591 3577 iram
1630 3526 1922 3591 exprimitur
1960 3530 2159 3587 eiusque
2187 3526 2431 3574 attributa.
2490 3530 2588 3574 Ea·-

1467 3600 1713 3653 asperatur
1746 3599 1909 3637 autem
1947 3588 1992 3636 is
2028 3588 2111 3650 qui
2144 3588 2405 3636 offenditur
2446 3598 2495 3636 et
2531 3590 2593 3637 ad

1464 3652 2590 3774 :53:¹¹¹sstssffisssse„33123'5035222325252'2

1465 3800 1573 3841 vus,
1606 3783 1751 3831 modo
1784 3781 1937 3837 fortis,
1977 3779 2248 3836 bellicosus,
2285 3779 2428 3826 modo
2467 3794 2591 3837 acer,

1465 3848 1657 3906 ardens,
1674 3846 1959 3902 concitatus,
1976 3844 2199 3907 flagrans,
2216 3853 2274 3891 ut
2284 3844 2331 3891 h.
2348 3843 2379 3889 1.
2432 3843 2595 3890 Semel

1467 3911 1715 3959 monuisse
1739 3909 1939 3973 expedit
1962 3909 2023 3957 ad
2043 3908 2285 3972 poeticam
2308 3906 2592 3965 orationem,

1499 3992 1611 4023 uam
1635 3974 1861 4039 inprimis
1894 3982 2200 4037 perspectam
2224 3986 2331 4018 esse
2355 3970 2593 4028 volumus,

1466 3992 1823 4087 declarandam.

1538 4106 1611 4151 15.
1648 4104 1807 4157 Quam
1844 4102 1978 4148 Juno
2010 4100 2165 4147 fertur
2197 4112 2343 4146 unam
2378 4098 2595 4145 omnium

1469 4167 1681 4215 maxime
1714 4181 1915 4221 amasse,
1942 4164 2093 4211 etiam
2128 4164 2273 4210 Samo
2307 4162 2595 4236 praetulisse,

1469 4232 1521 4279 in
1545 4246 1639 4293 qua
1662 4229 2000 4291 antiquissima
2030 4235 2078 4275 et
2100 4227 2417 4274 celeberrima
2438 4226 2594 4273 Juno-

1470 4294 1549 4343 nis
1574 4294 1746 4356 religio
1780 4302 1896 4341 erat.
1956 4290 2251 4353 Carthagine
2286 4293 2375 4338 sub
2403 4290 2599 4337 Uraniae

1470 4358 1669 4407 nomine
1704 4359 1751 4405 h.
1777 4373 1817 4404 e.
1844 4372 1905 4405 ea
1937 4354 2264 4419 appellatione
2288 4370 2396 4417 quae
2426 4355 2597 4402 Graece
