3050 4934
1154 270 1495 336 LIBER
1544 272 1766 338 VIII.

2481 271 2612 337 489

564 413 785 480 Insula
814 418 1140 484 Sicanium
1157 420 1353 504 juxta
1380 420 1549 486 latus
1579 421 1988 507 AEoliamque

478 515 773 600 Erigitur
803 519 1114 604 Liparen,
1146 522 1544 587 fumantibus
1574 524 1783 588 ardua
1813 526 2024 602 saxis;

474 614 690 687 Quam
720 621 947 684 subter
978 643 1213 705 specus
1242 633 1311 688 et
1340 624 1699 709 Cyclopum
1727 647 1926 688 exesa
1955 626 2218 690 caminis

471 715 685 782 Antra
714 719 980 786 AEtnaea
1007 734 1257 801 tonant,
1292 723 1615 809 validique
1644 726 1990 791 incudibus
2019 727 2186 793 ictus

296 816 427 880 420
472 815 701 883 Auditi
728 822 1023 887 referunt
1050 827 1379 907 gemitum,
1416 827 1828 910 striduntque
1857 829 2148 891 cavernis

473 919 1229 1008 StricturaeChalybum,
1263 937 1331 990 et
1358 926 1730 991 fornacibus
1761 929 1928 1012 ignis
1958 927 2259 1006 anhelat3

468 1019 747 1086 Vulcani
778 1025 1032 1103 domus,
1062 1037 1129 1089 et
1161 1025 1479 1091 Vulcania
1506 1029 1762 1094 nomine
1794 1027 2006 1093 tellus.

468 1121 621 1186 Hoc
654 1133 809 1186 tunc
837 1125 1209 1209 ignipotens
1240 1126 1407 1192 coelo
1438 1129 1780 1196 descendit
1809 1131 1894 1194 ab
1923 1129 2077 1194 alto.

466 1221 739 1288 Ferrum
768 1228 1163 1291 exercebant
1190 1240 1377 1294 vasto
1406 1228 1727 1314 Cyclopes
1757 1231 1824 1294 in
1851 1241 2064 1307 autre,

292 1320 423 1385 425
466 1321 901 1410 Brontesque,
932 1327 1400 1413 Steropesque,
1430 1341 1497 1394 et
1526 1331 1744 1395 nudus
1772 1333 2060 1395 membra
2092 1332 2474 1416 Pyracmon.

466 1423 593 1488 His
620 1425 1033 1493 informatum
1060 1431 1355 1494 manibus
1375 1431 1513 1515 jam
1538 1441 1726 1518 parte
1754 1430 1956 1514 polita

462 1525 734 1594 Fulmen
762 1539 939 1608 erat3
985 1541 1125 1596 toto
1153 1533 1408 1616 genitor
1437 1555 1585 1617 quae
1614 1532 1888 1618 plurima
1915 1534 2083 1599 coelo

465 1627 709 1713 Dejicit
739 1631 805 1694 in
833 1643 1077 1711 terras;
1124 1655 1278 1717 pars
1308 1633 1690 1719 imperfecta
1717 1636 2040 1700 manebat.

464 1727 634 1794 Tres
664 1730 886 1796 imbris
916 1734 1071 1797 torti
1098 1735 1339 1811 radios,
1371 1745 1506 1799 tres
1537 1737 1728 1800 nubis
1759 1757 2023 1820 aquosae

290 1827 423 1892 430
465 1825 905 1910 Addiderant,
936 1834 1111 1898 rutili
1139 1846 1273 1900 tres
1306 1836 1471 1920 ignis
1502 1847 1570 1900 et
1591 1835 1759 1901 alitis
1790 1839 2016 1902 austri.

460 1929 777 2015 Fulgores
810 1956 981 1999 nunc
1011 1933 1376 2014 horrificoS,
1410 1938 1844 2023 sonitumque,
1875 1953 2246 2024 metumque

459 2030 835 2098 Miscebant
864 2037 1071 2119 operi,
1100 2035 1501 2122 flammisque
1534 2041 1920 2123 sequacibus
1951 2041 2102 2106 iras.

458 2131 657 2198 Parte
686 2133 811 2198 alia
841 2135 1045 2199 Marti
1072 2159 1462 2223 currumque
1490 2151 1802 2224 rotasque
1833 2140 2128 2206 volucres

458 2232 835 2313 Instabant3
882 2237 1121 2319 quibus
1148 2237 1255 2302 ille
1284 2240 1480 2317 viros,
1512 2241 1749 2325 quibus
1780 2243 2022 2306 excitat
2049 2244 2287 2322 urbes3

286 2334 417 2399 435
462 2335 835 2420 AEgidaque
864 2336 1269 2415 horriferam,
1300 2342 1581 2404 turbatae
1613 2340 1898 2407 Palladis
1929 2365 2130 2421 arma,

456 2436 771 2502 Certatim
800 2439 1083 2523 squamis
1116 2451 1493 2524 serpentum
1520 2463 1810 2525 auroque
1839 2441 2155 2525 polibant,

456 2538 935 2625 Connexosque
964 2563 1235 2626 angues,
1266 2543 1604 2626 ipsamque
1632 2543 1701 2606 in
1729 2553 1996 2627 pectore
2025 2545 2194 2608 divoe

458 2639 795 2726 Gorgona,
828 2643 1096 2708 desecto
1122 2653 1483 2708 vertentem
1509 2642 1750 2708 lumina
1779 2642 1966 2708 collo.

348 2893 459 2941 416.
494 2893 621 2942 Cum
653 2903 811 2959 poetae
833 2901 1021 2942 veteres
1048 2894 1156 2942 loca
1185 2903 1237 2942 et
1264 2895 1398 2942 insu-

283 2956 357 3006 las
370 2956 591 3006 Vulcano
603 2957 945 3021 assignassent,
956 2974 1063 3021 quai
1076 2957 1403 3008 subterraneis

286 3020 481 3084 ignibus
496 3021 732 3070 notabiles
749 3032 889 3071 erant
907 3023 1071 3080 (exem
1107 3023 1208 3072 lum
1224 3023 1278 3070 in
1294 3023 1403 3086 ipsa

284 3085 475 3134 Lemno
494 3087 622 3150 apud
650 3086 923 3135 Homerum
946 3087 1059 3148 est),
1102 3087 1223 3136 icuit
1246 3095 1403 3151 poetae

282 3165 433 3198 unam
474 3165 537 3198 ex
582 3151 761 3199 AEoliis
791 3150 871 3200 vel
904 3151 1157 3200 Vulcaniis
1200 3167 1398 3214 ponere,

286 3213 511 3272 Hieram,
561 3230 706 3276 quam
743 3214 1045 3272 Vulcaniam,
1080 3212 1399 3272 Ἧοαιστιάδα,

282 3295 347 3342 ap
410 3277 499 3326 llat
524 3278 772 3326 communi
801 3278 1013 3336 nomine,
1038 3289 1267 3342 tanquam
1297 3278 1399 3326 sin-

425 3342 454 3400 ',
480 3341 674 3406 Lipsrae
696 3342 987 3407 proximam,
1006 3353 1171 3392 monte
1202 3341 1401 3390 mirabi-

434 3405 489 3455 ui
510 3417 773 3456 nocturnas
792 3407 1011 3456 flammas
1032 3406 1225 3455 evomit.

344 3473 407 3519 41
443 3473 620 3519 —42a
680 3475 913 3534 Erigitur.
960 3483 1016 3520 ut
1056 3471 1191 3529 alias,
1230 3473 1397 3533 mgis,

279 3534 375 3584 sita
392 3545 481 3592 est,
503 3535 591 3584 sed
607 3551 717 3584 cum
736 3535 985 3584 notatione
1000 3535 1253 3584 montium.
1297 3538 1397 3583 An·

280 3606 358 3648 tra
386 3603 577 3648 ΛΕΜ
606 3599 767 3665 simpl.
804 3615 895 3663 pro
929 3599 1203 3663 ignivomis.
1260 3597 1398 3660 Refe-

280 3671 391 3712 runt
417 3667 667 3727 gemitmf
708 3672 941 3728 repetunt
968 3679 1155 3722 sonum,
1184 3665 1231 3711 h.
1262 3679 1396 3712 reso-

281 3736 405 3776 nant
422 3743 513 3792 per
533 3737 673 3777 antra
692 3728 821 3776 ictus
842 3727 1087 3776 incudum.
1140 3731 1397 3785 Str-&turm

278 3807 399 3854 quas
420 3803 591 3840 ornate
622 3795 873 3855 Chalybum
902 3791 1028 3839 dixit
1058 3791 1203 3852 (Geo.
1234 3791 1268 3850 i,
1293 3792 1397 3853 58‚)

278 3871 379 3905 non
401 3867 517 3904 sunt
534 3857 581 3904 h.
606 3856 638 3904 l.
664 3858 925 3918 σπινθῆρες,
950 3871 1039 3904 nec
1066 3871 1174 3918 quie
1202 3855 1399 3920 proprie

278 3919 474 3969 metalla
492 3920 723 3969 dicuntur
744 3921 873 3968 unde
990 3920 1291 3983 excoquitur,
1314 3920 1402 3969 sed

278 3983 453 4046 μῶροι.
500 3999 674 4034 massae
717 3983 847 4042 ferri,
894 3999 1001 4048 quae
1050 3986 1398 4050 procuduntur.

276 4052 381 4097 Hoc
400 4047 598 4112 antique
655 4051 827 4114 robae.

343 4115 455 4170 424,
474 4115 585 4162 425.
666 4113 801 4162 ibera
813 4113 1007 4176 quidem
1028 4125 1133 4162 erat
1148 4114 1401 4162 nominum

276 4176 569 4236 informatio,
585 4179 671 4227 sed
686 4179 919 4226 Brontem
935 4187 986 4226 et
998 4179 1237 4243 Steropen
1251 4178 1397 4226 etiam

275 4241 363 4290 alii
385 4241 594 4290 habentx
634 4241 836 4292 Hesiod.
865 4243 1115 4305 Theogon.
1144 4245 1251 4300 140,
1282 4241 1396 4290 Cal·

279 4303 382 4382 lim.
404 4305 456 4355 in
476 4306 623 4356 Dian.
640 4307 719 4356 69.
758 4307 1028 4370 Pyracmon
1044 4305 1240 4355 aliunde
1258 4321 1395 4354 acce-

346 4435 621 4484 426—428.
679 4436 811 4485 Nota
850 4435 1094 4486 inversam
1134 4435 1403 4484 orationem

1465 2910 1571 3005 pro,
1594 2903 1734 2958 parte
1749 2895 1850 2955 Jam
1869 2893 2036 2956 polita,
2059 2903 2198 2974 parte
2217 2894 2374 2944 adhuc
2403 2896 2586 2963 imper-

1486 2967 1608 3006 ecta.
1663 2960 2020 3020 Fulmen—qua
2037 2961 2253 3020 pluruma,
2277 2960 2406 3022 quod
2431 2977 2588 3026 genus

1465 3022 1740 3080 fulminum,
1765 3037 1828 3070 ex
1859 3038 1954 3084 quo
1987 3037 2168 3085 genere
2202 3023 2440 3088 plurima:
2485 3028 2582 3075 fre-

1466 3101 1622 3162 quens
1637 3096 1890 3151 poetarum
1908 3087 2077 3150 figura.
2125 3087 2332 3137 Variant
2349 3089 2454 3139 haec
2475 3105 2582 3140 ora·
2666 3089 2690 3106 ⁰

1462 3161 1664 3208 tionem,
1689 3160 1741 3198 et
1760 3150 2018 3199 delectant.

1529 3217 1804 3264 429-432
1842 3215 2102 3278 Ingeniose
2119 3215 2173 3264 in
2189 3215 2408 3266 fulminis
2429 3227 2584 3267 mate·

1464 3278 1589 3328 riam
1609 3279 1755 3327 vertit
1771 3293 1828 3326 ea
1846 3295 1910 3327 ex
1925 3295 2130 3342 quorum
2151 3281 2380 3329 conflictu
2401 3281 2587 3331 fulmen

1466 3343 1696 3400 nascitur,
1715 3343 2002 3406 grandinem
2023 3345 2196 3406 (imber
2216 3353 2375 3404 tortus,
2393 3346 2441 3393 h.
2466 3362 2584 3394 con·

1464 3407 1664 3455 strictus
1685 3417 1738 3455 et
1753 3417 1949 3455 coactus
1969 3407 2022 3455 in
2047 3408 2362 3471 grandinem:
2397 3408 2483 3468 int
2514 3409 2583 3468 ix,

1465 3471 1589 3526 6713
1639 3472 1832 3528 nubem,
1866 3471 2046 3533 ignem,
2081 3481 2132 3519 et
2161 3483 2378 3520 ventum.
2447 3473 2589 3522 Facit

1464 3545 1630 3583 autem
1651 3535 1836 3582 fulmen
1855 3534 2110 3584 duodecim
2131 3535 2402 3598 cuspidum,
2425 3539 2583 3585 rad-‘0-

1464 3615 1581 3655 rum,
1615 3599 1830 3655 ἄιιτίνον,
1863 3597 2008 3646 trinis
2037 3597 2090 3645 in
2135 3609 2372 3660 quaterna
2415 3600 2584 3659 latera,

1464 3663 1626 3726 qualia
1667 3661 1874 3710 fulmina
1915 3661 2096 3725 passim
2139 3663 2192 3710 in
2239 3664 2583 3724 monumentis,

1464 3741 1596 3791 sepe
1613 3727 1666 3775 in
1683 3725 1868 3790 clipeis,
1891 3725 2117 3802 inprimis
2138 3727 2192 3775 in
2215 3727 2392 3786 numia,
2411 3743 2582 3778 occur-

1464 3801 1610 3846 runt3
1647 3790 1740 3839 etsi
1761 3789 1879 3838 alibi
1899 3789 1994 3838 alia
2011 3791 2168 3840 forma
2187 3790 2430 3841 tribuitur.

1527 3858 1639 3912 483,
1663 3857 1774 3904 434.
1813 3855 1964 3903 Marti
1980 3871 2152 3904 currus
2171 3855 2372 3904 bellicus
2387 3856 2584 3921 proprie

1468 3920 1711 3978 tribuitur,
1737 3935 1800 3968 ex
1817 3919 1999 3969 heroici
2015 3920 2180 3969 saeculi
2202 3935 2336 3969 more
2355 3921 2582 3969 bellandi.

1465 3985 1611 4039 Quod
1631 3983 1714 4042 ait,
1747 3987 1910 4046 quibus
1941 3987 2020 4032 ille
2049 3989 2185 4042 viros,
2214 3987 2378 4047 quibus
2411 3989 2586 4034 excitat

1465 4054 1615 4106 urbes,
1639 4050 1687 4097 h.
1713 4065 1808 4112 quo
1837 4064 1984 4096 curru
2011 4048 2052 4096 si
2083 4049 2306 4098 invectus
2338 4048 2498 4107 fuerit,
2523 4049 2584 4097 ad

1464 4113 1648 4163 bellum
1676 4113 1904 4170 concitat,-
1925 4127 1988 4160 ex
2013 4113 2122 4160 istis
2149 4112 2454 4162 illustrantur
2473 4129 2581 4179 sup.

1462 4178 1564 4236 viii,
1591 4181 1635 4236 3,
1669 4181 1732 4226 Ut
1756 4179 1862 4225 beai
1881 4180 2126 4240 signum—
2137 4179 2284 4239 thue
2315 4194 2445 4226 acres
2477 4195 2580 4227 eon·

1462 4247 1884 4354 {sfirm-
1909 4243 2172 4354 mm
2195 4243 2584 4357 &aasz

1465 4369 1603 4435 operi
1623 4321 1974 4482 facigndo,Epro
2099 4321 2224 4418 pm?
2297 4341 2311 4364 ⁹

1500 4475 1505 4479 ,
1531 4435 1806 4483 436-438.
1901 4433 2147 4498 xpeditior
2176 4434 2316 4495 ratio,
2351 4435 2395 4484 si
2427 4445 2583 4484 totum

1396 4501 1486 4547 δι
