3050 4934
495 281 627 346 264

1383 275 1910 342 AENEIDOS

497 430 624 493 505
669 427 1118 492 Procubuere:
1165 435 1390 490 tenent
1420 426 1638 490 Danai
1666 447 1799 508 qua
1826 422 2051 489 deficit
2074 423 2264 505 ignis.

760 529 1060 594 Forsitan
1089 539 1179 607 et,
1211 529 1451 594 Priami
1477 527 1723 594 filei-int
1744 549 1895 610 quae
1923 524 2080 602 fata,
2110 525 2425 608 requiras.

672 632 876 697 Urbis
904 634 1003 697 uti
1028 643 1240 717 captae
1267 655 1510 709 casum,
1542 629 1979 713 convulsaque
2006 628 2169 692 vidit
2258 637 2263 645 '

679 731 935 797 Limina
964 743 1304 810 tectorum,
1335 744 1404 798 et
1429 731 1757 796 medium
1740 752 1807 793 ιιι
1830 727 2271 814 penetralibus
2301 687 2585 792 hostem·
2570 774 2587 803 ,

676 833 883 898 Arma
912 835 1027 898 diu
1055 835 1268 898 senior
1298 836 1574 899 desueta
1604 832 2029 896 trementibus
2058 853 2199 893 aevo

509 935 638 998 510
680 932 1056 999 Circumdat
1081 936 1522 1020 nequidquam
1552 933 1862 1009 humeris,
1894 943 1964 996 et
1990 930 2217 995 inutile
2244 930 2485 994 ferrum

677 1033 999 1118 Cingitur,
1031 1056 1108 1099 ac
1139 1036 1378 1100 densos
1409 1036 1619 1099 fertur
1649 1035 2001 1098 moriturus
2030 1025 2111 1096 in'
2124 1032 2372 1095 hostes.

675 1135 966 1200 AEdibus
995 1135 1064 1199 in
1089 1136 1340 1214 medii8‚
1371 1137 1681 1220 nudoque
1712 1135 1837 1199 sub
1866 1133 2131 1198 aetheris
2162 1155 2311 1208 axe,

679 1235 920 1320 Ingens
951 1259 1066 1301 ara
1092 1235 1251 1314 fuit3
1289 1238 1613 1322 juxtaque
1642 1236 1987 1300 veterrima
2014 1233 2236 1297 laurus

684 1337 1072 1402 Incumbens
1103 1360 1256 1416 arae,
1285 1349 1484 1422 atque
1513 1339 1747 1402 umbra
1774 1335 2117 1420 complexa
2147 1334 2450 1398 Penates.

513 1439 641 1502 515
685 1436 816 1501 Hic
848 1436 1129 1502 Hecuba
1157 1448 1226 1502 et
1254 1449 1426 1502 natae
1455 1439 1895 1522 nequidquam
1924 1435 2150 1500 altaria
2178 1437 2438 1510 circum,

677 1537 1056 1621 Praecipites
1089 1549 1229 1602 atra
1261 1561 1382 1604 ceu
1410 1549 1799 1623 tempestate
1827 1537 2165 1612 columbae,

678 1638 1068 1713 Condensae,
1099 1649 1168 1702 et
1197 1638 1414 1702 divum
1444 1639 1763 1722 amplexoe
1794 1636 2131 1701 simulacra
2162 1635 2500 1698 sedebant.

678 1737 903 1822 Ipsum
933 1749 1149 1801 autem
1181 1740 1408 1801 sumtis
1439 1737 1768 1801 Priamum
1787 1733 2187 1819 juvenilibus
2214 1736 2407 1800 armis

683 1837 783 1902 Ut
811 1837 1006 1902 vidit:
1054 1837 1226 1910 Quae
1253 1859 1434 1902 mens
1467 1847 1599 1901 tam
1628 1837 1793 1914 dira,
1826 1837 2179 1900 miserrime
2208 1836 2469 1919 conjux,

516 1939 646 2003 520
687 1936 969 2022 Impulit‘
981 1937 1084 2000 his
1115 1939 1288 2021 cingi
1317 1937 1508 2002 telis?
1556 1947 1669 2001 aut
1696 1959 1828 2021 quo
1858 1937 2036 2000 ruis?
2082 1937 2311 2020 inquit.

682 2038 840 2102 Non
871 2037 984 2101 tali
1013 2037 1277 2114 auxilio,
1311 2059 1430 2102 nec
1460 2037 1917 2102 defensoribus
1948 2037 2089 2100 istis

684 2138 980 2222 Tempus
1009 2149 1196 2222 eget3
1242 2160 1396 2216 non,
1429 2141 1484 2203 si
1511 2141 1655 2222 ipse
1684 2159 1865 2203 meus
1896 2159 2067 2202 nunc
2098 2137 2333 2201 afforet
2366 2136 2639 2201 Hector.

685 2237 841 2302 Huc
871 2237 1132 2302 tandem
1163 2241 1486 2317 concede3
1531 2238 1675 2303 haec
1705 2261 1819 2302 ara
1848 2239 2138 2302 tuebitur
2168 2261 2427 2303 omnes:

683 2337 824 2403 Aut
851 2339 1124 2404 moriere
1157 2339 1365 2404 simul.
1437 2340 1546 2403 Sic
1579 2362 1691 2405 ore
1721 2339 1940 2414 effata,
1974 2340 2223 2423 recepit

513 2441 640 2505 525
685 2439 796 2505 Ad
829 2463 997 2518 sese,
1029 2452 1098 2507 et
1127 2463 1314 2506 sacra
1340 2441 1703 2526 longoevum
1732 2443 1799 2504 in
1830 2440 1988 2504 sede
2017 2439 2275 2504 locavit.

771 2541 950 2608 Ecce
982 2551 1198 2608 autem
1227 2543 1491 2628 elapsus
1525 2539 1765 2626 Pyrrhi
1793 2542 1878 2606 de
1906 2541 2089 2604 caede
2118 2539 2390 2618 Polites,

688 2643 878 2708 Unus
909 2655 1210 2708 natorum
1239 2644 1502 2721 Priami,
1529 2665 1651 2728 per
1682 2643 1832 2720 tela,
1866 2665 1985 2727 per
2011 2643 2237 2706 hostes

684 2743 1056 2810 Porticibus
1085 2745 1296 2830 longis
1326 2745 1518 2830 fugit,
1550 2756 1619 2810 et
1646 2767 1849 2809 vacua
1878 2745 2044 2808 atria
2071 2744 2310 2808 lustrat

685 2845 981 2912 Saucius,
1060 2847 1249 2911 Illum
1279 2849 1518 2912 ardens
1548 2846 1787 2911 infesto
1818 2845 2081 2910 vulnere
2114 2845 2409 2929 Pyrrhus

513 2949 643 3014 530
685 2947 1082 3032 Insequitur,
1107 2949 1245 3032 jam
1266 2950 1533 3033 jamque
1562 2971 1757 3012 manu
1786 2955 1989 3024 tenet,
2021 2957 2091 3010 et
2118 2949 2355 3031 premit
2382 2946 2616 3035 hasta..

581 3153 852 3199 506—611.
890 3151 1017 3198 Tota
1059 3150 1287 3208 narratio,
1329 3151 1519 3200 intexta
1556 3151 1631 3198 in-

513 3214 778 3327 mas
779 3213 912 3326 ‘23:5⁸
897 3214 1635 3328 ..1⁰23ssssssssOEssss

514 3357 627 3392 cum
649 3343 876 3390 horrore:
913 3341 1093 3390 notatis
1111 3342 1296 3392 scilicet
1315 3359 1428 3392 cum
1441 3343 1635 3392 delectu

515 3417 568 3456 et
605 3415 719 3454 ante
753 3405 919 3454 oculos
935 3406 1153 3482 positis
1173 3407 1236 3456 iis
1273 3424 1394 3470 quae,
1440 3408 1494 3456 in
1525 3408 1636 3483 ‘fato

515 3470 684 3520 multis
703 3469 965 3529 communi,
987 3470 1189 3534 propria
1220 3481 1381 3521 tamen
1411 3471 1636 3536 inprimis

513 3535 628 3585 huic
651 3533 756 3584 seni
773 3544 824 3582 et
833 3549 1147 3610 sumopere
1165 3535 1452 3585 miseranda.
1485 3537 1633 3584 Com-

515 3599 718 3649 mendat
730 3615 858 3657 eum,
869 3599 998 3662 quod
1009 3599 1174 3648 herois
1179 3615 1442 3676 personam
1455 3600 1633 3663 grand-

517 3679 652 3714 evus
684 3663 844 3712 adhuc
869 3617 1071 3713 zei-vat:
1109 3664 1192 3713 ubi
1211 3663 1334 3712 vidit
1356 3664 1484 3712 sores
1513 3679 1631 3712 con-

517 3729 680 3778 vulsas
717 3736 768 3776 et
804 3728 1031 3790 dejectas,
1069 3737 1226 3776 annat
1259 3744 1340 3784 se;
1383 3737 1637 3776 revocatur

517 3803 680 3842 tamen
703 3793 765 3840 ab
787 3807 956 3850 uxore,
975 3802 1026 3840 et
1041 3793 1251 3856 supplex
1271 3792 1444 3840 sedet*
1429 3808 1482 3839 ιιι
1505 3808 1603 3840 ara.

583 3859 693 3913 512,
719 3857 830 3903 513.
866 3855 1112 3967 νίιΫ-ὼιιε
1133 3871 1282 3912 aram,
1303 3871 1448 3918 quam
1479 3855 1599 3904 alii’
1584 3871 1637 3904 ιιι

515 3921 642 3970 atrio
653 3919 889 3968 collocare
906 3935 1042 3967 soen

516 3985 644 4044 tulit,
677 3987 798 4033 mdo
829 3987 916 4032 sab
961 3987 1145 4032 aetheris
1179 4001 1280 4042 axe,
1317 3985 1408 4033 sub
1441 3985 1635 4043 aethere,

515 4050 607 4098 sub
627 4049 726 4106 dio,
747 4057 806 4096 ut
839 4047 1098 4096 Penatium
1131 4063 1216 4097 ara
1247 4057 1401 4104 esset,
1437 4049 1639 4114 propius

515 4113 606 4161 hoc
641 4114 702 4162 ad
737 4113 1014 4161 Romanum
1041 4128 1242 4160 morem.
1301 4113 1508 4162 Notabis
1532 4129 1634 4162 mo-

515 4191 636 4234 rem,
663 4191 776 4224 aras
807 4179 900 4225 sub
935 4179 1106 4226 arbore
1137 4177 1256 4241 poni
1289 4177 1485 4236 solitas3
1517 4177 1637 4226 alibi

513 4239 568 4287 in
591 4243 742 4287 media
762 4255 888 4288 area.

583 4303 694 4360 516,
732 4305 842 4353 517.
877 4308 1108 4353 Sedebant
1149 4304 1460 4383 ἱκετεύουσαι,
1507 4305 1637 4354 unde

517 4369 629 4424 523,
665 4370 762 4415 haee
803 4383 892 4414 ara
935 4373 1150 4426 tuebitur,
1179 4372 1290 4431 jure
1323 4369 1553 4425 ἱκετεῖαι-ς
1588 4379 1639 4418 at

517 4431 754 4480 sedebant
771 4433 1086 4493 nequidquam,
1111 4387 1298 4482 n'uiium
1325 4434 1537 4484 fructum
1558 4450 1637 4482 sa·

1045 3929 1080 3977 t,
1097 3935 1152 3967 ιιι
1168 3919 1457 3983 impluvium
1477 3930 1637 3969 trans-

1698 3149 1815 3199 lutis
1850 3166 1877 3198 e
1912 3149 2005 3198 loci
2040 3149 2299 3198 sanctitate
2333 3149 2585 3198 habiturae.
2646 3151 2819 3198 Ρνοεὶ-

1694 3219 1832 3277 pt'tes,
1852 3213 2135 3263 devolantes
2156 3213 2219 3262 ad
2237 3213 2342 3262 loca
2366 3223 2483 3262 tuta.

1766 3280 1875 3327 519.
1910 3281 2045 3327 Mem
2078 3281 2199 3336 dira,
2234 3293 2343 3342 quse
2374 3277 2493 3336 dira,
2529 3277 2661 3326 male
2696 3278 2819 3326 omi-

1699 3354 1829 3400 nata,
1852 3342 2173 3392 abominanda
2194 3295 2395 3390 consilia
2414 3341 2579 3406 agitat.

1766 3409 1876 3456 525.
1912 3411 2057 3456 Sacra
2092 3410 2211 3465 sede,
2240 3421 2337 3466 ara,
2362 3423 2407 3454 v.
2435 3409 2545 3466 513,
2578 3416 2631 3454 et
2660 3409 2824 3463 altare,

1766 3536 1875 3584 526.
1910 3537 2085 3584 Polites
2100 3534 2247 3582 inter
2280 3533 2463 3584 Priami
2497 3533 2625 3582 filios
2650 3533 2821 3584 celeri-

1702 3608 1800 3648 tate
1835 3599 2015 3662 pedum
2054 3598 2260 3661 insignis
2300 3599 2420 3648 fuit:
2460 3597 2553 3646 vid.
2594 3599 2737 3648 Iliad.
2774 3603 2825 3655 β,

1701 3664 1810 3714 791.
1864 3663 1985 3725 Ejus
2028 3663 2196 3720 filium,
2245 3664 2508 3721 Priamum,
2550 3662 2827 3712 videbimus

1700 3728 1831 3776 inter
1852 3727 2027 3775 AEneae
2046 3727 2215 3775 socios
2226 3727 2313 3776 inf.
2332 3729 2511 3786 v,56·1-.

1767 3793 2037 3838 528-530,
2064 3793 2325 3840 Fortia-ibus
2350 3795 2511 3854 longis.
2554 3791 2610 3838 Si
2634 3791 2822 3840 Home-

1700 3855 1803 3904 rica
1821 3865 1871 3904 et
1889 3871 1987 3903 non
2004 3871 2093 3903 sua
2109 3856 2273 3918 potius
2289 3866 2507 3920 tempora
2520 3864 2721 3904 secutus
2736 3867 2825 3913 est.

1704 3921 1929 3968 deenen
1948 3919 2203 3982 expressit,
2228 3935 2335 3982 quae
2364 3920 2517 3978 αὔλὴν
2538 3921 2601 3968 ab
2621 3930 2828 3982 utraque

1702 3993 1842 4048 parte
1863 3983 2080 4030 ornabat.
2140 3985 2333 4034 Lustrat
2354 3985 2403 4032 h.
2426 3985 2458 4032 1.
2487 3984 2738 4041 discursum
2776 3993 2827 4034 et

1702 4065 1844 4098 vacua
1875 4063 1987 4095 cum
2016 4045 2212 4105 dilectu,
2236 4059 2293 4098 ut
2320 4048 2563 4112 significet
2590 4049 2831 4110 Trojanos

1696 4112 1799 4175 jam
1830 4112 1943 4186 fuga
1972 4110 2230 4175 dispersos.
2280 4111 2451 4175 Infesta
2484 4101 2673 4161 vulfum
2708 4117 2827 4162 inee-

1762 4181 1873 4234 itsr‚
1894 4175 2083 4234 infeste,
2106 4177 2271 4226 hostili
2298 4193 2447 4236 more,
2471 4187 2527 4226 ut
2548 4177 2764 4226 vulnus
2750 4193 2827 4226 ιιι-

1722 4249 1853 4296 e3rat
1886 4239 1975 4289 sed
1990 4241 2197 4290 alterum
2214 4242 2368 4291 multo
2389 4241 2544 4306 mag-is
2564 4241 2826 4318 poetimm.

1702 4308 1881 4353 Premit
1896 4309 2045 4362 hasta,
2066 4305 2357 4368 exquisitius
2380 4321 2525 4369 quam
2556 4305 2825 4382 transfigit:

1703 4369 1801 4418 cn·
1788 4385 1853 4428 ικ,
1876 4371 1986 4418 830.
2044 4369 2413 4444 Propi-iepram
2402 4373 2434 4417 t
2465 4375 2647 4419 hastan
2680 4369 2827 4432 isqui

1704 4449 1815 4484 eam
1850 4434 2027 4498 infigit,
2068 4433 2235 4497 adigit,
2262 4387 2581 4498 ἐρειδόμενοι.
2642 4434 2827 4483 Polites
