3050 4934
490 256 621 319 648

1386 256 1912 323 AENEIDOS

663 406 833 480 Quae
862 406 1190 491 quondam
1222 408 1289 471 in
1317 408 1554 485 bustis,
1585 418 1702 472 aut
1728 406 2115 473 culminibus
2145 406 2426 473 desertis

664 508 880 573 Nocte
913 508 1174 584 sedens,
1204 529 1421 573 serum
1448 510 1623 572 canit
1651 509 2022 592 importuna
2048 530 2170 592 per
2195 508 2494 585 umbras3

491 608 619 671 865
664 608 857 673 Hanc
886 631 1075 673 versa
1102 610 1168 671 in
1197 608 1447 686 faciem,
1481 607 1695 673 Turni
1725 630 1796 673 se
1825 610 2030 692 pestis
2063 610 2152 676 ob
2181 630 2298 673 ora

664 708 950 793 Fertque
982 708 1313 793 refertque
1345 732 1606 787 sonam,
1637 709 2045 794 clipeumque
2075 710 2418 775 everberat
2445 707 2588 773 alis·

664 809 762 873 Illi
794 813 1085 875 membra.
1112 833 1319 875 novus
1352 809 1543 874 solvit
1572 810 1913 876 formidine
1945 822 2204 895 torpor3

662 911 1089 997 Arrectaeque
1120 910 1393 977 horrore
1424 934 1650 988 comae,
1679 923 1748 976 et
1775 933 1904 975 vox
1935 913 2233 977 faucibus
2263 912 2474 977 haesit.

663 1011 780 1090 At,
811 1012 1041 1097 procul
1072 1024 1146 1077 ut
1174 1013 1359 1077 Dirae
1390 1014 1736 1079 stridorem
1763 1014 2028 1097 agnovit
2055 1024 2124 1077 et
2151 1013 2310 1091 alas,

489 1114 621 1177 870
665 1114 899 1180 Infelix
930 1116 1139 1179 crines
1170 1115 1407 1179 scindit
1435 1113 1722 1178 Juturna
1753 1114 2023 1190 solutOS,

666 1216 1017 1300 Unguibus
1049 1238 1167 1280 ora
1194 1236 1381 1279 soror
1410 1214 1689 1291 foedans,
1721 1206 1790 1280 et
1817 1226 2088 1299 pectora
2115 1215 2389 1299 pugnis:

666 1317 848 1389 Quid
877 1338 1049 1381 nunc
1078 1328 1145 1381 te
1174 1327 1310 1392 tus,
1343 1315 1595 1392 Turne,
1626 1327 1848 1400 potest
1875 1338 2186 1400 germana
2203 1316 2436 1399 juvare
2453 1318 2498 1381 2-

667 1417 809 1482 Aut
839 1418 997 1501 quid
1016 1419 1153 1502 jam
1180 1417 1366 1481 durae
1398 1429 1666 1501 superat
1691 1418 1890 1481 mihi?
1937 1439 2066 1502 qua
2096 1418 2214 1483 tibi
2253 1416 2462 1483 lucem

670 1517 839 1583 Arte
868 1520 1125 1583 morer&
1170 1517 1345 1581 talin’
1372 1540 1644 1601 possum
1669 1538 1772 1581 me
1803 1540 2136 1602 opponere
2163 1520 2495 1583 monstro?

495 1620 627 1685 875
668 1619 819 1684 Jam
839 1620 977 1704 jam
1006 1619 1228 1703 linquo
1258 1619 1451 1683 acies·
1528 1617 1638 1682 Ne
1669 1642 1770 1682 me
1801 1630 2044 1685 terrete
2075 1619 2424 1697 timentem,

670 1722 1026 1785 Obscoenae
1053 1718 1384 1784 volucres:
1432 1718 1678 1783 alarum
1707 1720 1982 1785 verbera
2015 1742 2238 1797 nosco,

671 1820 1143 1906 Lethalemque
1174 1842 1440 1897 sonum3
1486 1843 1606 1885 nec
1637 1819 1867 1886 fallunt
1887 1823 2078 1907 jussa
2107 1823 2394 1907 superba

672 1924 1077 2008 Magnanimi
1104 1922 1151 1986 J
1152 1923 1311 1987 ovis.
1388 1921 1558 1985 Hoec
1589 1944 1710 2006 pro
1740 1923 2106 2007 virginitate
2131 1924 2422 2006 reponit!

674 2024 829 2097 Quo
858 2027 1053 2089 vitam
1083 2024 1267 2089 dedit
1297 2026 1648 2087 internam?
1693 2046 1810 2089 cur
1837 2024 2062 2087 mortis
2093 2024 2352 2089 ademta
2377 2034 2482 2089 est

497 2126 631 2189 880
674 2126 1022 2190 conditio?
1068 2146 1329 2209 possem
1359 2134 1576 2189 tantos
1605 2123 1794 2187 finire
1823 2124 2078 2188 dolores

673 2225 869 2290 Nunc
898 2236 1099 2301 certe,
1132 2234 1201 2289 et
1226 2226 1463 2289 misero
1492 2224 1680 2288 fratri
1707 2246 1922 2289 comes
1953 2226 2046 2289 ire
2075 2246 2196 2309 per
2223 2227 2508 2290 umbras·

672 2326 1057 2391 Immortalis
1087 2330 1256 2411 ego?
1302 2336 1417 2391 aut
1444 2327 1798 2411 quidquam
1825 2325 1982 2390 mihi
2009 2325 2199 2391 dulce
2229 2318 2516 2391 meorum

672 2428 779 2494 Te
810 2429 973 2505 sine,
1004 2426 1229 2505 frater,
1258 2429 1431 2493 erit?
1480 2428 1546 2491 O
1574 2448 1722 2511 quoe
1753 2428 1908 2490 satis
1939 2426 2070 2492 alta
2098 2426 2394 2492 dehiscat
2555 2422 2563 2427 ’

668 2530 885 2595 Terra
910 2529 1089 2608 mihi,
1122 2529 1490 2613 Manesque
1518 2528 1708 2592 deam
1740 2529 2038 2593 demittat
2065 2528 2152 2592 ad
2177 2529 2383 2593 imos?

497 2634 629 2697 885
670 2632 960 2697 Tantum
988 2630 1209 2707 effata,
1238 2640 1440 2714 caput
1466 2629 1700 2714 glauco
1727 2629 2018 2694 contexit
2045 2630 2284 2693 amictu

672 2732 889 2798 Multa
917 2753 1205 2817 gemenS,
1236 2741 1307 2795 et
1335 2752 1405 2793 se
1436 2730 1634 2795 fluvio
1663 2729 1790 2794 dea
1818 2732 2110 2795 condidit
2138 2730 2290 2795 alto·

756 2832 1009 2896 AEneas
1038 2833 1237 2895 instat
1266 2842 1515 2907 contra,
1549 2829 1876 2914 telumque
1911 2842 2212 2896 coruscat

670 2932 912 3014 Ingens
943 2934 1310 3008 arboreum,
1339 2943 1410 2995 ‘et
1438 2954 1612 2997 soevo
1643 2933 1737 2996 sic
1766 2943 2032 3017 pectore
2065 2932 2271 2995 fatur:

499 3176 616 3209 num
655 3174 762 3209 esse
801 3174 831 3208 a
862 3160 1071 3217 bubone,
1112 3174 1255 3222 quem
1300 3158 1472 3223 grandi
1512 3174 1621 3209 esse

497 3240 699 3288 corpore
737 3224 855 3274 satis
902 3234 1105 3273 constat.
1164 3224 1233 3272 Et
1274 3224 1434 3287 potuit
1475 3239 1622 3301 poeta

498 3302 690 3338 noctuae
728 3304 884 3353 genus
933 3288 1141 3352 aliquod,
1189 3304 1233 3337 v.
1281 3304 1321 3337 c.
1368 3288 1622 3338 minimam

497 3353 632 3401 illam
654 3366 895 3411 noctuam,
920 3370 1065 3417 quam
1073 3352 1318 3417 fitur-eam
1334 3352 1518 3411 dicunt,
1541 3354 1620 3402 in-

498 3418 733 3481 telligere.
792 3418 999 3481 Reliqua
1034 3428 1197 3465 tamen
1228 3418 1407 3465 buboni
1430 3434 1620 3466 accom-

496 3483 767 3532 modatiora
788 3492 929 3532 sunt:
966 3482 1024 3530 cf.
1053 3481 1178 3530 Plin.
1206 3496 1253 3539 x,
1284 3483 1357 3539 12,
1382 3496 1421 3529 s.
1450 3483 1537 3537 163
1574 3492 1624 3530 et

496 3547 568 3596 sic
609 3564 716 3612 sup.
764 3548 828 3605 iv,
874 3547 985 3605 462,
1032 3546 1142 3595 463.
1220 3546 1391 3607 Itaque
1431 3562 1624 3607 parvam

496 3611 826 3675 comparative
860 3610 1223 3674 accipiendum=
1274 3609 1364 3658 dea
1408 3620 1624 3658 mutatur

496 3674 549 3723 in
572 3691 728 3733 avem,
752 3692 951 3739 parvam
974 3684 1199 3739 respectu
1221 3673 1339 3722 deae.
1398 3676 1622 3733 Subitam,

496 3738 1334 3861 {31503252015021332243‘22’2’
1380 3738 1624 3868 ³301}ssssss

494 3868 558 3917 de
578 3884 633 3917 re
654 3868 707 3917 in
732 3868 971 3917 minorem
992 3866 1206 3931 speciem
1228 3876 1425 3915 mutata.

561 3934 671 3982 864.
705 3936 988 3997 Impar-tima,
1016 3941 1159 3980 nocte
1194 3931 1501 3995 intempesta,
1525 3932 1618 3979 im-

494 4006 718 4063 portuna-

562 4063 671 4110 869.
708 4064 973 4119 stridorem,
999 4060 1133 4109 vocis
1170 4074 1343 4108 sonum
1376 4058 1617 4123 interpre-

496 4134 629 4174 tatur
651 4126 865 4174 Servius.
924 4125 1109 4174 Melius
1130 4125 1193 4173 ad
1212 4126 1314 4172 alas
1330 4124 1511 4172 retrahi
1531 4138 1618 4188 po-

496 4190 624 4237 terit.

561 4252 655 4302 878
676 4270 779 4316 sqq.
816 4256 961 4303 Dum
982 4253 1117 4311 mihi,
1143 4270 1251 4317 quae
1279 4251 1497 4301 sustineo
1518 4251 1616 4300 fra-

494 4326 619 4428 grem
656 4332 856 4366 cernere
888 4318 942 4367 in
976 4318 1203 4367 ultimum
1242 4317 1505 4367 discrimen
1529 4318 1615 4366 ad-

530 4389 709 4428 uctum.

560 4443 669 4494 876.
710 4446 940 4499 Obscoenoe
980 4446 1107 4493 mule
1128 4446 1369 4494 ominata.
1434 4447 1620 4495 Ter-rete

1685 3162 1886 3209 volucres
1901 3180 1918 3215 ,-
1969 3159 2209 3209 invidiose
2253 3158 2392 3217 dixit,
2431 3174 2548 3208 niun
2585 3172 2688 3209 una
2727 3168 2822 3220 eet.

1685 3225 1846 3288 inquit
1881 3226 2017 3273 Serv.
2077 3224 2276 3273 Poeuun
2318 3225 2412 3272 hoc
2455 3224 2518 3272 sd
2553 3225 2824 3287 exquisiti·

1687 3304 1821 3337 orem
1853 3289 2122 3337 orationem
2155 3288 2402 3353 pertinere
2437 3288 2636 3346 vidisse,
2659 3289 2706 3337 si
2729 3306 2825 3354 pro

1687 3352 1954 3428 individuis
1975 3368 2146 3415 genus,
2165 3368 2254 3417 pro
2275 3368 2374 3401 uno
2391 3352 2572 3417 plures,
2589 3364 2821 3417 poneret,

1687 3417 2158 3557 ωέῗῖιῗιῐὶῗέῗῖὲαζ
2183 3417 2424 3530 aaz&
2449 3496 2546 3539 me,
2577 3480 2692 3529 fieri
2715 3482 2824 3531 hnc

1687 3546 1718 3595 J
1723 3560 1828 3595 ovis
1849 3560 2052 3594 numme
2071 3562 2128 3594 ac
2149 3546 2412 3594 voluntate.

1754 3611 2026 3660 878—880.
2051 3613 2250 3672 Reponu
2263 3610 2452 3658 doctius
2469 3624 2618 3672 quum
2633 3624 2820 3674 repen-

1688 3674 1773 3722 dit.
1833 3674 2266 3738 Expostulationes
2287 3673 2472 3722 similes
2489 3673 2622 3737 apud
2644 3688 2822 3737 poetas

1689 3754 1819 3803 soepe
1833 3748 2107 3795 occurrunt,
2124 3748 2178 3786 ut
2191 3748 2244 3786 et
2258 3738 2468 3801 querelae
2480 3738 2543 3786 de
2559 3738 2820 3787 immorta-

1686 3803 1824 3851 litate
1861 3818 1950 3851 seu
1987 3802 2167 3860 inutili,
2207 3818 2296 3851 seu
2329 3802 2458 3851 votis
2495 3801 2686 3851 intesta.
2751 3803 2824 3851 Et

1686 3869 1867 3916 habent
1889 3866 1987 3915 illae
2009 3866 2192 3929 aliquid
2213 3867 2343 3930 quod
2363 3866 2426 3915 sd
2448 3866 2822 3915 miserationem

1687 3932 1882 3995 egregie
1903 3932 2033 3979 facit.

1767 3998 1877 4043 882.
1953 3998 2210 4058 Quidquam
2275 4012 2487 4053 morum,
2553 3994 2818 4069 quiequam

1687 4074 1864 4117 meum,
1887 4060 1989 4108 ulla
2007 4074 2118 4107 mea
2137 4074 2243 4108 res:
2269 4074 2400 4107 nunc
2422 4058 2785 4108 immortalitas.

1751 4126 1862 4183 885,
1887 4125 1998 4172 886.
2035 4124 2266 4189 Nympha
2299 4140 2354 4173 se
2387 4123 2441 4172 in
2463 4122 2652 4171 fontem
2669 4138 2818 4173 suum

1684 4204 1741 4237 ac
1783 4188 1944 4237 lacum
1987 4188 2216 4243 immisit3
2269 4204 2414 4251 quem
2445 4190 2644 4248 flumin·
2681 4202 2818 4237 nme

1685 4254 1825 4311 dixit,
1850 4252 2241 4317 quandoquidem
2281 4260 2332 4300 et
2357 4252 2538 4301 fluvius
2555 4250 2674 4301 inde

1683 4316 1770 4366 dit.
1827 4316 1998 4366 Simile
2027 4317 2306 4381 exemplum
2330 4316 2524 4365 Tiberis
2555 4330 2610 4365 se
2643 4314 2698 4363 in
2717 4316 2814 4365 flu-

1683 4382 1818 4431 vium
1839 4382 2150 4431 immittentis
2171 4380 2268 4429 vid.
2293 4380 2396 4439 viii,
2419 4381 2498 4429 66.

1750 4447 1844 4497 887
1869 4462 1972 4509 sqq.
2009 4447 2171 4508 Mnjor
2192 4456 2269 4495 est
2289 4445 2440 4495 totius
2459 4444 2556 4495 loci
2577 4444 2816 4503 navitas.
