3050 4934
1201 251 1542 316 LIBER.
1587 250 1720 315 VI.

2484 255 2614 317 399

312 402 435 465 185
480 401 703 484 Atque
734 400 877 464 haec
906 401 1047 485 ipse
1080 423 1199 464 suo
1230 403 1399 466 tristi
1430 425 1574 466 cum
1603 402 1802 466 corde
1831 401 2102 477 volutat,

478 502 899 586 Adspectans
931 501 1153 566 silvam
1177 505 1574 579 immensam,
1605 513 1672 566 et
1704 505 1796 566 sic
1825 523 1982 566 voce
2011 514 2356 587 precatur:

480 604 552 666 Si
576 625 748 667 nunc
780 625 851 666 se
880 604 1067 667 nobis
1098 603 1203 667 ille
1230 626 1469 668 aureus
1499 605 1734 668 arbore
1765 625 1982 666 ramus

481 702 811 766 Ostendat
840 725 1100 767 nemore
1128 704 1194 768 in
1224 708 1443 768 tanto!
1492 705 1756 788 quando
1785 705 1997 768 onmia
2025 725 2176 768 vere

437 816 441 824 '
480 803 636 867 Heu
664 804 927 867 nimium
958 805 1041 868 de
1073 815 1139 870 te
1170 815 1375 882 vates,
1407 805 1690 882 Misene‚
1723 804 1942 868 locuta
1971 808 2109 869 est!

317 904 437 966 190
481 903 615 966 Vix
640 926 719 967 ea
748 903 923 968 fatus
952 915 1115 982 erat,
1148 907 1421 988 gemina}
1449 927 1650 989 quum
1681 905 1848 969 forte
1879 904 2194 970 columboe

483 1004 637 1087 Ipsa
667 1006 791 1069 sub
822 1027 937 1070 ora
964 1007 1083 1069 viri
1113 1005 1280 1070 coelo
1308 1027 1546 1070 venere
1575 1005 1892 1081 volantes,

484 1104 575 1168 Et
604 1105 791 1169 viridi
822 1107 1051 1171 sedere
1084 1105 1243 1170 solo.

1320 1106 1495 1170 Tum
1524 1128 1864 1171 maxumus
1895 1105 2088 1170 heros

488 1205 827 1269 Maternas
858 1207 1153 1289 agnoscit
1180 1228 1357 1284 aves,
1388 1206 1709 1290 laetusque
1739 1218 2081 1290 precatur:

485 1305 651 1370 Este
683 1306 907 1382 duces,
940 1328 1004 1382 0,
1036 1306 1091 1368 si
1121 1327 1253 1389 qua
1280 1307 1383 1369 via
1409 1317 1536 1384 est,
1567 1329 1958 1391 cursumque
1986 1329 2108 1391 per
2137 1329 2328 1372 auras

320 1406 441 1468 195
484 1405 767 1489 Dirigite
797 1405 863 1468 in
892 1404 1098 1481 lucos,
1129 1407 1243 1470 ubi
1274 1407 1582 1490 pinguem
1611 1408 1794 1472 dives
1825 1419 2060 1491 opacat

483 1507 733 1571 Remus
764 1506 1051 1570 humum.
1130 1506 1393 1590 Tuque,
1426 1529 1490 1583 0,
1524 1507 1740 1572 dubiis
1770 1529 1852 1571 ne
1883 1507 2094 1573 defice
2121 1511 2318 1574 rebus
2325 1556 2343 1587 ,

485 1608 660 1671 Diva
688 1629 949 1690 parens.
1026 1607 1136 1671 Sic
1166 1605 1403 1672 effatus
1435 1609 1709 1692 vestigia
1739 1609 2012 1691 pressit3

488 1709 867 1773 Observans
896 1730 1045 1791 quae
1076 1709 1261 1792 signa
1288 1707 1525 1785 ferant,
1554 1731 1686 1792 quo
1717 1709 1986 1772 tendere
2017 1721 2315 1793 pergant.

487 1809 841 1874 Pascentes
869 1806 995 1871 illae
1024 1818 1275 1873 tantum
1305 1810 1568 1893 prodire
1600 1807 1900 1885 voland0,

316 1911 445 1974 200
488 1909 824 1983 Quantum
854 1910 991 1974 acie
1018 1921 1292 1993 possent
1320 1909 1491 1975 oculi
1522 1931 1781 1974 servare
1815 1920 2219 1993 sequentum.

488 2011 675 2088 Inde,
707 2012 821 2075 ubi
850 2032 1085 2075 venere
1114 2012 1198 2075 ad
1229 2010 1449 2076 fauces
1482 2010 1916 2096 graveolentis
1945 2009 2216 2088 Averni,

488 2112 761 2176 Tollunt
790 2133 859 2176 se
891 2111 1172 2189 celeres;
1218 2112 1662 2196 liquidumque
1694 2132 1812 2196 per
1843 2135 1996 2176 aera
2025 2111 2224 2196 lapsae

488 2214 771 2278 Sedibus
802 2213 1041 2296 optatis
1070 2214 1342 2296 geminae
1372 2235 1572 2298 super
1601 2214 1834 2276 arbore
1865 2213 2110 2290 sidunt,

490 2313 794 2378 Discolor
822 2313 996 2376 unde
1025 2315 1169 2377 auri
1198 2335 1317 2398 per
1344 2336 1558 2380 ramos
1588 2335 1749 2377 aura
1776 2312 2050 2378 refulsit.

318 2417 447 2480 205
491 2413 705 2488 Quale
732 2412 899 2478 solet
930 2412 1103 2477 silvis
1132 2413 1407 2478 brumali
1436 2413 1680 2497 frigore
1709 2414 1954 2478 viscum

488 2516 747 2580 Fronde
779 2515 983 2578 virere
1012 2537 1199 2592 nova,
1232 2515 1411 2598 quod
1440 2535 1572 2578 non
1604 2537 1724 2578 sua
1754 2513 2025 2577 seminat
2054 2514 2273 2590 arbos,

492 2617 585 2680 Et
614 2637 845 2680 croceo
872 2613 1039 2680 foetu
1069 2625 1309 2681 teretes
1342 2616 1744 2680 circumdare
1774 2625 2075 2678 truncos:

488 2717 671 2782 Talis
700 2727 841 2781 erat
872 2717 1121 2800 species
1154 2719 1295 2780 auri
1324 2716 1686 2781 frondentis
1717 2737 1924 2799 opaca

490 2819 679 2895 Ilice3
728 2819 819 2881 sic
848 2816 978 2879 leni
1006 2818 1370 2898 crepitabat
1398 2818 1666 2880 bractea
1694 2827 1908 2880 vento·

318 2921 448 2984 210
491 2919 779 3004 Corripit
806 2917 1058 2980 AEneas
1089 2915 1439 3001 extemplo,
1472 2917 1830 3000 avidusque
1861 2913 2156 3000 refringit

492 3021 941 3093 Cunctantem,
975 3027 1043 3081 et
1074 3018 1236 3080 vatis
1267 3028 1487 3101 portat
1518 3018 1642 3080 sub
1673 3027 1847 3081 tecta
1875 3015 2160 3100 Sibyllae.

578 3120 723 3184 Nec
752 3119 961 3182 minus
992 3119 1238 3181 interea
1269 3117 1600 3181 Misenum
1629 3118 1695 3180 in
1722 3115 1938 3181 littore
1971 3117 2216 3183 Teucri

389 3360 656 3412 187—189.
692 3361 745 3408 Si
756 3373 889 3414 nnnc,
905 3356 1093 3406 utinam
1108 3371 1254 3413 nunc,
1274 3366 1330 3404 ut
1351 3357 1438 3404 Gr.

320 3426 377 3483 εὶ,
402 3425 445 3472 εἰ
464 3423 571 3486 γάρ.
628 3425 686 3471 Se
707 3423 929 3478 ostendat,
945 3430 1177 3485 appareat
1200 3429 1319 3475 etc.;
1348 3435 1440 3468 nec

318 3500 485 3540 tamen
505 3487 839 3542 dubitandum,
874 3485 1021 3534 etiam
1043 3485 1245 3532 alteram
1266 3483 1437 3533 vatici-

1504 3353 1748 3430 splendor.
1798 3358 1932 3402 Aura
1945 3355 2006 3402 de
2021 3356 2222 3406 luminis
2236 3360 2627 3409 reverberatione

1504 3427 1842 3530 exggffssoeioa
1881 3483 1958 3530 De
1990 3483 2138 3541 visco,
2173 3484 2346 3533 susce
2383 3487 2628 3549 glutinosa

320 3552 393 3602 nii
432 3562 621 3617 partem
655 3552 745 3600 hac
780 3551 952 3598 arbore
984 3549 1185 3597 inventa
1208 3557 1439 3598 eventum
1502 3547 1556 3595 in
1580 3561 1766 3609 querno
1787 3547 2012 3594 arborum
2034 3563 2228 3609 genere,
2253 3563 2344 3596 nec
2367 3550 2529 3600 minus
2553 3563 2624 3600 ta-

318 3633 429 3668 esse
450 3617 737 3672 habituram,
760 3617 939 3676 quando
960 3623 1051 3662 etc.

392 3683 483 3730 190
518 3695 619 3743 sqq.
672 3680 866 3742 Dignus
910 3677 995 3726 tali
1034 3676 1227 3726 vindice
1270 3677 1441 3725 nodus.

320 3749 531 3796 Ostento
564 3744 640 3792 vel
676 3741 879 3807 augurio
913 3741 1075 3803 aliquo
1114 3757 1193 3790 res
1226 3741 1444 3804 profecto

321 3827 451 3860 nunc
470 3808 795 3858 cummaxime
812 3815 915 3854 erat
928 3804 1244 3870 expedienda.
1287 3805 1443 3861 Quale

321 3885 485 3924 autem
504 3873 638 3922 aliud
653 3869 1059 3920 accommodatius
1076 3885 1219 3932 quam
1236 3868 1445 3916 Veneris

318 3939 491 3992 insu-is
520 3939 667 3986 aves?
714 3935 806 3984 etsi
836 3933 1037 3982 omnino
1056 3933 1267 3982 faustum
1289 3941 1341 3981 et
1360 3933 1443 3981 lae-

319 4015 426 4054 tum
444 4004 537 4050 hoc
559 3999 843 4065 auspicium.

388 4067 657 4122 loa—198.
718 4067 807 4112 Ubi
840 4066 1021 4110 hunum
1049 4069 1223 4123 opacat,
1262 4069 1445 4118 ornate,

318 4133 403 4181 ubi
418 4146 593 4180 aureus
606 4143 770 4177 ramus
788 4137 875 4176 est.
917 4130 1029 4180 Qua
1041 4129 1191 4190 signa,
1202 4126 1343 4188 quale
1356 4141 1441 4173 au-

318 4196 529 4260 gurium,
552 4193 671 4256 quid
690 4191 963 4241 ostendant.

386 4260 659 4308 2⁰1—204.
696 4258 857 4305 Arbor
882 4257 1041 4304 stabat
1075 4253 1127 4301 in
1158 4253 1266 4316 ipsa
1290 4252 1441 4302 valle:

322 4324 419 4373 vid.
460 4339 507 4372 v.
557 4323 663 4370 139.
738 4323 931 4369 Sedibus
974 4321 1145 4380 optatis
1184 4316 1444 4380 eleganter,

322 4390 494 4438 arba-e
511 4403 656 4450 quam
676 4385 841 4434 volatu
862 4383 1118 4449 petierant.
1170 4384 1295 4430 Auru·
1312 4397 1443 4438 aura,

1505 3627 1622 3659 men
1643 3610 1694 3658 in
1718 3610 1828 3658 aliis
1843 3610 2108 3667 arboribus,
2123 3611 2272 3659 ramis
2289 3615 2452 3662 enasci
2469 3616 2556 3664 soli
2563 3626 2625 3675 to,

1506 3675 1637 3724 unde
1657 3675 1900 3736 glutinum
1930 3683 2141 3737 paratur,
2176 3691 2240 3724 ex
2259 3675 2462 3726 historia
2483 3690 2625 3729 natu-

1508 3739 1598 3788 rali
1633 3738 1768 3786 notio
1800 3738 2026 3802 petenda.
2085 3739 2132 3786 N
2137 3749 2230 3788 σιω
2264 3751 2380 3788 sunt
2403 3743 2625 3805 antiquo-

1506 3819 1632 3860 rum,
1657 3802 1868 3850 maxime
1895 3819 1924 3850 a
1957 3803 2160 3852 Druidis
2197 3805 2418 3868 vulgatae,
2455 3822 2625 3871 super-

1510 3867 1570 3917 sti
1579 3867 1746 3916 tiones.
1805 3864 2218 3930 analifrigore,
2237 3877 2352 3917 tunc
2373 3870 2505 3918 enim
2524 3885 2626 3920 ma-

1511 3942 1674 3982 turum
1697 3940 1785 3980 est.
1846 3933 1977 3984 Quod
1995 3950 2082 3980 non
2111 3949 2198 3980 sua
2231 3936 2456 3981 seminant
2481 3937 2628 3992 arbos,

1510 4011 1576 4046 ex
1610 4005 1775 4045 vetere
1813 3995 2057 4060 opinione,
2094 3996 2214 4045 falsa
2267 4007 2443 4046 tamen.
2501 3999 2632 4048 Satis

1512 4077 1642 4110 nunc
1681 4069 1873 4108 constat
1907 4061 2124 4124 plantam
2161 4077 2268 4110 esse
2309 4061 2630 4126 parasiticam,

1508 4128 1648 4187 cujus
1668 4124 1857 4172 semina
1890 4139 2004 4172 aves
2037 4135 2290 4188 appetunt,
2315 4136 2366 4175 et
2384 4127 2632 4176 interdum

1508 4199 1668 4238 rostro
1689 4197 1934 4252 asportata
1954 4189 2005 4235 in
2039 4189 2188 4236 ramis
2207 4191 2434 4240 arborum
2457 4201 2508 4240 et
2521 4209 2630 4240 cor-

1510 4253 1606 4302 tice
1619 4252 1884 4314 deponunt.
1916 4249 2219 4312 Croceofoetu,
2231 4269 2295 4302 ex
2307 4265 2482 4304 natura
2493 4256 2629 4305 visci.

1577 4317 1686 4364 211.
1727 4318 2036 4372 Cunctantem,
2061 4331 2190 4365 nunc
2213 4328 2375 4375 ornat3
2401 4329 2458 4368 ut
2479 4328 2630 4380 tenax,

1512 4383 1662 4428 lenm
1679 4397 1695 4424 .·
1729 4379 1788 4427 cf.
1811 4380 1932 4428 Geo.
1956 4379 2008 4435 ii,
2034 4381 2142 4428 286.
