3050 4934
503 216 584 279 16

1329 212 1978 279 BUCOLICON

668 364 818 429 Nec
847 385 1238 449 quemquam
1267 362 1484 448 fugioz
1529 373 1804 441 tantum,
1836 363 2042 428 vicine
2074 359 2427 436 Palaemon,

671 465 990 530 Sensibus
1018 465 1162 528 haec
1193 464 1358 542 inne,
1391 487 1496 530 res
1527 476 1633 530 est
1660 487 1793 530 non
1822 487 2047 549 parva,
2079 485 2383 548 reponas·

539 567 626 630 55
671 565 839 629 ΡΜ..
888 565 1146 630 Dicite:
1195 566 1725 651 quandoquidem
1752 567 1821 629 in
1849 566 2023 630 molli
2053 564 2467 630 consedimus
2498 561 2742 639 herba;

672 667 766 730 Et
794 689 965 731 nunc
995 667 1200 730 omnis
1233 687 1413 750 ager,
1446 689 1620 732 nunc
1650 669 1855 731 omnis
1886 667 2169 751 parturit
2197 666 2418 741 arbos,

669 767 871 831 Nunc
901 766 1212 830 frondent
1239 766 1438 843 silvae,
1473 791 1645 832 nunc
1678 767 2178 832 formosissimus
2208 787 2441 830 annus.

672 867 920 950 Incipe,
957 866 1302 942 Damoeta3
1349 877 1421 928 tu
1451 867 1691 930 deinde
1720 889 2019 949 sequere,
2054 866 2381 932 Menalca.

674 966 963 1032 Alternis
997 966 1264 1042 dicetis;
1311 978 1528 1030 amant
1558 965 1809 1030 alterna
1840 966 2191 1030 Camoenae.

539 1071 628 1134 60
673 1070 865 1133 ΒΑΜ.
915 1065 1027 1130 Ab
1056 1065 1224 1130 Jove
1257 1066 1645 1150 principium
1676 1066 1930 1130 Musae:
1976 1065 2163 1130 Jovis
2194 1070 2409 1130 omnia
2438 1066 2652 1150 plena.

674 1168 792 1235 Ille
825 1166 978 1233 colit
1007 1179 1251 1245 terras3
1298 1165 1388 1229 illi
1417 1189 1561 1230 mee.
1591 1167 1876 1231 earmina
1904 1187 2100 1230 curae.

678 1269 876 1334 ΜΕΝ.
928 1268 1022 1332 Et
1051 1289 1152 1330 me
1187 1265 1485 1330 Phoebus
1517 1277 1724 1330 amat:
1777 1267 2037 1331 Phoebo
2070 1288 2190 1330 sua
2222 1288 2480 1351 semper
2508 1264 2687 1349 apud
2718 1284 2829 1326 me

675 1370 958 1435 Munera
989 1377 1162 1444 sunt,
1193 1367 1382 1444 lauri,
1414 1377 1482 1430 et
1513 1389 1711 1432 suave
1740 1368 1985 1431 rubens
2016 1367 2428 1451 hyacinthus·

677 1473 869 1536 Dm.
918 1469 1102 1534 Malo
1131 1492 1232 1534 me
1266 1467 1549 1534 Galatea
1578 1470 1765 1554 petit,
1797 1469 2037 1534 lasciva
2062 1467 2318 1553 puella3

547 1576 635 1638 65
681 1573 776 1636 Et
805 1573 974 1656 fugit
1003 1571 1089 1636 ad
1121 1570 1374 1647 saliceS,
1405 1580 1475 1634 et
1503 1591 1577 1634 se
1608 1570 1793 1655 eupit
1818 1580 1971 1634 ante
2002 1570 2229 1633 videri.

678 1674 874 1738 ΜΕΝ.
924 1671 1022 1736 At
1049 1671 1207 1736 mihi
1238 1693 1383 1736 sese
1410 1669 1609 1736 offert
1634 1671 1831 1748 ultro,
1862 1693 2045 1736 meus
2074 1671 2267 1755 ignis,
2304 1669 2659 1756 Amyntam

675 1775 918 1838 Notior
947 1784 1021 1837 ut
1037 1775 1178 1857 jam
1210 1774 1293 1836 sit
1322 1772 1595 1836 canibus
1624 1795 1755 1836 non
1785 1771 1982 1836 Delia
2010 1773 2273 1836 nostris·

677 1877 868 1940 ΒΑΜ.
919 1874 1119 1939 Parta
1147 1897 1308 1937 meae
1331 1872 1582 1938 Veneri
1614 1883 1768 1937 sunt
1797 1895 2103 1950 munem3
2150 1895 2427 1958 namque
2456 1875 2676 1938 notavi

678 1978 831 2062 Ipse
863 1974 1098 2052 locum,
1131 1975 1325 2038 aeriae
1357 1997 1488 2058 quo
1518 1995 1909 2058 congessere
1940 1973 2301 2058 palumbes·

549 2081 638 2144 70
681 2079 878 2144 ΜΕΝ.
928 2077 1132 2150 Quod
1161 2079 1371 2161 potui,
1404 2099 1613 2161 puero
1646 2075 1923 2141 silvestri
1954 2099 2039 2141 ex
2068 2077 2304 2142 arbore
2332 2076 2504 2142 lecta

679 2179 908 2245 Aurea
935 2177 1104 2242 mala
1134 2177 1360 2243 decem
1382 2178 1565 2256 misi;
1612 2200 1756 2242 eras
1787 2177 1992 2242 altera
2022 2179 2292 2241 mittam.

573 2418 651 2465 53.
687 2417 788 2464 Nee
826 2431 1090 2477 quemquam
1114 2411 1268 2477 fungia,
1303 2413 1522 2478 judicem
1556 2429 1633 2462 re-

505 2497 642 2530 cuso.

573 2546 636 2593 56
655 2560 756 2608 sqq.
793 2547 861 2592 Et
881 2561 1000 2592 nune
1017 2546 1161 2591 omnis
1175 2560 1192 2590 .·
1227 2559 1290 2591 ex
1311 2541 1466 2590 Bione
1492 2542 1635 2606 Idyn.

509 2609 574 2668 vi,
605 2610 679 2667 17,
715 2609 832 2671 εἴαρι
853 2607 1012 2656 πάντα
1035 2605 1152 2663 κύει,
1175 2603 1316 2654 πάντ’
1339 2607 1490 2668 εἴαρος
1521 2604 1640 2654 &Aa

509 2675 732 2730 βλαστεῒ.
789 2672 864 2720 Cf.
893 2671 1076 2755 Popius
1099 2671 1286 2719 Pastor.
1309 2669 1374 2727 iv,
1399 2672 1444 2718 5.

576 2738 654 2785 59.
689 2739 914 2793 Alternis,
939 2738 984 2784 δι
1017 2733 1288 2795 ἀμοιβαίων,
1307 2735 1514 2782 Theocr-
1535 2733 1636 2793 viii,

509 2802 586 2848 61.
643 2803 818 2848 Amant
834 2803 1018 2848 alterna
1042 2803 1266 2848 Camoenae
1283 2817 1299 2845 .-
1334 2807 1505 2846 notum
1528 2800 1637 2846 Ho-

509 2865 635 2914 meri
670 2864 808 2912 Iliad.
844 2883 888 2922 a,
913 2865 1026 2920 604,
1063 2860 1297 2912 Μουσάων
1326 2862 1380 2920 θ’,
1407 2862 1454 2910 &a
1485 2863 1643 2912 ἄειδον

511 2927 822 2990 ἀμειβόμεναι
854 2927 933 2977 ὀπὶ
966 2927 1108 2991 καλῇ.
1177 2926 1254 2975 Cf.
1294 2927 1398 2975 Ecl.
1441 2926 1522 2984 vii,
1564 2929 1638 2985 18,

579 3059 656 3106 60.
711 3059 836 3106 Esse
875 3058 1007 3105 hune
1051 3071 1246 3104 versum
1287 3071 1355 3102 ex
1395 3054 1641 3120 principio

515 3123 956 3171 Phaenomenorum
999 3119 1144 3168 Arati
1187 3119 1488 3177 transituum,
1536 3123 1641 3180 jam

511 3186 711 3234 Servius
755 3184 974 3240 monuit;
1031 3198 1307 3246 quanquam
1353 3183 1567 3232 colorem
1612 3200 1639 3232 e

509 3251 715 3298 Theocr.
731 3265 776 3306 v,
793 3250 1002 3304 80—83,
1017 3256 1268 3296 mutuatus
1281 3263 1403 3304 esse,
1415 3257 1467 3296 et
1481 3249 1640 3310 quoad

511 3313 672 3378 prima
691 3315 842 3362 verba
869 3311 1148 3376 respexisse
1183 3312 1245 3359 ad
1280 3311 1422 3376 Idyll.
1448 3311 1567 3370 xvii,
1596 3315 1637 3370 1,

512 3377 670 3426 videri
690 3386 882 3442 potest3
917 3385 970 3424 et
992 3392 1021 3424 a
1052 3375 1278 3424 laudibus
1299 3375 1438 3424 sevis
1459 3376 1636 3424 carmi-

513 3457 632 3490 num
671 3441 868 3489 initium
899 3442 1060 3488 facere
1098 3439 1317 3489 sollenne
1351 3439 1639 3503 antiquiori-

511 3507 626 3555 bus:
652 3506 750 3554 vid.
770 3505 967 3553 Pindar.
989 3505 1134 3552 Nem.
1151 3503 1247 3552 od.
1270 3506 1300 3551 2
1318 3503 1471 3568 princ.
1513 3503 1639 3552 Dix-

513 3580 621 3620 erat
651 3586 768 3619 vero
802 3570 1000 3627 Aratus,
1025 3571 1152 3617 Jovis
1181 3571 1331 3616 emnia
1355 3571 1499 3630 plena
1531 3585 1639 3626 esee,

509 3651 576 3684 ex
599 3635 874 3683 Stoicorum
895 3643 1076 3692 mente,
1097 3633 1214 3681 dum
1233 3632 1446 3681 aninmm
1471 3633 1643 3682 mundi

513 3699 823 3763 intelligeret,
848 3715 956 3772 quae
975 3697 1262 3746 universum
1289 3698 1382 3746 hoe
1415 3713 1638 3762 permea-

511 3773 602 3821 ret,
627 3763 688 3812 cf.
711 3765 832 3811 Geo.
857 3777 923 3818 iv,
945 3763 1068 3817 220;
1093 3761 1348 3809 audiverat
1371 3761 1504 3810 enim
1527 3763 1638 3810 Sto-

509 3828 626 3884 icos,
646 3825 938 3890 Dionysium
959 3824 1317 3881 Heracleotam,
1329 3833 1380 3872 et
1393 3824 1642 3873 Persaeum

511 3891 741 3940 Citieum.
794 3892 1028 3939 Attamen
1047 3888 1100 3936 in
1123 3887 1308 3936 indocti
1329 3887 1541 3964 pastoris
1557 3903 1641 3936 ore

509 3955 739 4003 videntur
759 3955 863 4003 hoec
885 3952 1030 4002 nimis
1053 3968 1160 4001 esse
1177 3951 1388 4000 subtiha.
1423 3951 1640 4001 Omnino

509 4017 632 4067 illud
649 4018 808 4067 πάντα
827 4021 946 4068 θεῶν
965 4017 1127 4079 πλήρη
1150 4014 1268 4065 εἶναι
1285 4016 1418 4065 varia
1437 4025 1635 4064 senten-

513 4083 580 4130 tia
603 4081 785 4130 dictum
813 4081 1037 4140 occurrit,
1063 4081 1235 4131 saltem
1269 4079 1399 4129 inter
1419 4080 1635 4144 philoso-

509 4147 661 4211 phos;
697 4155 754 4194 ut
773 4146 970 4194 difficile
991 4147 1057 4196 sit
1074 4145 1295 4203 definire,
1319 4161 1416 4208 quo
1437 4160 1587 4194 sensu
1609 4161 1639 4194 a

510 4219 658 4274 poeta
680 4210 889 4273 pastoris
911 4227 996 4259 ore
1019 4211 1204 4260 dictum
1225 4210 1302 4258 sit.

578 4274 654 4322 61.
697 4277 852 4322 Colere
871 4283 1021 4323 terras
1037 4275 1168 4323 idem
1187 4274 1367 4323 dicitur
1383 4275 1429 4321 h.
1449 4289 1635 4330 curare,

509 4353 614 4396 seu,
649 4353 761 4387 cum
799 4338 983 4395 Servio,
1012 4355 1190 4396 amare,
1227 4339 1551 4401 frequentare,
1590 4349 1642 4387 et

512 4417 642 4467 saepe
659 4403 712 4452 in
731 4402 792 4451 iis
812 4401 1010 4460 versari,
1029 4411 1085 4451 ut
1105 4403 1218 4450 AEn.
1237 4402 1268 4460 i,
1295 4405 1368 4460 15,
1395 4404 1467 4452 16.
1527 4403 1638 4452 Nisi

1700 2413 2091 2480 philosophicum
2112 2414 2235 2464 illud
2257 2415 2309 2464 in
2331 2415 2496 2465 animo
2517 2415 2689 2465 habuit
2708 2431 2834 2480 poe-

1702 2488 1782 2526 ta:
1831 2479 2044 2545 Jupiter,
2086 2496 2124 2528 s.
2166 2495 2305 2528 mens
2344 2489 2397 2528 et
2434 2480 2599 2528 anima
2642 2479 2835 2538 mundi,

1700 2558 1871 2591 omnes
1908 2553 2061 2592 terras
2095 2553 2348 2618 penetrem
2382 2559 2473 2608 per
2506 2559 2589 2592 eas
2627 2543 2841 2592 diffusus

1700 2616 1807 2655 est:
1840 2607 1907 2655 cf.
1932 2607 2049 2656 AEn.
2075 2623 2138 2666 vl,
2165 2607 2261 2658 724
2282 2623 2384 2671 sqq.
2456 2611 2592 2656 Cura
2615 2623 2731 2656 vero
2752 2611 2834 2656 illi

1700 2673 1921 2719 earmina.
1990 2673 2188 2720 Novum
2228 2673 2334 2729 hoe,
2368 2671 2413 2721 si
2451 2673 2577 2721 bene
2612 2672 2837 2730 memini,

1702 2745 1836 2784 certe
1852 2751 1953 2783 non
1972 2736 2185 2799 vulgare,
2206 2737 2236 2784 J
2240 2752 2382 2785 ovem
2404 2736 2623 2784 carmina
2642 2751 2837 2786 curare.

1708 2799 1855 2848 Forte
1871 2799 2057 2848 dictum
2072 2809 2299 2865 respectu
2318 2802 2575 2850 Musarum
2592 2799 2645 2848 in
2659 2801 2835 2864 Olym-

1706 2881 1771 2928 po
1792 2864 2086 2912 canentium.

1772 2928 1850 2985 64,
1874 2929 1951 2976 65.
1990 2929 2034 2976 Ε
2066 2929 2271 2977 Theocr.
2308 2944 2353 2987 v,
2391 2931 2453 2978 88
2485 2945 2555 2992 sq.
2588 2927 2673 2978 ubi
2702 2930 2841 2979 λεῖος

1706 2993 1923 3041 ὑπαπόν
1940 3008 2007 3041 ex
2038 2993 2131 3040 hoc
2165 2993 2273 3057 ipso
2296 2993 2495 3056 Virgilii
2523 2993 2631 3042 loeo
2664 2993 2837 3041 defen-

1702 3055 1865 3112 ditur:
1890 3066 1942 3105 et
1962 3056 2026 3116 vi,
2050 3057 2083 3104 6
2104 3072 2208 3119 sqq.
2226 3057 2311 3106 ubi
2334 3057 2596 3106 admodum
2617 3057 2841 3107 suaviter

1702 3136 2004 3185 expraesum.

1772 3184 1849 3236 67.
1875 3187 2015 3234 Delia
2030 3201 2210 3234 nomen
2228 3185 2410 3243 amicae,
2430 3201 2538 3248 quae
2554 3185 2841 3248 frequenter

1704 3259 1951 3313 pastorem
1986 3265 2129 3298 suum
2162 3249 2495 3307 conveniebat,
2534 3265 2671 3298 more
2704 3251 2837 3298 anti-

1704 3329 1832 3376 quo:
1866 3313 1927 3362 cf.
1954 3315 2059 3362 Ecl.
2083 3313 2167 3372 vii,
2191 3317 2255 3362 40
2276 3333 2287 3369 ς
2323 3313 2403 3361 cui
2436 3314 2561 3362 alter
2578 3330 2719 3363 mm
2742 3330 2837 3380 op—

1703 3377 1858 3441 ponit,
1882 3377 2143 3427 nominans
2164 3395 2273 3428 eam
2298 3381 2527 3427 Venerem.

1772 3442 1849 3490 69.
1890 3445 1989 3494 Quo
2024 3459 2284 3505 congessere
2316 3445 2566 3504 palumbe-5.
2638 3445 2836 3492 Notan-

1706 3504 1823 3553 dum
1857 3505 2076 3554 absolute
2109 3505 2293 3554 dictum
2333 3521 2425 3571 pro
2458 3507 2645 3570 vulgari
2679 3511 2843 3556 nidum

1708 3585 1960 3632 congerere.

1774 3634 1850 3686 71.
1886 3637 2047 3683 Aurea
2080 3637 2215 3692 mala,
2252 3634 2457 3684 Theoer.
2482 3634 2554 3694 iii,
2596 3637 2839 3693 10,.unde

1706 3699 1809 3747 haec
1826 3699 1995 3764 petim,
2014 3698 2174 3764 simpl.
2191 3701 2328 3759 μῆλα
2344 3699 2490 3756 dicim
2514 3709 2571 3748 ut
2582 3700 2841 3765 epitheton

1704 3763 1829 3811 adeo
1864 3773 2055 3812 tantum
2089 3774 2290 3812 ornatus
2316 3779 2471 3839 ‘eausa
2500 3764 2759 3826 adjectum,
2788 3775 2843 3814 et

1706 3843 1851 3937 ἵηῖιῖ.
1864 3828 2037 3939 31:³¹5}
2038 3827 2841 3954 {2³yd2‘33„};‘{{“2d¹3÷1‘3¹1‘3‘5m21³12

1702 3953 1891 4002 condiri
1930 3954 2101 4013 solitis,
2142 3954 2245 4003 aeci
2282 3955 2299 4002 i
2339 3965 2516 4020 potest.
2587 3957 2725 4006 Mala
2760 3957 2834 4006 ci-

1706 4025 1821 4093 trea,
1846 4035 1885 4067 s.
1904 4018 2107 4076 medica,
2126 3971 2337 4082 inteli‘igi
2358 4035 2457 4068 non
2474 4029 2693 4085 possunt,
2710 4037 2835 4084 quo-

1704 4097 1851 4140 niam,
1882 4098 1993 4131 cum
2030 4099 2089 4132 ea
2114 4084 2263 4132 arbor
2288 4083 2470 4132 Mediae
2498 4085 2697 4150 propria
2726 4101 2838 4134 esse

1702 4145 1893 4196 dicatur
1914 4149 2034 4196 Geo.
2058 4147 2110 4206 ii,
2140 4149 2245 4206 126,
2268 4148 2487 4196 nondum
2518 4164 2578 4196 ea
2606 4153 2838 4199 silvestris

1706 4211 1864 4260 Italiae
1896 4215 2037 4260 arbor
2068 4227 2175 4261 esse
2206 4211 2381 4276 potuit.
2452 4213 2529 4260 Eu
2560 4229 2669 4275 quae
2702 4214 2837 4263 Gaui

1708 4277 1914 4351 Orangee
1930 4277 2193 4340 appellant,
2214 4275 2459 4325 veteribus
2480 4277 2627 4340 plane
2652 4277 2835 4341 ignota.

1708 4339 1969 4397 Martinus,
1994 4355 2141 4404 poma
2160 4339 2361 4397 Punica,
2380 4355 2467 4388 seu
2488 4352 2709 4404 granata,
2732 4343 2835 4406 sig-

1706 4404 1896 4453 nificari
1918 4419 2017 4452 non
2043 4413 2227 4453 temere
2248 4404 2515 4454 contendit.
