3050 4934
1168 246 1510 313 LIBER
1557 249 1656 313 II.

2449 257 2571 323 105

426 398 523 461 Et
550 397 807 482 qualem
834 397 1057 463 infelix
1088 400 1302 463 amisit
1332 399 1612 465 Mantua
1641 423 1963 486 campum,

424 498 813 565 Pascentem
842 500 1065 564 niveos
1096 500 1385 565 herboso
1410 501 1676 569 flumine
1704 526 1978 588 cycnos:

252 600 382 663 200
422 601 584 665 Non
612 600 843 686 liquidi
870 603 1183 685 gregibus
1214 601 1449 680 fonteS,
1480 627 1612 668 non
1641 607 1932 690 gramina
1961 608 2274 686 deerunt3

424 701 545 778 Et,
574 714 891 788 quantum
916 702 1127 787 longis
1156 716 1427 788 carpent
1454 719 1748 772 armenta
1777 709 2032 785 diebuS,

424 798 693 888 Exigua
721 815 973 869 tantum
1001 802 1259 888 gelidus
1288 826 1397 870 ros
1426 818 1618 871 nocte
1647 820 1943 893 reponet.

421 904 639 989 Nigra
664 905 803 971 fere
830 916 903 971 et
930 928 1163 991 presso
1192 908 1453 991 pinguis
1485 910 1610 973 sub
1639 932 1897 975 vomere
1925 902 2124 989 terra,

426 988 523 1068 Et
550 1007 655 1069 cui
682 1018 876 1091 putre
909 1006 1141 1084 solum,
1172 1007 1474 1092 (namque
1505 1010 1634 1075 hoc
1663 1013 1986 1077 imitamur
2013 1014 2308 1096 arand0‚)

248 1104 381 1169 205
425 1105 721 1191 Optuma
750 1108 1126 1173 frumentis:
1172 1097 1307 1175 nen
1335 1108 1469 1175 ullo
1497 1134 1584 1176 ex
1613 1134 1878 1197 aequore
1905 1136 2134 1179 cernes

424 1206 627 1271 Plura
652 1209 914 1273 domum
945 1210 1151 1274 tardis
1180 1210 1505 1276 decedere
1535 1212 1828 1297 plaustra
1848 1216 2184 1299 juvencis:

332 1348 347 1359 -
422 1306 589 1386 Aut,
618 1311 795 1375 unde
822 1312 1029 1375 iratus
1060 1311 1285 1377 silvam
1314 1312 1582 1379 devexit
1607 1324 1848 1393 arator,

426 1410 521 1475 Et
548 1435 814 1478 nemora
840 1416 1075 1479 evertit
1100 1414 1339 1479 multos
1368 1417 1603 1501 ignava
1629 1440 1751 1503 per
1779 1441 2010 1496 annos,

424 1512 883 1599 Antiquusque
914 1516 1143 1580 domos
1168 1517 1387 1581 avium
1442 1540 1590 1583 cum
1621 1520 1934 1605 stirpibus
1963 1521 2105 1585 imis

248 1614 381 1677 210
426 1614 657 1679 Emit:
704 1615 828 1680 illae
857 1616 1059 1681 altum
1086 1618 1255 1682 nidis
1286 1619 1537 1703 petiere
1567 1620 1846 1701 relictis;

422 1714 523 1779 At
552 1717 733 1781 rudis
763 1718 995 1783 enituit
1020 1717 1299 1803 impulso
1325 1742 1586 1785 vomere
1616 1742 1904 1806 campus.

422 1817 601 1881 Nam
618 1818 848 1902 jejuna
874 1819 1135 1902 quidem
1166 1820 1389 1885 clivosi
1418 1820 1640 1905 glarea
1669 1823 1838 1887 ruris

424 1918 561 1983 Vix
590 1918 865 1983 humiles
894 1920 1127 2003 apibus
1156 1922 1363 1985 casias
1396 1944 1739 2007 roremque
1769 1924 2123 2002 ministrat3

426 2020 521 2084 Et
550 2020 795 2107 tophus
822 2022 1077 2098 scaber,
1106 2032 1174 2086 et
1201 2022 1403 2106 nigris
1432 2045 1636 2087 exesa
1663 2023 1990 2107 chelydris

252 2124 381 2185 215
426 2122 649 2197 Creta,
680 2132 923 2205 negant
953 2120 1112 2186 alios
1142 2145 1329 2207 aeque
1362 2125 1778 2209 serpentibus
1807 2147 2002 2209 agros

424 2222 705 2288 Dulcem
718 2222 905 2314 ‘ferre
936 2225 1173 2301 cibum,
1205 2234 1273 2289 et
1302 2246 1534 2290 curvas
1565 2227 1862 2310 praebere
1890 2225 2198 2291 latebras.

316 2424 427 2481 201,
452 2424 561 2471 202.
595 2424 849 2478 Quantum
870 2422 1107 2485 granunis
1126 2439 1216 2487 per
1246 2423 1377 2473 diem

248 2488 505 2551 depastum
556 2498 648 2544 est,
692 2496 883 2535 tantum
936 2497 1079 2536 nocte
1130 2488 1378 2536 rorulenta

250 2552 525 2599 succrescit.
600 2554 695 2599 Ros
728 2567 879 2599 causa
914 2550 1204 2607 fertilitatis3
1246 2552 1377 2600 unde

248 2618 398 2673 θῆλυς
422 2614 581 2677 δόρυ-η.
650 2615 849 2664 Poetica
880 2615 1077 2678 quidem
1108 2616 1374 2680 amplifica-

250 2680 385 2729 tione
416 2679 563 2737 dicta,
586 2694 680 2728 nec
712 2690 877 2729 tamen
910 2695 939 2727 a
968 2695 1085 2728 vero
1114 2680 1259 2744 plane
1290 2680 1375 2729 sb-

246 2744 525 2792 horrentiaa
559 2744 622 2791 cf.
648 2744 775 2795 Plin.
798 2743 917 2801 xvii,
941 2746 973 2793 4
994 2754 1118 2793 extr.

310 2808 591 2856 zoa—206.
642 2808 865 2857 Tandem
902 2809 1081 2857 humus
1120 2807 1255 2871 pulla
1290 2824 1379 2857 seu

246 2872 401 2935 nigra,
416 2872 636 2936 pinguis,
650 2877 877 2933 etpaln's,
891 2873 939 2920 h.
953 2872 1181 2929 resoluta,
1196 2882 1379 2929 tenera,

244 2936 465 2998 adeoque
492 2936 681 2985 solibm
706 2948 757 2985 et
782 2936 1018 2985 imbribus
1044 2936 1376 3000 penetrabilis,

248 3000 369 3063 (vid.
392 3002 517 3049 Geo.
538 3001 571 3057 i,
590 3004 670 3059 44,
690 3010 743 3049 et
759 3000 846 3048 inf.
864 3002 974 3057 262,
1000 3003 1123 3056 2633
1146 3002 1214 3060 γῆ
1234 2999 1375 3059 pavis,

246 3064 419 3126 κούφη,
460 3065 638 3123 λετ-νὴ,
679 3066 879 3127 εὔυδρος,
920 3064 1165 3125 casseoca)
1205 3078 1377 3125 agrum

244 3129 505 3177 &umentis
522 3129 745 3177 serendis
761 3129 991 3177 idoneum
1010 3130 1207 3192 praebet.
1246 3128 1372 3175 Ara-

248 3192 399 3240 tionis
426 3192 689 3241 eonsilium
723 3202 799 3240 est
831 3193 923 3240 hoc
958 3192 975 3239 i
1012 3208 1135 3250 sum,
1170 3202 1237 3249 ut,
1270 3204 1377 3251 quse

246 3267 379 3305 terra
410 3256 523 3305 talis
551 3272 653 3305 non
681 3257 761 3313 sit,
782 3256 939 3317 glebis
1062 3256 1125 3303 tis
1154 3270 1209 3303 ac
1240 3270 1374 3302 com-

246 3321 627 3433 fflssssss
660 3318 1118 3433 ,imffiffmgffi
1146 3318 1375 3432 ⁷⁶⁰3&

550 3419 563 3432 .
588 3400 641 3432 un
752 3400 807 3433 re
878 3400 937 3431 us
966 3400 1019 3431 es
1070 3398 1119 3440 x,
1194 3400 1205 3429 =

238 3453 351 3511 gnis
380 3466 511 3511 ager,
538 3394 898 3511 pub-teesrglebas,
928 3449 1213 3508 resolutaque
1242 3454 1377 3508 terga

250 3516 343 3565 aa·
354 3517 498 3575 gerit,
512 3510 721 3575 asma:
732 3514 952 3575 graeile&
968 3514 1177 3559 imitatur
1194 3526 1373 3558 arenas.

310 3577 423 3625 206.
464 3578 635 3625 Tardis
666 3585 720 3624 et
748 3584 935 3623 nature
960 3575 1105 3623 boum
1138 3582 1189 3623 et
1214 3573 1376 3623 oneris

246 3641 515 3698 notionem,
538 3641 756 3701 adeoque
786 3638 1007 3749 {lausa-i,
1031 3654 1129 3701 quo
1156 3638 1373 3687 frumen-

248 3716 351 3753 tum
394 3720 463 3753 ex
504 3720 625 3767 agro
671 3704 795 3751 deve
830 3702 943 3760 itur,
988 3701 1375 3765 magnitudinem

312 3778 559 3890 20ῒῖιὲθᾶ
596 3830 823 3880 Alterum
848 3845 1005 3893 genus
1030 3829 1135 3903 agri
1156 3828 1371 3878 frumen-

248 3898 355 3955 toai,
380 3907 457 3945 est
482 3896 687 3951 novalis,
708 3910 835 3943 casa
856 3902 1023 3943 vetere
1053 3893 1188 3943 silva.
1247 3894 1370 3941 Ver-

246 3978 389 4009 suum
404 3959 820 4025 pulchritudinem
836 3959 915 4006 vel
932 3974 1011 4005 me
1028 3972 1127 4005 non
1148 3967 1377 4007 monente

244 4024 411 4073 nentia
482 4027 645 4073 Iram
674 4022 905 4079 suaviter,
935 4022 1061 4084 quod
1096 4022 1231 4069 silvae
1262 4022 1375 4069 inu-

246 4088 357 4137 tiles
390 4091 577 4137 bonum
612 4087 771 4135 solum
804 4086 1120 4149 occupabant.
1182 4088 1379 4133 Deve-tie

244 4153 465 4217 poetice;
500 4151 691 4214 vulgari
722 4150 913 4199 ratione
943 4150 993 4198 id
1024 4149 1154 4211 quod
1180 4158 1375 4197 antece-

244 4218 319 4264 ait
338 4224 623 4279 poneretur,
642 4214 839 4271 excidit,
865 4213 1167 4277 exstirpavit.

311 4280 589 4329 zos-211.
627 4280 815 4327 Omnes
850 4278 1051 4327 laudant
1082 4278 1243 4325 locum
1278 4278 1378 4324 Lu-

244 4354 361 4393 cret.
406 4343 441 4399 i.
488 4345 563 4399 19,
598 4340 981 4405 Frondfferasqae
1025 4344 1173 4389 domos
1213 4344 1379 4389 avium

248 4410 451 4469 inpulso
478 4422 665 4463 sonere,
696 4406 881 4463 adacto,
912 4414 969 4455 ut
996 4422 1041 4453 v.
1072 4407 1166 4453 203
1194 4420 1381 4466 pressos

1442 2424 1475 2491 i,
1496 2427 1564 2499 ¹35
1585 2428 1794 2487 depresso
1815 2433 1988 2499 aratro.
2047 2427 2198 2473 Rudis
2219 2442 2415 2489 campus,
2439 2443 2570 2479 nunc

1439 2492 2238 2601 wasemes&
2271 2494 2571 2617 w
2494 2558 2568 2631 1..

1442 2620 1632 2665 Enitm‘t
1659 2626 1837 2673 autem,
1868 2626 2108 2673 enitescit,
2143 2632 2320 2679 magna
2349 2633 2462 2667 cum
2490 2634 2569 2675 vu

1444 2690 1521 2729 est
1539 2680 1670 2729 enim
1690 2681 1818 2729 bona
1837 2690 1966 2729 terra
1977 2689 2084 2741 post
2101 2698 2314 2729 vomerem
2331 2686 2571 2741 nitescens,

1444 2753 1501 2793 ut
1524 2745 1650 2793 Plin.
1672 2744 1742 2793 ait
1757 2744 1854 2801 xvi,
1880 2747 1925 2803 5,
1946 2761 1983 2792 s.
2007 2747 2051 2791 3.
2113 2744 2180 2793 Et
2201 2746 2401 2795 omnino
2423 2750 2573 2795 uicem

1444 2823 1554 2871 quae
1583 2808 1716 2856 culta
1741 2820 1870 2865 sunt,
1899 2818 1956 2855 ut
1983 2809 2104 2857 Geo.
2137 2808 2169 2865 i,
2202 2810 2320 2865 153;
2363 2810 2480 2859 AEn.
2503 2811 2570 2871 vi,

1446 2873 1507 2923 67
1513 2872 1542 2921 7
1545 2908 1556 2919 .
1629 2872 1802 2920 Totam
1827 2886 1942 2920 vero
1963 2881 2256 2921 strucmram
2279 2873 2330 2921 in
2353 2874 2570 2938 pedestri

1442 2936 1662 2984 oratione
1695 2934 1764 2983 sic
1799 2935 2108 2984 institueres:
2143 2936 2368 2998 antiquas
2399 2938 2569 2989 domos

1440 3000 1606 3047 avium
1627 2998 1772 3055 eruit,
1791 3014 1899 3061 quae
1921 2999 2074 3047 altum
2089 3008 2278 3062 petunt,
2299 3000 2416 3049 dum
2439 3002 2566 3051 inte-

1438 3078 1523 3111 rea
1543 3078 1744 3125 campus
1767 3062 1994 3111 enitescit
2013 3072 2106 3111 ete.

1504 3128 1614 3173 212.
1667 3126 1714 3175 Ν
1719 3135 1882 3175 otetur
1921 3142 2048 3175 nova
2083 3126 2320 3177 orationis
2357 3144 2566 3179 connec-

1442 3190 1604 3239 tendae
1632 3190 1850 3246 variatio,
1883 3190 2000 3240 dum
2040 3191 2103 3239 ad
2137 3201 2278 3241 notas
2313 3192 2430 3241 mali
2464 3195 2570 3257 agri

1442 3254 1630 3303 transit.
1688 3254 1760 3301 At
1779 3254 1938 3303 solum
1967 3254 2240 3317 glareosum
2271 3256 2390 3305 satis
2421 3267 2497 3306 est
2525 3258 2569 3307 si

1440 3318 1618 3367 herbas
1647 3318 1820 3381 apibus
1841 3318 2042 3367 idoneas
2067 3336 2126 3369 su
2161 3320 2372 3383 peditat:
2397 3322 2570 3384 jejuna

1436 3386 1616 3445 glarea,
1639 3382 1942 3439 infoecundaz
1978 3393 2078 3432 λνπ
2203 3384 2466 3433 Diversum
2489 3401 2567 3433 so-

1438 3446 1542 3495 lum
1564 3448 1626 3495 ab
1644 3464 1690 3496 v.
1719 3449 1828 3505 180,
1851 3446 1934 3497 ubi
1953 3448 2102 3497 etiam
2125 3458 2285 3507 tenue,
2310 3450 2397 3497 sed
2419 3449 2566 3511 argil-

1439 3509 1626 3559 laceum
1647 3521 1697 3560 et
1718 3511 2042 3567 calculosum3
2075 3526 2208 3561 nunc
2228 3512 2524 3561 nebulosum.

1506 3578 1617 3622 213.
1663 3578 1842 3631 Rorem,
1877 3590 2022 3635 quem
2060 3590 2178 3638 apes
2219 3590 2246 3622 e
2281 3573 2482 3623 fioribus
2519 3583 2572 3621 et

1440 3637 1608 3686 herbis
1623 3646 1806 3699 sugunt
1821 3656 1834 3691 ς
1860 3652 2084 3697 nuncque
2101 3637 2245 3685 flores
2263 3636 2373 3701 ipsi,
2393 3636 2570 3699 quibua

1440 3701 1523 3749 ille
1568 3701 1729 3749 inesse
1772 3700 1910 3749 solet.
1983 3702 2076 3749 Ros
2115 3704 2318 3749 marim
2355 3700 2568 3762 quidem,

1438 3766 1618 3823 frutex,
1642 3782 1673 3813 a
1693 3764 1866 3813 Servio
1889 3764 2193 3827 intelligitur,
2216 3778 2359 3827 quem
2383 3763 2468 3813 alii
2489 3780 2566 3814 se-

1472 3841 1669 3879 uuntur.
1739 3830 1838 3878 Sed
1859 3829 2076 3879 nondum
2097 3829 2258 3877 locum
2276 3828 2376 3877 vidi
2398 3828 2450 3875 in
2473 3844 2570 3891 quo

1438 3895 1455 3942 i
1476 3896 1521 3943 le
1559 3894 1849 3959 simpliciter
1887 3911 1962 3943 ros
1999 3894 2340 3957 appellaretur.
2413 3894 2568 3951 Casia,

1440 3960 1592 4007 herba
1611 3959 1890 4013 coronat-im
1924 3958 1988 4007 de
2009 3974 2104 4020 qua
2123 3957 2220 4005 vid.
2245 3972 2352 4019 sup.
2375 3956 2440 4003 ad
2463 3956 2568 4007 Ed.

1441 4022 1491 4080 ii,
1513 4026 1594 4072 49.

1508 4088 1780 4135 214—216.
1817 4084 2070 4133 Sententia
2107 4093 2195 4140 est,
2231 4092 2360 4131 terra
2395 4085 2567 4148 topha-

1442 4166 1529 4198 cea
1567 4160 1616 4198 et
1655 4160 1846 4198 cretosa
1889 4146 2196 4211 serpentibus
2239 4148 2456 4195 omnium
2495 4159 2573 4197 est

1444 4214 1708 4278 aptissima.
1761 4214 1872 4261 Hoc
1891 4210 1960 4258 ita
1978 4210 2212 4259 exmlisse
2227 4210 2381 4259 videri
2399 4212 2567 4261 debet=

1446 4282 1606 4339 tophas
1624 4284 1672 4325 et
1688 4285 1815 4324 creta
1833 4283 2000 4337 negant
2017 4278 2132 4323 alios
2151 4292 2286 4338 agros
2305 4274 2572 4337 aequesms

1445 4344 1730 4403 serpentibus
1761 4343 1923 4395 eibum,
1947 4338 2146 4395 scilicet,
2172 4356 2226 4388 ac
2259 4338 2368 4403 ipsi,
2395 4340 2572 4403 tophus

1448 4416 1497 4453 et
1519 4414 1666 4461 creta,
1689 4403 1864 4451 serunt.
1921 4402 2140 4451 Sollenni
2162 4413 2416 4467 poetarum
2437 4416 2571 4451 more
