3050 4934
466 229 596 294 412

1387 225 1911 294 AENEIDOS

730 377 952 464 Atque
983 379 1090 444 hic
1121 377 1494 444 Priamiden
1522 379 1833 442 laniatum
1858 397 2135 460 corpore
2167 386 2306 442 toto

474 483 602 546 495
647 481 1076 565 Deiphobum
1107 482 1290 556 vidit,
1323 480 1609 544 lacerum
1635 478 1987 544 crudeliter
2018 500 2156 553 ora,

648 583 790 647 Ora
818 604 1176 666 manusque
1207 583 1454 658 ambas,
1485 580 1929 666 populataque
1960 591 2254 663 tempora
2284 577 2491 661 raptis

645 681 966 760 Auribus,
998 695 1066 748 et
1095 694 1356 748 truncas
1389 682 1737 747 inhonesto
1766 680 2031 745 vulnere
2060 701 2277 744 nareS.

645 783 778 848 Vix
807 786 974 849 adeo
1003 785 1264 868 agnovit
1296 785 1715 868 pavitantem,
1746 793 1815 846 et
1842 782 1987 845 dira
2014 791 2343 864 tegentem

652 885 1024 970 Supplicia;
1069 897 1138 950 et
1165 885 1337 950 notis
1369 883 1716 968 compellat
1743 883 2010 946 vocibus
2042 879 2250 944 ultro:

480 987 608 1050 500
653 985 1006 1071 Deiphobe
1037 986 1458 1071 armipotens,
1490 1007 1701 1069 genus
1732 981 1865 1046 alto
1895 1005 1936 1045 a
1966 983 2281 1066 sanguine
2311 979 2579 1054 Teucri,

654 1087 823 1160 Quis
855 1099 988 1152 tam
1017 1087 1320 1152 crudeles
1351 1087 1600 1170 optavit
1630 1105 1883 1148 sumere
1912 1085 2188 1167 poenas‘i

655 1189 779 1252 Cui
809 1199 1064 1254 tantum
1089 1189 1174 1252 de
1205 1199 1270 1251 te
1301 1186 1524 1251 licuit?
1602 1184 1775 1248 Mihi
1803 1183 1975 1248 fama
2004 1205 2310 1267 suprema

655 1289 872 1354 Nocte
906 1288 1073 1367 tulit,
1106 1289 1352 1352 fessum
1381 1297 1567 1350 vasta
1596 1297 1661 1349 te
1694 1285 1873 1350 caede
1908 1283 2261 1368 Pelasgum

597 1393 604 1398 “
657 1390 1097 1454 Procubuisse
1129 1411 1330 1473 super
1358 1387 1649 1452 confusae
1680 1389 1917 1470 stragis
1948 1407 2271 1451 acervum.

485 1491 614 1554 505
656 1490 852 1554 Tune
881 1501 1141 1574 egomet
1170 1489 1483 1554 tumulum
1516 1487 1809 1552 Rhoeteo
1834 1489 1900 1552 in
1928 1486 2145 1551 littore
2174 1488 2431 1552 inanem

659 1591 1008 1668 Constitui,
1039 1600 1108 1656 et
1135 1612 1370 1674 magna
1401 1589 1639 1654 Manes
1671 1599 1773 1654 ter
1803 1609 1961 1652 voce
1993 1588 2233 1653 vocavi.

657 1691 920 1757 Nomen
948 1702 1017 1756 et
1046 1713 1224 1756 arma
1253 1691 1466 1756 locum
1499 1701 1795 1754 servant:
1844 1701 1933 1765 te,
1966 1690 2190 1766 amice,
2222 1689 2483 1773 nequivi

660 1793 1080 1879 Conspicere,
1113 1803 1182 1857 et
1207 1793 1422 1877 patria
1450 1792 1779 1856 decedens
1809 1812 2054 1875 ponere
2088 1801 2285 1854 terra.

662 1891 776 1958 Ad
806 1917 954 1979 quae
984 1893 1384 1958 Priamides:
1430 1892 1619 1956 Nihil
1650 1914 1689 1956 o
1718 1893 1859 1969 tibi,
1896 1893 2121 1970 amice,
2151 1890 2487 1969 relictum;

491 1997 620 2059 510
666 1995 904 2060 Omnia
934 1994 1290 2079 Deiphobo
1319 1992 1569 2058 solvisti
1624 2005 1695 2058 et
1721 1993 1967 2056 funeris
1998 1994 2265 2058 umbris.

665 2097 802 2160 Sed
831 2119 933 2160 me
963 2095 1098 2159 fata
1126 2117 1270 2160 mea
1298 2105 1366 2157 et
1399 2092 1611 2158 scelus
1642 2092 1903 2158 exitiale
1936 2094 2237 2158 Laeaenae

666 2197 795 2260 His
824 2217 1108 2260 mersere
1138 2195 1358 2258 malis:
1403 2193 1510 2258 illa
1538 2194 1683 2259 haec
1711 2206 2127 2260 monumenta
2156 2194 2438 2279 reliquit.

665 2297 994 2381 Namque,
1027 2306 1103 2360 ut
1133 2317 1502 2380 supremam
1531 2295 1695 2359 falsa.
1722 2296 1892 2360 inter
1922 2296 2161 2380 gaudia
2188 2306 2443 2360 noctem

668 2399 1040 2484 Egerimus,
1071 2397 1278 2476 nosti3
1326 2407 1396 2462 et
1423 2387 1687 2462 nimium
1715 2396 2078 2462 meminisse
2110 2419 2378 2463 necesse
2408 2409 2533 2462 est.

495 2502 623 2565 515
669 2501 894 2574 Quum
923 2499 1136 2565 fatalis
1167 2522 1376 2584 equus
1409 2498 1581 2562 saltu
1612 2521 1811 2582 super
1842 2499 2049 2562 ardua
2072 2500 2248 2564 venit

672 2603 1018 2686 Pergama,
1049 2612 1120 2666 et
1147 2613 1463 2666 armatum
1491 2601 1781 2684 peditem
1809 2601 2023 2684 gravis
2052 2599 2273 2664 attulit
2296 2599 2475 2664 alvo:

666 2703 809 2781 Illa,
843 2703 1113 2768 chorum
1145 2701 1474 2776 simulans,
1505 2712 1773 2765 evantes
1804 2702 1987 2785 orgia
2016 2702 2257 2766 circum

667 2803 978 2869 Ducebat
1007 2803 1358 2886 Phrygias;
1405 2801 1727 2865 flammam
1755 2803 1971 2866 media
1998 2803 2143 2886 ipsa
2172 2789 2439 2868 tenebat

670 2905 1032 2988 Ingentem,
1065 2915 1132 2966 et
1157 2925 1402 2966 summa
1434 2902 1705 2966 Danaos
1738 2925 1821 2966 ex
1852 2923 2001 2968 aree
2030 2905 2325 2968 vocabat.

497 3110 606 3156 cule
620 3106 749 3156 inter
763 3107 956 3155 Manes.
992 3109 1085 3156 Ceu
1102 3109 1322 3168 quondam
1339 3125 1354 3152 .-
1369 3107 1466 3156 vid.
1486 3107 1627 3155 Iliad.

500 3177 542 3229 θ,
559 3173 586 3222 7
593 3174 648 3228 53
685 3189 726 3229 ο,
749 3173 844 3218 320
857 3186 958 3232 sqq.
1002 3173 1232 3232 Exiguam
1249 3188 1409 3229 vocem,
1430 3171 1631 3233 τρισμὸν

498 3235 745 3299 intellige:
783 3234 879 3282 vid.
905 3233 1079 3298 Odyss-
1105 3253 1154 3292 ο,
1181 3237 1209 3282 5
1233 3251 1333 3298 sqq.

566 3301 663 3348 494
694 3315 794 3362 sqq.
832 3298 1062 3361 Sequitur
1094 3298 1364 3362 episodium
1400 3299 1462 3347 de
1501 3299 1623 3348 Dei-

500 3365 676 3429 phobo,
700 3363 753 3411 in
777 3379 871 3427 quo
893 3363 1168 3438 argumenti
1190 3362 1435 3420 dilectum,
1461 3375 1628 3412 nostro

501 3430 674 3478 saltem
695 3443 859 3486 sensu,
873 3426 1142 3483 desideres:
1171 3427 1354 3475 nullam
1365 3427 1497 3475 enim
1512 3428 1625 3476 sua-

501 3493 701 3542 vitatem
717 3493 867 3542 habet
877 3491 1044 3542 videre
1057 3500 1142 3539 aut
1153 3507 1180 3540 c
1246 3491 1366 3539 ‘tare
1380 3492 1629 3540 hominem

501 3558 732 3607 membris
765 3556 1020 3614 mutilatis,
1045 3559 1216 3615 λωβητ-
1243 3575 1272 3604 v
1305 3556 1627 3620 ἠκρωτηριασ-

501 3621 656 3682 μένον,
683 3620 967 3680 ducentum,
983 3620 1242 3684 insigniter
1259 3629 1422 3669 tamen
1444 3629 1633 3684 apoeta

503 3696 742 3735 ornatum.

565 3751 855 3799 498—501.
913 3749 1002 3796 Via·
1199 3753 1238 3798 it
1289 3757 1334 3797 et
1377 3751 1629 3810 compellat,

501 3823 620 3863 noto
651 3813 881 3862 narrandi
913 3827 1050 3860 more
1140 3812 1368 3871 omerico,
1391 3829 1494 3876 pro,
1519 3829 1631 3860 cum

499 3878 828 3944 compellaret.
905 3879 1058 3935 Notio,
1113 3892 1294 3929 ornans
1343 3877 1626 3939 epitheton:

501 3943 669 4006 quales
691 3951 932 3998 notorum,
955 3939 1268 3989 familiarium
1303 3955 1411 3988 esse
1437 3941 1624 3988 solent:

501 4007 586 4056 inf.
613 4009 722 4063 688,
747 4013 877 4054 notas
895 4008 1058 4053 audire
1080 4013 1124 4052 et
1145 4008 1335 4053 reddere
1356 4021 1493 4052 voces.
1534 4007 1625 4052 Ge·

499 4089 599 4129 uus,
625 4070 779 4132 γένος,
795 4069 1044 4126 oriundus,
1069 4078 1125 4116 ut
1147 4077 1198 4116 et
1214 4083 1376 4132 supra.
1423 4071 1627 4130 Optavit,

501 4151 566 4210 ex
598 4134 864 4197 προείλετο,
890 4142 1025 4198 puto,
1065 4134 1111 4181 h.
1135 4147 1178 4180 e.
1215 4133 1402 4190 statuit,
1433 4132 1631 4181 induxit

503 4215 556 4246 in
578 4199 810 4256 animum,
835 4213 981 4246 ausus
1004 4207 1092 4246 est.

567 4263 856 4310 505—508.
919 4263 1047 4310 Sane
1102 4269 1500 4310 consentaneum·
1536 4261 1628 4309 hoc

505 4325 678 4374 AEneae
715 4325 902 4390 pietati.
957 4329 1130 4374 Nomen
1170 4327 1278 4374 loco
1315 4325 1542 4384 inditum,
1583 4335 1629 4374 et

502 4407 633 4438 arma
654 4389 706 4437 in
727 4390 914 4437 tumulo
929 4390 1194 4438 constituta
1207 4400 1257 4438 et
1272 4389 1369 4438 fixa
1391 4406 1452 4438 ex
1475 4405 1624 4440 more.

1697 3110 1863 3156 Locum
1896 3118 2092 3168 servant,
2128 3107 2415 3174 insigniunt,
2450 3119 2815 3159 monumentum

1692 3171 1891 3221 faciunt.
1951 3173 2053 3221 Aut
2084 3173 2234 3236 igitur
2266 3173 2409 3236 fingit
2438 3184 2597 3238 poeta,
2622 3183 2708 3222 aut
2736 3189 2815 3222 ac-

1692 3245 1891 3300 ceperat
1922 3238 1975 3285 in
2010 3237 2221 3286 Rhoeteo
2250 3238 2411 3287 locum
2441 3255 2549 3288 esse
2572 3237 2820 3300 Δηΐφόβου

1692 3301 2305 3416 ζῆταὴιῗιὶῐξεξξεωιοοηῗετέθ
2346 3319 2563 3367 corpore·
2628 3305 2817 3398 Pouet&

1728 3399 1739 3412 .
1784 3401 1795 3412 .
2022 3401 2035 3424 ‚
2270 3401 2282 3414 .

1762 3431 2033 3477 510—612.
2069 3433 2281 3488 Funeris,
2308 3430 2585 3486 cadaveris:
2621 3431 2821 3489 umbrae,

1694 3493 1913 3615 3335?
1934 3495 2540 3608 ffidffissfi‘oessfssffffii‘f'
2572 3494 2821 3608 ⁸2¹3thss

1698 3621 1921 3670 Helenae.
1980 3623 2059 3671 De
2093 3627 2199 3685 ejus
2228 3623 2282 3671 in
2316 3622 2507 3672 excidio
2530 3623 2691 3684 Trojae
2710 3623 2823 3672 fitis

1698 3685 1794 3732 vid.
1818 3685 1869 3744 ii,
1894 3686 1988 3737 567
2006 3703 2109 3750 sqq.
2168 3687 2257 3736 Ait
2276 3687 2362 3735 illa
2378 3687 2509 3751 apud
2534 3681 2822 3750 Euripidem

1698 3749 1751 3796 in
1773 3751 1948 3798 Troad.
1972 3751 2069 3798 966
2106 3768 2161 3800 se
2196 3761 2309 3816 post
2342 3751 2534 3800 Paridis
2566 3761 2772 3800 mortem
2792 3765 2827 3799 a

1698 3814 1959 3877 Deiphobo
1991 3825 2177 3879 raptam
2211 3832 2347 3870 esse:
2382 3825 2435 3864 at
2464 3814 2547 3864 alii
2587 3814 2825 3878 ἀριστείας

1693 3878 1950 3942 praemium
1974 3895 2079 3927 eam
2118 3896 2148 3928 a
2182 3880 2377 3928 Priamo
2396 3879 2693 3942 assignatam
2714 3895 2823 3928 esse

1694 3953 2029 3990 narraverunt.

1760 4008 2031 4056 515—519.
2068 4010 2203 4056 Saltu
2218 4011 2341 4056 venit
2356 4025 2507 4070 super,
2524 4009 2571 4056 h.
2588 4024 2629 4056 e.
2650 4023 2819 4072 super·

1694 4085 1890 4132 gressus
1904 4080 1993 4128 est,
2048 4083 2153 4120 arte
2171 4087 2419 4120 murorum
2433 4072 2637 4133 dejecta,
2660 4071 2819 4134 ὑπηρέ-

1694 4137 1842 4195 θορεν,
1881 4137 1997 4198 ὑπερ
2020 4139 2169 4192 Rome.
2229 4136 2323 4185 Illa
2344 4153 2389 4184 v.
2414 4137 2647 4199 5l7isqq.
2682 4136 2819 4198 inge-

1696 4197 1885 4246 niosum
1908 4209 2101 4263 poetam
2124 4201 2313 4250 decent.
2368 4201 2592 4248 Flamma
2608 4217 2697 4249 seu
2718 4201 2823 4248 face

1695 4279 1759 4310 ex
1776 4278 1887 4310 arce
1908 4265 1969 4312 ab
1994 4265 2189 4313 Helena
2206 4265 2395 4314 sublata
2409 4264 2612 4313 Achivis
2629 4265 2823 4328 signum

1692 4327 1875 4375 datum.
1926 4328 2249 4378 Probabilitas
2271 4328 2470 4377 affertur
2492 4332 2661 4392 major,
2680 4329 2819 4376 insti·

1694 4391 1812 4440 tutis
1848 4391 1899 4439 in
1936 4392 2131 4454 publica
2162 4393 2332 4442 laetitia
2368 4393 2520 4442 sacris
2554 4392 2821 4446 Bacchicis,
