3050 4934
505 266 634 331 360

1407 268 1939 335 AENEIDOS

678 415 724 480 J
725 438 830 480 am
859 418 1096 493 senior,
1125 418 1515 502 madidaque
1544 418 1755 482 fluens
1786 419 1851 481 in
1882 426 2088 495 veste,
2122 416 2476 495 Menoetes,

508 516 632 579 180
677 518 940 581 Summa
968 519 1134 601 petit
1163 517 1432 601 scopuli,
1463 519 1763 603 siccaque
1792 520 1861 581 in
1886 539 2052 601 rupe
2082 518 2350 581 resedit.

673 616 864 679 Illum
893 627 962 681 et
990 616 1314 681 labentem
1344 617 1611 695 Teucri,
1642 630 1710 684 et
1738 620 1943 683 risere
1972 628 2324 695 natantem,

680 720 720 757 ¹*
736 717 828 780 Et
859 717 1064 779 salsos
1095 718 1310 780 rident
1335 730 1777 781 revomentem
1806 729 2075 801 pectore
2102 718 2412 781 fluctus!

674 816 806 880 Hic
835 816 984 879 laeta
1011 817 1318 879 extremis
1351 838 1502 898 spes
1533 828 1637 879 est
1662 838 1938 881 accensa
1967 817 2250 894 duobuS,

677 916 988 999 Sergesto
1020 913 1508 997 Mnestheique,
1544 914 1739 997 Gyan
1772 937 2085 997 superare
2108 927 2483 979 morantem.

507 1018 630 1081 185
675 1016 1024 1099 Sergestus
1054 1016 1228 1099 capit
1255 1026 1404 1079 ante
1433 1014 1668 1090 locum,
1702 1014 2103 1097 scopuloque
2132 1016 2563 1100 propinquat:

673 1116 822 1179 Nec
853 1126 990 1180 tota
1020 1125 1235 1179 tamen
1265 1113 1371 1177 ille
1401 1116 1581 1198 prior
1607 1124 1943 1199 praeeunte
1976 1116 2229 1193 carina:

675 1216 875 1280 Parte
905 1216 1119 1299 prior:
1165 1216 1402 1299 partim
1432 1225 1647 1279 rostro
1677 1215 1915 1298 premit
1944 1214 2174 1279 aemula
2206 1215 2461 1280 Pristis.

676 1315 772 1379 At
797 1316 1012 1379 media
1041 1316 1250 1378 socios
1280 1315 1589 1379 incedens
1621 1336 1783 1378 nave
1812 1336 1933 1399 per
1960 1316 2139 1399 ipsos

678 1415 1004 1479 Hortatur
1033 1413 1464 1479 Mnestheus:
1512 1415 1737 1491 Nunc,
1768 1437 1939 1479 nunc
1968 1416 2285 1500 insurgite
2314 1417 2531 1491 remis,

513 1516 637 1579 190
681 1515 998 1580 Hectorei
1029 1516 1208 1591 socii,
1239 1515 1466 1600 Trojae
1495 1538 1661 1599 quos
1695 1525 1869 1579 sorte
1902 1538 2205 1599 suprema

683 1614 922 1699 Delegi
951 1616 1253 1693 comites3
1300 1638 1472 1680 nune
1501 1614 1643 1679 illas
1672 1617 1949 1699 promite
1976 1616 2172 1693 vires,

677 1717 879 1781 Nunc
907 1718 1176 1793 animos,
1209 1718 1446 1801 quibus
1477 1717 1545 1780 in
1575 1715 1855 1780 Gaetulis
1890 1716 2193 1800 Syrtibus
2223 1718 2347 1794 usi,

678 1817 992 1901 Ionioque
1019 1819 1202 1893 mari,
1236 1816 1605 1901 Maleaeque
1640 1818 2027 1900 sequacibus
2056 1818 2271 1883 undis.

677 1918 835 1983 Non
855 1919 994 2001 jam
1022 1920 1227 2001 prima
1255 1928 1410 2002 peto
1441 1914 1875 1993 Mnestheus,
1894 1940 2105 2002 neque
2136 1920 2392 1983 vincere
2420 1929 2642 1997 certo:

513 2020 637 2083 195
682 2018 1073 2102 Quanquam
1103 2020 1179 2081 o!
1219 2018 1337 2081 sed
1369 2028 1704 2101 superent,
1732 2019 1969 2101 quibus
1992 2019 2141 2095 hoc,
2174 2018 2515 2104 Neptune,
2541 2020 2793 2086 dedisti
2812 2048 2837 2100 ς

676 2117 1029 2182 Extremos
1059 2118 1306 2201 pudeat
1334 2118 1644 2183 rediisse:

1692 2118 1818 2183 hoc
1848 2119 2104 2195 vincite,
2136 2120 2332 2195 cives,

682 2217 775 2281 Et
803 2216 1148 2302 prohibete
1179 2217 1382 2283 nefas.
1459 2217 1595 2282 Olli
1624 2219 1973 2283 certamine
2004 2240 2251 2283 summo

682 2316 1162 2382 Procumbunt:
1210 2319 1409 2382 vastis
1439 2319 1656 2383 tremit
1686 2319 1923 2382 ictibus
1956 2340 2125 2383 aerea
2152 2319 2417 2404 puppis,

682 2417 1234 2501 Subtrahiturque
1265 2418 1511 2509 solum:
1556 2430 1692 2483 tum
1720 2420 1951 2483 creber
1980 2418 2301 2483 anhelitus
2330 2429 2513 2483 artus

505 2519 636 2584 200
678 2517 1017 2601 Aridaque
1048 2540 1163 2581 ora
1191 2519 1436 2601 quatit:
1485 2519 1687 2582 sudor
1712 2518 1858 2582 fluit
1886 2518 2175 2601 undique
2204 2519 2377 2583 rivis.

678 2617 922 2684 Attulit
948 2618 1091 2701 ipse
1121 2618 1272 2679 viris
1305 2627 1601 2698 optatum
1629 2638 1821 2679 casus
1850 2616 2186 2681 honorem.

678 2719 1005 2801 Namque,
1035 2716 1258 2781 furens
1289 2717 1502 2791 animi,
1538 2715 1691 2778 dum
1720 2737 1981 2799 proram
2008 2718 2093 2781 ad
2124 2740 2283 2783 saxa
2312 2720 2631 2804 suburget

505 2944 686 2993 fluente
716 2959 854 3006 aqua,
890 2941 968 2990 vel
1006 2956 1131 3005 aqua
1170 2942 1350 2989 fluente
1387 2957 1414 2989 e
1451 2942 1628 3002 veste,)

505 3012 582 3056 vix
601 3010 783 3055 tandem
800 3009 1009 3054 redditus
1028 3014 1110 3063 est,
1129 3004 1386 3052 difficulter
1406 3005 1625 3069 emergit.

575 3074 682 3119 182.
717 3069 896 3117 Verbis
925 3067 1218 3126 Homericis,
1245 3068 1419 3131 Odyss.
1452 3088 1489 3125 ε,
1516 3072 1625 3127 322,

510 3135 621 3181 323.
659 3132 756 3180 Sed
783 3147 952 3180 versus
982 3131 1062 3179 hic
1093 3132 1312 3195 ignavus,
1338 3141 1389 3181 et
1415 3132 1498 3181 vix
1520 3133 1627 3197 dig-

509 3212 604 3245 nus
625 3205 784 3260 poeta.

577 3259 845 3309 183—187.
889 3262 1122 3307 Extremi-5
1154 3262 1356 3307 duobus.-
1390 3260 1486 3309 vid.
1518 3276 1625 3326 sup.

512 3326 604 3372 164
617 3339 718 3387 sqq.
762 3324 1016 3386 Sergestus
1033 3324 1293 3381 Centauro,
1309 3340 1484 3387 magna
1497 3326 1626 3383 navi,

509 3388 800 3439 Mnestheus
834 3387 988 3435 veloci
1022 3387 1170 3435 Pristi
1207 3387 1440 3437 invectus.
1511 3390 1625 3437 Ser-

504 3452 629 3517 gesti
671 3453 970 3500 Centaurum
1045 3460 1130 3499 uta
1173 3452 1374 3515 propius
1414 3453 1475 3500 ad
1518 3468 1625 3501 sco-

541 3518 677 3566 ulum
709 3515 941 3564 interiore
1031 3532 1184 3579 eoque
1213 3516 1438 3564 breviore
1469 3517 1629 3580 spatio

533 3580 662 3645 quod
683 3580 735 3629 in
766 3596 820 3629 re
843 3580 1048 3629 circensi
1080 3580 1332 3629 sinistrum
1357 3592 1474 3639 erat,
1497 3582 1629 3629 unde

505 3646 554 3693 h.
585 3646 616 3693 1.
647 3645 712 3693 ad
744 3644 914 3693 navale
945 3652 1194 3694 certamen
1219 3645 1509 3703 traductum,
1529 3645 1627 3693 vid.

505 3724 550 3757 v.
595 3709 709 3771 116)
739 3709 1014 3766 succedere,
1049 3708 1234 3757 Pristin
1256 3708 1507 3758 Mnesthei
1542 3724 1627 3757 ex-

507 3772 685 3822 teriore
716 3787 884 3821 versus
920 3772 1140 3821 dextram
1173 3773 1444 3821 decurrere.
1501 3774 1628 3821 Cum

507 3847 672 3886 tamen
717 3835 892 3883 Pristis
927 3836 1132 3899 remigio
1172 3836 1370 3895 valeret,
1411 3838 1625 3886 Centau-

505 3917 615 3951 rum
656 3900 740 3949 illa
779 3908 854 3947 est
897 3908 1130 3958 assecuta,
1176 3900 1246 3947 ita
1289 3910 1345 3947 ut
1385 3901 1628 3950 anteriore

505 3965 645 4015 navis
675 3972 816 4029 parte
845 3964 1144 4011 Centaurum
1177 3975 1403 4025 aequaret,
1433 3974 1486 4012 et
1517 3974 1625 4013 tan-

431 4082 442 4093 ,
505 4038 612 4078 tum
645 4042 745 4077 non
780 4043 919 4089 oequo
953 4042 1065 4075 cum
1097 4028 1182 4075 illo
1213 4043 1358 4077 cursu
1389 4028 1625 4085 feri-etin:

506 4093 622 4141 inde
655 4092 800 4141 etiam
831 4107 978 4140 cursu
999 4092 1299 4140 Centaurum
1324 4101 1627 4141 antevertere

509 4158 764 4219 Sergestus
786 4156 838 4203 in
861 4156 1078 4204 animum
1097 4155 1306 4204 induxit.

577 4221 843 4267 188—190.
881 4221 1080 4269 Factam
1101 4220 1368 4269 orationem
1397 4219 1624 4283 pulcher-

509 4282 682 4331 rimam
709 4282 772 4331 ad
808 4284 1016 4331 Homeri
1045 4283 1383 4341 imitationem,
1413 4284 1495 4332 ubi
1517 4286 1625 4333 An-

509 4346 716 4393 tilochus
735 4362 884 4408 equos
905 4362 1018 4395 suos
1039 4346 1272 4423 increpat,
1300 4349 1438 4397 Iliad.
1461 4352 1509 4410 ψ,
1529 4352 1626 4398 402

505 4425 608 4471 sqq.
632 4424 801 4457 omnes
821 4411 1140 4460 observarunt
1170 4420 1325 4477 intpp.
1383 4416 1504 4462 Socii
1536 4428 1622 4463 na-

1694 2942 1841 3000 vales,
1866 2943 1947 3006 qui
1982 2944 2130 2993 iidem
2160 2946 2368 2994 heroicis
2402 2948 2705 3012 temporibus
2736 2966 2821 2999 re·

1694 3006 1850 3069 miges
1893 3017 2010 3057 sunt
2052 3018 2104 3057 et
2141 3010 2335 3058 milites.
2390 3013 2611 3060 Hectores·
2652 3013 2820 3087 simpl.

1693 3070 1909 3131 Trojani.
1967 3074 2096 3119 Sorte
2134 3090 2344 3135 suprema
2385 3075 2549 3137 Μαι,
2590 3076 2820 3134 excidio:

1694 3134 1826 3182 haud
1849 3134 2008 3184 dubie.

1765 3199 2031 3249 191—197.
2066 3202 2205 3249 Nemo
2223 3203 2363 3249 illas.-
2394 3201 2569 3251 similis
2586 3204 2817 3254 adhorta-

1692 3262 1762 3311 tio
1786 3263 1996 3311 Patrocli
2026 3263 2089 3311 ad
2119 3264 2296 3327 Ajaces
2326 3264 2453 3313 facta
2478 3266 2619 3315 Iliad.
2642 3286 2694 3327 r,
2720 3270 2818 3317 556

1692 3342 1762 3389 sq.
1829 3330 2043 3389 Syrtibus
2076 3327 2171 3376 vid.
2214 3343 2320 3393 sup.
2356 3329 2388 3387 i,
2431 3332 2535 3378 111.
2608 3335 2821 3383 Get-aas

1693 3394 1853 3453 Syrtes
1877 3393 1981 3453 jam
2003 3407 2047 3439 v.
2075 3393 2151 3450 51,
2185 3392 2387 3441 dixerat.
2444 3396 2575 3443 Ionio
2607 3400 2657 3445 in
2680 3402 2813 3455 nari,

1692 3470 1803 3502 cum
1824 3470 1887 3503 ex
1910 3456 2057 3503 Creta
2078 3456 2349 3513 solvissent,
2371 3456 2441 3513 iii,
2468 3459 2559 3507 192
2580 3476 2686 3523 sqq.
2712 3474 2817 3510 tum

1694 3518 1840 3566 etiam
1860 3521 2028 3567 Malea
2044 3519 2097 3567 in
2116 3530 2333 3569 extrema
2352 3522 2565 3571 Laconia
2580 3539 2815 3587 promon-

1693 3581 2011 3695 fflzs?
2039 3583 2819 3710 summumne

1692 3710 1795 3757 fere
1815 3711 1963 3773 ῥεῦμα
1985 3710 2337 3771 feminam-ror,
2359 3730 2397 3760 s·
2526 3686 2538 3709 ’
2588 3732 2674 3774 ιον,
2697 3716 2815 3765 dum

1691 3772 1867 3823 fluctus
1905 3775 2107 3823 fluctum
2150 3786 2307 3851 urget,
2350 3778 2581 3839 quonism
2626 3779 2681 3828 in
2722 3782 2814 3829 hac

1690 3838 1835 3901 plag-a
1865 3839 2030 3903 paullo
2062 3840 2295 3889 tumidius
2328 3856 2463 3890 mare
2492 3851 2583 3891 est.
2652 3848 2811 3897 Quan-

1692 3918 1825 3964 quam
1854 3920 1893 3960 o,
1927 3903 2115 3952 utinam
2146 3904 2417 3953 vincerem!
2471 3908 2701 3968 Redime,
2734 3925 2813 3958 or-

1692 3974 1805 4015 nate
1838 3982 1929 4031 pro
1964 3982 2093 4043 esse:
2143 3977 2194 4016 et
2226 3966 2357 4030 adas
2390 3986 2568 4035 magna
2600 3988 2715 4023 cum
2749 3974 2813 4032 vi,

1690 4033 2131 4144 prqggprgggobss
2153 4096 2293 4144 Iliad.
2314 4101 2364 4159 ψ,
2382 4097 2477 4149 417
2494 4114 2565 4162 sq.
2590 4102 2809 4149 Proca-

1694 4162 1819 4217 bunt,
1842 4160 1971 4221 quod
1999 4158 2133 4217 alias,
2157 4159 2459 4211 incumbunt.
2514 4166 2669 4212 Solst-
2698 4166 2747 4213 h.
2776 4164 2811 4213 1.

1691 4227 2209 4335 {ng-eugubinum,
2247 4226 2383 4275 sulco
2416 4226 2544 4275 sacto
2560 4244 2575 4275 :
2624 4228 2725 4277 vid.
2761 4245 2811 4279 v·

1756 4352 2027 4401 201—206.
2081 4352 2297 4402 Multum
2331 4352 2576 4418 ἐναργείας
2606 4356 2659 4404 in
2692 4358 2743 4405 h.
2774 4357 2809 4405 l.

1690 4418 1929 4475 Honorem,
1945 4416 2215 4476 victoriam,
2230 4427 2286 4467 ut
2300 4428 2663 4469 auteres-terent
2678 4422 2824 4471 Cen«
