3050 4934
391 245 613 308 ,468

1372 239 1899 305 AENEIDOS

663 397 1020 473 Occiderit,
1053 397 1426 481 patriasque
1455 393 1737 480 explerit
1768 393 2079 477 sanguine
2110 371 2342 478 poenas

661 499 977 562 Turbatis
1008 498 1359 562 distractus
1389 499 1598 582 equiS,
1630 497 1717 560 ad
1749 496 1964 559 sidera
1992 517 2221 559 rursus

661 598 968 662 AEtheria
999 609 1066 662 et
1096 619 1369 682 superas
1401 597 1551 662 coeli
1580 598 1831 661 venisse
1866 596 1989 660 sub
2018 619 2234 673 auras,

664 699 924 762 Paeonis
957 711 1330 764 revocatum
1358 698 1583 762 herbis
1612 710 1679 762 et
1709 719 1927 761 amore
1960 697 2217 762 Dianai.

491 803 619 865 770
662 800 836 864 Tum
867 811 1055 884 pater
1083 802 1516 884 omnipotenS,
1548 799 1827 883 aliquem
1856 799 2230 882 indignatus
2260 800 2345 863 ab
2374 799 2619 864 umbris

663 900 1012 966 Mortalem
1045 900 1312 964 infernis
1344 902 1430 964 ad
1459 900 1699 964 lumina
1730 921 1999 984 surgere
2031 901 2204 977 vitm,

665 1006 818 1089 Ipse
850 1016 1252 1088 repertorem
1283 1004 1619 1068 medicinae
1650 1003 1795 1066 talis
1825 1014 1895 1067 et
1923 1003 2081 1066 artis

661 1105 954 1169 Fulmine
986 1103 1460 1188 Phoebigenam
1490 1105 1751 1188 Stygias
1784 1105 2062 1168 detrusit
2090 1105 2156 1168 in
2186 1106 2419 1184 undas.

662 1205 760 1282 At
789 1207 1016 1270 Trivia
1048 1204 1480 1288 Hippolytum
1509 1206 1774 1268 secretis
1804 1203 1969 1268 alma
1998 1207 2295 1270 recondit

493 1311 621 1374 775
667 1309 975 1382 Sedibus»,
1009 1317 1076 1370 et
1105 1305 1406 1390 nymphae
1439 1305 1705 1388 Egeriae
1734 1304 2107 1388 nemorique
2138 1304 2420 1390 relegat3

667 1409 864 1473 Solus
893 1409 1005 1472 ubi
1035 1409 1100 1471 in
1133 1405 1306 1470 silvis
1339 1405 1518 1469 Italis
1552 1405 1854 1488 ignobilis
1882 1427 2090 1470 aevum

667 1511 1012 1594 Exigeret,
1045 1529 1364 1592 versoque
1393 1508 1504 1571 ubi
1535 1507 1789 1570 nomine
1822 1505 2093 1573 Virbius
2120 1519 2318 1571 esset.

669 1611 866 1675 Unde
897 1612 1092 1674 etiam
1121 1608 1362 1693 templo
1392 1608 1637 1672 Triviae
1668 1606 1961 1691 lucisque
1992 1609 2258 1672 sacratis

668 1712 1074 1795 Cornipedes
1103 1721 1408 1774 arcentur
1437 1710 1625 1792 equi;
1670 1709 1849 1792 quod
1878 1708 2095 1772 littore
2126 1731 2387 1773 currum

494 1815 624 1879 780
669 1813 762 1876 Et
783 1814 1090 1897 juvenem
1117 1811 1422 1875 monstris
1453 1810 1673 1894 pavidi
1701 1808 1997 1873 effudere
2024 1811 2308 1874 marinis·

667 1914 868 1978 Filius
899 1914 1206 1978 ardentes
1237 1911 1416 1975 haud
1449 1912 1660 1976 secius
1690 1932 1952 1993 aequore
1982 1912 2191 1994 campi

671 2017 1047 2081 Exercebat
1077 2035 1305 2098 equos,
1337 2034 1665 2096 curruque
1694 2013 1761 2075 in
1790 2011 1961 2076 bella
1985 2013 2241 2077 ruebat.

755 2117 908 2201 Ipse
940 2118 1109 2180 inter
1137 2115 1378 2198 primos
1409 2115 1747 2198 praestanti
1776 2135 2051 2198 corpore
2083 2113 2351 2178 Turnus

671 2219 973 2282 Vertitur
1001 2239 1178 2280 arma
1205 2227 1459 2292 tenens,
1493 2227 1563 2279 et
1591 2225 1730 2280 toto
1760 2216 2003 2280 vertice
2036 2238 2235 2300 supra
2262 2226 2399 2282 est:

501 2321 626 2387 785
672 2319 797 2384 Cui
828 2317 1063 2402 triplici
1092 2318 1318 2382 crinita
1341 2317 1506 2401 juba
1536 2315 1722 2399 galea
1752 2315 1883 2380 alta
1912 2316 2297 2382 Chimaeram

673 2421 987 2496 Sustinet,
1019 2419 1322 2484 AEtnoeos
1349 2417 1675 2482 efflantem
1706 2417 2001 2484 faucibus
2028 2419 2249 2501 ignes;

672 2523 842 2587 Tam
871 2523 1074 2606 magis
1104 2519 1213 2583 illa
1241 2519 1551 2595 fremenS,
1578 2530 1646 2583 et
1674 2518 1969 2582 tristibus
2000 2519 2205 2583 effera
2232 2520 2524 2597 flammis,

672 2624 890 2697 Quam
919 2622 1122 2706 magis
1154 2620 1366 2685 effuso
1397 2621 1791 2684 crudescunt
1822 2621 2133 2704 sanguine
2162 2643 2421 2706 pugnae.

673 2723 768 2789 At
796 2724 999 2788 levem
1031 2721 1310 2806 clipeum
1340 2720 1613 2784 sublatis
1643 2722 1947 2785 cornibus
1979 2720 2055 2785 Io

503 2828 632 2894 790
674 2825 864 2892 Auro
893 2825 1268 2912 insignibat,
1291 2823 1428 2906 jam
1460 2823 1635 2888 saetis
1664 2823 1901 2899 obsita,
1923 2823 2061 2908 jam
2082 2825 2226 2900 bos,

504 3003 734 3051 Phaedrae.
795 3005 1012 3062 Εερὶἓνὶί
1041 3003 1263 3064 sanguine
1291 3016 1465 3061 poenas,
1499 3015 1628 3047 nove

501 3067 641 3124 dixit,
664 3077 721 3114 ut
738 3065 1003 3122 exsolvere,
1027 3063 1300 3121 exhaurire,
1316 3063 1445 3122 dare,
1471 3079 1625 3126 quan-

503 3141 606 3179 tum
627 3131 920 3193 imperatum
945 3139 1033 3187 est,
1055 3137 1211 3176 morte
1233 3128 1382 3184 luere.
1446 3131 1625 3176 Turba·

505 3199 566 3242 tis
586 3209 678 3261 pro
700 3193 1034 3242 consternatis.
1088 3195 1168 3240 Ad
1187 3195 1344 3240 sidera
1364 3210 1523 3240 rursus
1548 3207 1625 3239 or·

506 3269 618 3307 nate
642 3274 732 3324 pro
751 3257 1002 3306 revixisse.
1059 3259 1258 3304 Paeom't‘s
1283 3260 1436 3305 herbis
1465 3256 1631 3320 simpl:

503 3339 594 3388 pro
618 3321 985 3378 medicantibus,
1009 3321 1224 3378 medicis,
1249 3337 1279 3368 a
1301 3322 1479 3369 Paeone
1507 3321 1625 3368 deo-

505 3404 614 3436 rum
659 3386 861 3445 medico,
910 3385 1153 3449 Apolline.
1225 3387 1301 3434 De
1343 3384 1628 3450 AEsculapio

507 3452 680 3501 Phoebi
703 3451 818 3508 filio,
837 3450 968 3514 quod
989 3449 1217 3498 mortales
1239 3450 1290 3497 in
1312 3449 1462 3499 vitam
1481 3450 1623 3498 resti·

506 3527 677 3630 pietat,
703 3532 730 3564 a
747 3517 874 3565 Jove
895 3515 1100 3564 fulmine
1123 3529 1370 3579 percusso,
1389 3514 1533 3563 obvia
1556 3524 1631 3563 est

525 3582 682 3630 abula.
786 3627 796 3632 ,
1017 3579 1022 3584 ”

574 3646 683 3702 775,
709 3645 816 3696 776.
853 3647 1061 3708 Relegae,
1079 3644 1291 3701 mandat,
1311 3643 1474 3700 tradit,
1495 3659 1629 3691 com-

505 3710 716 3758 mendat.
795 3708 898 3758 Alii
943 3713 1112 3757 nemon·
1155 3713 1344 3772 relegat,
1391 3717 1629 3770 segregat.

506 3777 742 3838 Ignobilis‚
765 3773 819 3822 in
842 3775 1018 3822 bonam
1039 3784 1242 3836 partem,
1265 3784 1436 3837 utpote
1467 3773 1519 3820 in
1550 3788 1627 3820 se·

503 3855 645 3888 cessu
665 3849 714 3888 et
745 3837 1020 3894 solitudine,
1043 3837 1236 3900 placide
1263 3838 1385 3885 adeo
1415 3847 1462 3885 et
1493 3846 1626 3884 tran·

537 3903 668 3952 uille.
691 3916 698 3931 ·

503 3921 536 3967 q
571 3968 844 4019 778—781.
889 3969 1018 4014 Unde
1040 3969 1178 4013 etiam
1203 3968 1378 4026 templo.
1439 3965 1627 4028 Religi-

503 4049 618 4082 osus
647 4031 800 4096 igitur
826 4039 932 4080 erat
962 4045 1082 4086 mos,
1105 4039 1163 4077 ut
1193 4029 1254 4077 ad
1285 4029 1450 4077 lucum
1481 4045 1631 4077 curru

505 4098 618 4145 vehi
635 4096 772 4146 nefas
789 4106 947 4144 esset:
981 4109 1128 4142 causa
1149 4095 1210 4142 ab
1225 4092 1484 4157 Hippolyti
1507 4109 1626 4155 qua-

503 4161 656 4223 drigis
673 4160 800 4225 rapti
817 4161 1013 4208 fortuna
1027 4158 1301 4207 arcessitur.
1345 4159 1493 4208 Haud
1507 4161 1625 4206 seci-

503 4223 1627 4349 &uffizssffifidnffffi‘hl'sseeffi‘ss‘agiiiffssm’

572 4353 680 4402 783.
729 4355 846 4414 Ipse.
905 4352 1061 4402 Turni
1090 4351 1285 4414 generis
1315 4350 1625 4414 splendorem

505 4415 700 4480 egregie
732 4415 923 4464 ornavit
953 4427 1110 4478 poeta.
1167 4415 1422 4479 Originem
1454 4433 1482 4464 a
1518 4416 1619 4464 Da-

1692 3015 1799 3056 nae,
1825 2998 2005 3048 Acrisii
2026 2999 2157 3062 regis
2177 2999 2475 3063 Argivorum
2506 3000 2621 3059 filia,
2646 3001 2811 3050 Persei

1692 3073 1861 3121 matre,
1886 3079 1911 3112 r
1976 3063 2109 3112 etiit:
2136 3063 2231 3112 vid.
2256 3066 2319 3112 ad
2340 3081 2385 3113 v.
2419 3067 2703 3120 367—3725
2736 3065 2807 3113 fa-

1693 3127 1855 3176 bulam
1872 3145 1901 3175 v
1954 3143 2121 3191 garem
2138 3139 2337 3177 secutus
2354 3145 2449 3192 qua
2472 3131 2637 3178 Ardea
2656 3146 2686 3178 a
2709 3131 2809 3178 Da·

1694 3208 1785 3240 nae
1814 3192 2011 3240 condita
2044 3193 2346 3241 credebatur.
2415 3195 2539 3257 Ejus
2570 3205 2709 3258 pater
2738 3203 2811 3244 est

1694 3257 1915 3312 Daunus,
1942 3272 2031 3304 rex
2062 3257 2371 3315 Rutulorum,
2400 3261 2601 3308 Daum’ae
2624 3263 2813 3322 gentis,-

1692 3331 1848 3370 mater
1870 3337 1986 3370 vero
2010 3321 2220 3378 Venilia,
2244 3321 2433 3372 illustre
2454 3339 2633 3372 nomen
2659 3339 2688 3371 a
2713 3325 2808 3372 Ve—

1692 3386 1813 3434 nilia
1828 3386 1919 3434 dea
1936 3386 2147 3434 ductum.
2202 3389 2411 3434 Vertitur
2426 3387 2568 3436 docte
2584 3388 2647 3435 ad
2664 3388 2815 3436 animi

1692 3450 2004 3514 corporisque
2018 3450 2231 3514 vigorem
2250 3451 2619 3514 designandum,
2638 3463 2809 3510 movet,

1694 3514 1796 3576 agit
1816 3530 1883 3572 se,
1908 3529 1999 3577 pro
2020 3514 2233 3571 incedit;
2270 3525 2325 3563 ut
2352 3513 2657 3579 στρέφεσθαι.
2722 3521 2807 3565 Sn-

1690 3597 1782 3640 pra
1802 3587 1885 3634 est,
1912 3577 2144 3640 ὑπερέχει.

1763 3642 2033 3693 785-788.
2070 3643 2236 3701 Galea,
2262 3645 2503 3693 Chimaera
2528 3655 2713 3704 ornata,
2736 3646 2807 3694 fu-

1696 3715 1835 3755 rente
1857 3707 1909 3754 in
1934 3707 2107 3770 proelio
2130 3709 2311 3764 Turno,
2336 3709 2467 3757 inter
2486 3719 2651 3759 motus
2678 3710 2807 3774 rapi-

1694 3771 1783 3820 dos
1806 3784 1856 3820 et
1877 3772 2170 3835 multiplices
2191 3772 2262 3820 ita
2282 3783 2517 3830 coruscet,
2530 3785 2587 3823 ut
2602 3775 2809 3824 Chimoe·

1694 3851 1815 3893 ram,
1829 3851 1925 3898 quo
1948 3836 2103 3900 mag-is
2122 3851 2288 3912 pugna
2308 3837 2605 3898 exardescat,
2630 3855 2690 3888 eo
2712 3855 2811 3888 ma-

1694 3901 1771 3964 gis
1814 3900 2033 3949 flammas
2076 3915 2263 3964 spirare
2306 3901 2449 3951 dicat.
2518 3903 2612 3952 Est
2654 3917 2815 3954 autem

1690 3968 1829 4028 galea
1872 3969 2043 4014 crinita
2082 3968 2259 4027 triplico·
2288 3967 2427 4028 juba,
2472 3965 2661 4029 ἔχουσα
2690 3970 2815 4031 τρεῖς·

1693 4027 1886 4091 λόφους,
1959 4045 2071 4077 uam
2108 4027 2402 4092 τρυφάλειαν
2432 4031 2611 4080 dictam
2645 4033 2815 4081 volunt

1690 4108 1783 4168 pro
1798 4045 2065 4156 τριφέλεια.
2088 4157 2099 4168 Ι
2121 4095 2231 4152 lua,
2256 4095 2513 4155 Chimoera,
2537 4112 2637 4145 non
2658 4097 2807 4161 galea,

1694 4157 1971 4297 &8335ng
1989 4158 2193 4272 gineis-e
2260 4239 2397 4272 ressa
2421 4225 2479 4273 Io
2494 4241 2607 4274 eum
2630 4227 2815 4276 Inacho

1690 4285 1865 4342 fluv103
1904 4303 2015 4336 nam
2029 4303 2059 4336 a
2103 4289 2194 4336 hoc
2246 4289 2419 4338 ucebat
2432 4305 2588 4352 genus
2602 4290 2807 4340 Turum.

1690 4353 1895 4400 Sublatis
1939 4355 2149 4401 cornibus
2188 4355 2240 4401 Io
2276 4363 2444 4402 ornate
2480 4369 2571 4418 pro
2608 4355 2666 4404 lo
2706 4370 2811 4404 cor-

1688 4425 1823 4464 nuta.
