3050 4934
475 263 604 326 482

1369 253 1896 320 AENEIDOS

652 411 874 476 Elisos
907 409 1152 500 oculos,
1185 419 1250 473 et
1283 408 1524 473 siccum
1554 407 1873 491 sanguine
1900 415 2151 490 guttur.

652 514 974 579 Panditur
1002 509 1330 594 extemplo
1360 509 1608 574 foribus
1640 511 1871 573 domus
1902 519 2045 572 atra
2072 506 2381 584 revulsis3

647 614 1153 697 Abstractaeque
1185 615 1386 678 boves
1417 612 1869 694 abjurataeque
1902 609 2147 692 rapinae

652 716 839 780 Coelo
870 717 1327 790 ostenduntur,
1357 713 1771 798 pedibusque
1803 709 2073 774 informe
2104 710 2383 774 cadaver

477 819 606 881 265
651 817 1088 880 Protrahitur.
1165 815 1531 897 Nequeunt
1560 811 1815 897 expleri
1844 811 2046 876 corda
2074 809 2319 875 tuendo

655 917 1014 983 Terribiles
1046 916 1294 992 oculoS,
1328 913 1598 990 vultum,
1631 911 1985 996 villosaque
2018 913 2193 974 s'oetis

659 1019 940 1084 Pectora
972 1015 1273 1094 semiferi,
1305 1026 1502 1098 atque
1532 1015 1891 1078 exstinctos
1922 1011 2219 1076 faucibus
2246 1012 2453 1095 ignes.

663 1120 773 1184 Ex
804 1119 910 1182 illo
943 1117 1308 1182 celebratus
1340 1115 1572 1191 honos»,
1606 1115 1865 1198 laetique
1894 1115 2175 1177 minores

619 1255 627 1262 ·
655 1222 1012 1285 Servavere
1045 1221 1239 1294 diem,
1273 1218 1651 1303 primusque
1683 1215 1967 1280 Potitius
1996 1225 2247 1290 auctor,

423 1373 434 1378 -
482 1325 612 1388 270
658 1323 750 1386 Et
783 1322 1013 1384 domus
1048 1317 1362 1383 Herculei
1393 1329 1615 1382 custos
1648 1316 1911 1380 Pinaria
1942 1318 2133 1380 sacri.

659 1423 906 1487 *Hanc
937 1443 1114 1486 aram
1141 1419 1290 1498 luco
1321 1420 1571 1494 statuit,
1605 1441 1753 1501 quoe
1784 1416 2099 1481 Maxuma
2128 1439 2382 1502 semper

662 1526 700 1565 ⁴*
717 1523 998 1588 Dicetur
1027 1522 1238 1597 nobiS,
1269 1532 1338 1584 et
1367 1521 1490 1584 erit
1519 1541 1667 1602 quoe
1698 1541 1999 1582 maxuma
2028 1520 2349 1603 semper-⁴*

661 1626 886 1700 Quare
919 1625 1118 1708 agite,
1151 1645 1192 1686 o
1213 1624 1514 1706 juvenes,
1548 1632 1875 1685 tantarum
1905 1621 1971 1683 in
2002 1643 2267 1684 munere
2298 1619 2565 1684 laudum

662 1727 920 1810 Cingite
952 1723 1186 1788 fronde
1217 1745 1458 1799 comas,
1489 1733 1557 1786 et
1588 1721 1823 1806 pocula
1852 1723 2109 1805 porgite
2140 1722 2413 1797 dextriS,

489 1829 621 1894 275
667 1828 1474 1908 Communemque'vocate
1505 1823 1725 1898 deum,
1756 1832 1824 1886 et
1854 1823 2005 1886 date
2038 1823 2184 1886 vina
2214 1822 2521 1887 volentes·

675 1929 992 1993 Dixerat:
1042 1924 1374 1990 Herculea
1405 1922 1653 1988 bicolor
1683 1945 1881 2007 quum
1909 1923 2190 2008 populus
2220 1924 2449 1986 umbra

669 2029 1058 2112 Velavitque
1093 2049 1332 2102 comae,
1363 2023 1663 2109 foliisque
1694 2025 1932 2088 innexa
1960 2025 2308 2108 pependit3

663 2130 756 2193 Et
786 2151 969 2194 sacer
997 2127 1284 2211 implevit
1314 2127 1615 2190 dextram
1648 2125 1955 2209 scyphus.
2034 2125 2241 2188 Ocius
2274 2147 2494 2189 omnes

666 2230 743 2294 In
771 2251 1058 2294 mensam
1087 2227 1220 2291 laeti
1250 2226 1479 2302 libant,
1511 2226 1829 2309 divosque
1860 2236 2230 2310 precantur.

489 2333 620 2398 280
752 2331 1030 2394 Devexo
1060 2330 1310 2392 interea
1338 2328 1610 2412 propior
1638 2327 1714 2390 fit
1746 2326 2008 2410 Vesper
2040 2325 2431 2414 QleQ-

665 2433 945 2516 Jamque
979 2430 1354 2496 sacerdotes
1386 2429 1765 2513 primusque
1798 2425 2077 2490 Potitius
2108 2428 2311 2503 ibant,

666 2533 957 2598 Pellibus
989 2533 1054 2595 in
1085 2552 1328 2596 morem
1359 2529 1574 2604 cincti,
1606 2528 2024 2611 flammasque
2054 2527 2371 2593 ferebant.

666 2638 704 2677 *⁸
722 2635 1100 2699 Instaurant
1127 2628 1379 2715 epulaS,
1410 2641 1477 2692 et
1505 2651 1747 2694 mensae
1776 2639 1965 2712 grata
1994 2631 2301 2694 secundae

670 2735 922 2800 *Dona
952 2733 1194 2808 ferunt,
1226 2728 1685 2813 cumulantque
1718 2731 2001 2793 oneratis
2032 2729 2323 2796 lancibus
2356 2736 2571 2798 aram*

497 2841 626 2905 285
671 2838 846 2902 Tum
880 2833 1036 2900 Salii
1067 2833 1153 2898 ad
1183 2841 1437 2906 cantus,
1469 2831 1733 2896 incensa
1762 2829 1989 2896 altaria
2017 2833 2279 2910 circum,

499 3027 691 3078 doctius
731 3041 876 3089 quam
919 3025 1060 3084 nodo,
1100 3041 1190 3090 per
1227 3023 1424 3072 nodum.
1497 3027 1625 3072 Com-

497 3096 660 3154 plexus
691 3093 885 3151 corripit
917 3097 1086 3137 ornate
1129 3104 1222 3162 pro
1272 3087 1627 3151 complectitur.

502 3156 748 3217 Abjuratae
770 3156 946 3215 rapina
961 3171 979 3206 ,·
1013 3152 1212 3215 respicit
1241 3151 1495 3226 epitheton
1525 3167 1629 3200 rem

504 3234 565 3267 au
596 3234 654 3267 ra
675 3232 772 3265 non
805 3225 1134 3272 memoratam,
1159 3215 1246 3264 sed
1275 3215 1526 3263 intellectu
1557 3216 1627 3264 fa-

504 3283 678 3331 ciem:
715 3282 898 3328 Cacum
921 3279 1136 3343 perjurio
1167 3295 1370 3342 negasse
1401 3295 1454 3328 se
1481 3281 1631 3328 boves

507 3345 638 3410 apud
660 3361 713 3394 se
735 3346 928 3393 habere.

569 3410 841 3460 268—270.
879 3407 1014 3456 Hinc
1041 3423 1229 3456 sacrum
1263 3407 1499 3456 celebrari
1529 3425 1627 3456 coe-

503 3474 593 3540 pit,
617 3473 748 3538 quod
777 3471 962 3538 posteri
995 3471 1222 3520 traditum
1259 3481 1529 3530 servarunt,
1562 3471 1631 3520 ita

503 3550 560 3589 ut
581 3539 740 3588 adhuc
759 3535 1147 3588 anniversarium
1171 3535 1389 3585 sollenne
1413 3551 1627 3598 agamus-

508 3605 720 3652 Narrata
739 3619 820 3653 rea
841 3618 870 3649 a
895 3602 1001 3650 Liv.
1027 3601 1058 3659 i,
1086 3600 1129 3658 7,
1155 3611 1206 3649 et
1225 3599 1291 3659 ix,
1319 3601 1394 3648 29.
1453 3603 1630 3658 Custos,

505 3669 724 3724 antistes,
773 3681 882 3730 quae
919 3676 1112 3714 curaret
1143 3679 1346 3713 sacrum.
1427 3665 1632 3713 Inversa

507 3743 670 3782 autem
690 3731 844 3780 oratio
861 3745 966 3794 pro,
986 3729 1196 3778 Potitius
1214 3738 1266 3777 et
1283 3728 1522 3786 Pinarius,
1543 3743 1631 3777 seu

508 3796 678 3844 Potitii
698 3805 748 3843 et
771 3792 971 3843 Pinarii.
1034 3794 1094 3841 In
1117 3793 1287 3840 eodem
1304 3809 1455 3850 sacro,
1480 3797 1631 3854 capite

507 3871 650 3910 erant
687 3868 846 3922 aperto
883 3857 966 3921 qui
1008 3872 1144 3905 sacra
1181 3855 1447 3904 faciebant:
1501 3856 1632 3904 unde

505 3941 635 3982 mox,
662 3924 772 3982 274,
799 3921 908 3980 277,
933 3935 1072 3968 coma
1093 3920 1344 3969 frondibus
1361 3919 1589 3983 cingitur.

567 3990 676 4048 271,
694 3988 802 4039 272.
839 3985 1080 4049 Equidem
1103 4000 1216 4033 cum
1233 3999 1378 4032 versu
1401 3985 1496 4034 270
1521 3983 1631 4033 fini-

507 4053 682 4102 endam
705 4051 914 4100 arbitror
936 4047 1242 4105 sententiam,
1263 4057 1312 4094 et
1332 4063 1502 4096 versus
1521 4047 1631 4106 271,

508 4117 604 4168 272
637 4117 902 4181 ejiciendos
929 4125 1159 4176 tanquam
1191 4112 1561 4170 commentitios,
1584 4121 1635 4160 et

507 4181 714 4230 alterum
729 4197 790 4229 ex
809 4180 960 4228 altero
983 4191 1255 4242 procusum.
1310 4175 1448 4223 Nihil
1465 4186 1635 4250 potest

509 4261 616 4294 esse
651 4244 868 4307 Jejunius
907 4252 957 4290 et
995 4249 1139 4306 poeta
1179 4237 1333 4302 magis
1375 4239 1633 4303 indignum

507 4323 670 4372 quam,
693 4325 794 4369 qaae
817 4311 1040 4354 Maxuma
1067 4321 1242 4366 semper
1267 4307 1464 4352 Dicetur
1489 4309 1631 4362 nohis,

505 4381 554 4420 et
569 4376 658 4420 erit
678 4387 778 4432 quae
799 4387 1012 4418 maxuma
1029 4385 1218 4429 semper.

575 4433 847 4484 273—275.
889 4436 1138 4480 Tantarum
1155 4435 1205 4478 t’n
1227 4449 1408 4480 munere
1431 4437 1631 4482 wadum.

1696 3025 1880 3074 Laudes
1915 3024 2144 3074 dicuntur
2164 3023 2323 3089 poetis
2357 3040 2449 3089 pro
2468 3023 2729 3074 virtutibus
2766 3036 2821 3073 et

1694 3097 1891 3137 strenue
1909 3089 2074 3138 factis:
2112 3105 2228 3153 ergo
2245 3093 2293 3138 in
2316 3106 2495 3138 munere
2518 3091 2705 3136 laudan
2727 3089 2823 3138 erit

1696 3152 1749 3200 in
1778 3153 2011 3202 honorem
2041 3153 2162 3202 tanti
2192 3153 2435 3210 facinoris,
2460 3168 2557 3215 quo
2586 3153 2649 3201 de
2678 3153 2822 3202 nobis

1698 3216 1877 3266 meruit
1893 3217 2158 3266 Hercules:
2184 3217 2244 3266 cf.
2261 3234 2367 3281 sup.
2392 3219 2483 3265 185
2498 3233 2599 3280 sqq.
2644 3218 2819 3282 Sequi-

1695 3290 1775 3330 tur
1793 3281 1928 3330 locus
1946 3283 2006 3329 de
2028 3281 2275 3330 libatione.
2325 3284 2531 3345 Porgioe,
2554 3297 2653 3330 non
2669 3293 2727 3330 ut
2748 3281 2819 3331 al-

1696 3355 1772 3394 ter
1788 3345 1927 3394 alteri
1953 3361 2016 3394 ex
2037 3345 2207 3394 ordine
2322 3346 2459 3394 ulum
2484 3348 2713 3409 praebeat,
2738 3357 2823 3395 aut

1695 3409 1920 3458 omnibus
1936 3409 2130 3466 famuli;
2167 3427 2191 3458 s
2270 3409 2398 3473 quod
2416 3410 2585 3458 libatio
2602 3411 2661 3460 fit
2676 3427 2822 3460 manu

1696 3483 1991 3537 exporrecta*
2007 3485 2056 3522 et
2076 3474 2267 3538 prolato
2384 3474 2480 3522 ulo.
2540 3477 2823 3524 Commune-

1694 3541 1825 3586 demn
1844 3538 2071 3600 Trojanis
2090 3547 2141 3586 et
2157 3539 2202 3586 A
2324 3538 2444 3596 'bus‚
2464 3539 2713 3588 communi
2731 3540 2819 3588 fte-

1694 3600 1811 3650 dere
1826 3602 2025 3664 junctis,
2046 3601 2320 3666 hospitibus
2338 3610 2390 3650 et
2410 3603 2593 3651 amicis.

1762 3665 1872 3723 276,
1899 3665 2007 3716 277.
2044 3667 2208 3730 Caput
2226 3666 2383 3715 cinxit
2396 3671 2593 3729 populea
2614 3683 2821 3722 coruum

1696 3730 1826 3792 quod
1845 3735 2041 3792 populus
2062 3733 2245 3779 Alcida
2261 3735 2531 3794 pacissima
2554 3742 2604 3779 et
2627 3731 2823 3794 quidem

1698 3795 1831 3842 alba:
1868 3796 1961 3842 hoc
1983 3803 2165 3843 norunt
2194 3810 2377 3844 omnes.
2434 3798 2621 3844 Bicolor
2644 3807 2821 3854 tamen,

1696 3859 1916 3906 variante
1932 3859 2121 3907 scilicet
2136 3859 2347 3908 candore
2364 3859 2417 3908 in
2438 3859 2667 3909 foliorum
2688 3859 2823 3908 ston-

1699 3921 1829 3971 tibus
1870 3930 1921 3970 et
1966 3922 2126 3988 tergis.
2196 3923 2385 3998 Populo
2428 3925 2667 3973 successit
2708 3939 2827 3973 uam

1699 3986 1825 4034 lauri
1845 3986 1898 4035 in
1920 4003 2058 4035 sacro
2078 3986 2323 4036 Hercula.

1764 4049 1873 4100 278.
1910 4053 2128 4114 Scyphum,
2152 4051 2351 4115 proprie
2371 4051 2419 4100 h.
2440 4052 2471 4098 l.
2497 4051 2673 4110 dictus,
2696 4052 2751 4100 in
2772 4067 2830 4101 re

1700 4113 1907 4162 Herculi
1930 4129 2091 4163 sacra:
2128 4124 2331 4163 notante
2356 4115 2611 4164 Macrobio
2630 4133 2676 4174 ν,
2702 4119 2783 4165 21.

1764 4181 1873 4227 280.
1909 4183 2089 4227 Devexo
2115 4181 2332 4241 Olympo.-
2364 4179 2502 4243 coelo,
2532 4181 2833 4230 circumacto

1700 4251 1835 4290 motu
1873 4242 2065 4301 diurno,
2106 4243 2377 4292 inclinante
2414 4259 2494 4300 se3
2543 4253 2599 4293 ut
2637 4245 2689 4303 ii,
2730 4247 2832 4292 250

1705 4309 1915 4355 Vertitur
1934 4312 2111 4356 interea
2132 4311 2305 4355 coelam.

1701 4434 1712 4445 .
1764 4373 2035 4419 282—284.
2088 4371 2390 4436 Religiosum
2430 4371 2579 4420 ritum
2616 4371 2833 4421 describi

1698 4451 1751 4482 in
1770 4446 1941 4498 aperto
1962 4445 2051 4492 est,
2084 4451 2181 4497 quo
2212 4436 2342 4496 ignis
2374 4435 2425 4483 in
2462 4451 2547 4484 ara
2580 4437 2829 4485 instaura·

3021 3227 3047 3936 *ssr
3041 3067 3046 3216 -—*—
