3050 4934
1339 243 1983 308 BUCOLICON

676 394 964 458 Puniceo
995 394 1196 458 stabis
1229 417 1415 458 suras
1443 396 1697 459 evincta
1725 394 2087 458 cothurno.-

673 494 907 558 Tam.
955 495 1183 558 Sinum
1212 493 1419 570 lactiS,
1453 506 1520 559 et
1548 495 1691 560 haec
1722 507 1786 558 te
1818 494 1971 570 liba,
2004 494 2268 577 Priape,
2300 494 2651 576 quotannis

677 595 1086 680 Exspectare
1119 607 1221 659 sat
1247 608 1383 658 est:
1431 607 1654 660 custos
1682 617 1753 659 es
1782 597 2090 680 pauperis
2122 595 2317 658 horti.

546 699 631 760 35
675 695 872 761 Nunc
901 708 964 761 te
995 718 1422 760 marmoreum
1450 718 1573 780 pro
1604 709 1897 780 tempore
1924 697 2227 773 fecimus3
2275 706 2343 758 at
2374 708 2467 770 tu,

675 797 750 860 Si
777 796 1020 862 foetura
1047 797 1314 880 gregem
1347 796 1767 881 suppleverit,
1800 819 2038 861 aureus
2063 807 2227 861 esto.

676 897 846 960 Con.
897 897 1148 962 Nerine
1179 897 1482 974 Galatea,
1515 897 1739 982 thymo
1764 897 1923 960 mihi
1950 897 2201 962 dulcior
2231 896 2493 980 Hyblae,

675 998 1031 1062 Candidior
1061 1000 1300 1082 cycniS,
1331 998 1581 1062 hedera
1610 997 1952 1062 formosior
1982 998 2165 1074 alba3

677 1100 900 1172 Quum
931 1101 1208 1184 primum
1237 1101 1408 1182 pasti
1439 1109 1741 1183 repetent
1770 1101 2093 1183 praesepia
2123 1099 2316 1173 tauri,

547 1201 634 1263 40
679 1200 751 1263 Si
780 1223 910 1282 qua
941 1201 1036 1264 tui
1065 1200 1428 1283 Corydonis
1459 1199 1663 1262 habet
1692 1209 1757 1262 te
1789 1222 1968 1275 cura,
2000 1201 2237 1262 venito·

675 1300 909 1364 Tum.
966 1299 1168 1362 Immo
1197 1321 1321 1382 ego
1352 1299 1622 1363 Sardois
1653 1299 1877 1362 videar
1906 1300 2025 1363 tibi
2052 1300 2329 1363 amarior
2358 1299 2601 1377 herbiS,

677 1401 1026 1464 Horridior
1055 1421 1270 1476 rusco,
1303 1399 1599 1483 projecta
1629 1399 1810 1462 vilior
1840 1400 2009 1484 alga,

677 1501 752 1565 Si
779 1500 935 1564 mihi
965 1523 1094 1564 non
1122 1500 1266 1565 haec
1296 1499 1410 1564 lux
1438 1511 1579 1564 toto
1600 1501 1738 1583 jam
1765 1499 2019 1584 longior
2046 1523 2215 1565 anno
2246 1513 2367 1566 est.

677 1601 776 1665 Ite
808 1603 1071 1666 domum
1101 1602 1294 1685 pasti,
1327 1603 1382 1664 si
1411 1601 1558 1684 quis
1590 1601 1828 1684 pudor,
1859 1601 1947 1664 ite
1968 1603 2252 1684 juvenci.

503 1837 618 1886 dem
651 1835 846 1885 habitus
880 1836 972 1885 iste
1009 1836 1098 1885 tibi
1127 1851 1218 1901 pro
1253 1835 1354 1884 rius
1392 1846 1480 1893 est,
1523 1836 1628 1884 fieri

506 1902 592 1950 vix
608 1909 795 1965 potest3
821 1916 934 1948 nam
965 1910 1018 1948 et
1044 1901 1191 1962 friget
1255 1917 1324 1957 oc,
1351 1909 1402 1948 et
1429 1900 1631 1948 deberet

504 1965 576 2013 ita
593 1981 700 2013 esse
721 1973 790 2013 est
810 1979 909 2012 non
919 1963 1086 2025 suerit.
1130 1964 1233 2012 Alii
1255 1964 1384 2027 apud
1403 1963 1627 2011 Servium

499 2033 740 2090 proprium
775 2031 856 2075 hoc
889 2028 952 2076 ad
987 2043 1185 2090 gregem
1221 2043 1365 2090 quem
1433 2029 1631 2076 ascebat

507 2091 603 2152 (ita
629 2091 948 2156 responderet
969 2109 1014 2140 v.
1045 2091 1146 2152 36),
1172 2091 1253 2139 alii
1278 2091 1374 2139 adi
1431 2092 1562 2154 quod
1583 2108 1627 2139 v.

507 2157 566 2202 21
609 2171 710 2218 sqq.
749 2155 972 2220 petierat,
1017 2165 1074 2203 ut
1115 2171 1311 2204 carmen
1347 2156 1454 2212 sibi,
1488 2156 1630 2218 quale

506 2219 682 2276 Codro,
707 2219 1024 2282 contingeret,
1045 2219 1276 2268 referunt.
1327 2219 1513 2268 Volunt
1536 2219 1628 2268 sci-

505 2282 622 2331 licet
638 2284 742 2331 haec
761 2299 824 2332 ex
840 2283 1111 2348 Corydonis
1129 2299 1339 2358 persona
1356 2284 1486 2332 dicta
1509 2299 1630 2340 esse,

503 2356 562 2395 ut
593 2347 1004 2411 comparationem
1036 2347 1298 2396 instituere
1319 2348 1508 2396 dicatur
1532 2350 1627 2396 Co-

503 2411 686 2474 rydon:
741 2411 910 2459 Micon
945 2411 1034 2460 tibi
1071 2413 1175 2460 haec
1218 2411 1378 2476 capita
1413 2413 1545 2460 cervi
1582 2422 1633 2461 et

503 2474 610 2539 apri
651 2474 846 2534 dicavit,
887 2491 916 2522 o
957 2476 1144 2532 Diana;
1198 2485 1250 2524 at
1292 2492 1383 2539 ego
1420 2485 1630 2525 statuam

505 2553 840 2598 marmoream,
876 2540 1004 2602 quod
1025 2543 1182 2602 majus
1205 2550 1292 2597 est,
1318 2540 1405 2588 tibi
1433 2556 1628 2605 ponam,

503 2603 546 2651 si
575 2603 804 2678 proprius
831 2619 888 2651 ac
913 2612 1182 2668 perpetuus
1201 2619 1324 2666 grex
1353 2604 1434 2652 hic
1465 2605 1627 2653 fuerit.

507 2667 776 2715 Enimvero
793 2667 862 2716 sic
895 2667 1130 2731 impedita
1152 2669 1297 2730 liujus
1320 2683 1489 2716 versus
1523 2685 1625 2716 ma-

505 2739 592 2779 net
619 2730 770 2786 ratio,
815 2741 864 2778 et
894 2731 1179 2780 adversatur
1209 2733 1316 2789 hoc,
1351 2733 1481 2794 quod
1514 2747 1629 2780 mox

504 2794 712 2842 alterum
763 2794 1075 2858 epigramma,
1127 2795 1274 2844 etiam
1319 2811 1382 2844 ex
1427 2795 1628 2845 alterius

539 2857 714 2906 astoris
744 2873 954 2921 persona
977 2859 1244 2922 subjicitur.
1314 2860 1392 2907 De
1407 2865 1629 2922 protentis

523 2937 716 2970 eratum
751 2922 924 2971 Dianae
955 2924 1250 2972 consecratis
1283 2933 1334 2972 et
1365 2939 1426 2972 ex
1457 2925 1628 2973 arbore

505 2985 756 3051 suspensis
797 2997 914 3036 nota
953 3003 1044 3036 res.
1121 2988 1195 3036 Cf.
1241 2988 1356 3036 AEn.
1403 2987 1470 3047 ix,
1514 2990 1625 3046 407,

571 3117 646 3162 32.
682 3114 900 3176 Antiquo
920 3129 1054 3164 more
1072 3115 1125 3163 in
1143 3116 1316 3164 statuis
1333 3115 1479 3165 etiam
1497 3132 1626 3165 mar-

505 3178 682 3226 moreis
723 3179 928 3228 vestitus
967 3180 1209 3228 coloribus
1251 3180 1387 3244 pingi
1426 3180 1625 3236 solitus;

505 3242 574 3290 ita
592 3242 640 3289 h.
659 3242 689 3289 l.
707 3243 887 3306 pedum
909 3243 1262 3292 indumentum.
1303 3245 1364 3292 In
1389 3245 1558 3308 Epigr.
1575 3245 1627 3292 in

505 3305 794 3354 AEneidem:
832 3309 1202 3369 Marmor-easque
1233 3312 1333 3366 tibi,
1357 3312 1458 3365 dea,
1483 3313 1625 3357 versi-

503 3373 725 3418 coloribus
747 3374 837 3418 alis
864 3373 922 3418 In
953 3387 1117 3420 morem
1142 3376 1274 3432 picta
1305 3376 1451 3420 stabit
1487 3376 1629 3422 Amor·

498 3437 736 3496 pharetra.
822 3437 1062 3493 Gothumo,
1088 3436 1215 3498 quod
1245 3436 1627 3485 calceamentum

505 3497 809 3547 venatorium
861 3509 950 3556 est,
1007 3499 1168 3548 Diana
1215 3499 1316 3548 fere
1365 3500 1628 3564 conspicua

504 3563 556 3610 in
578 3561 732 3626 signis
753 3571 805 3610 et
824 3562 1044 3626 gemmis.
1105 3567 1303 3612 Evincta
1325 3573 1486 3629 potest
1503 3580 1625 3624 esse,

504 3642 533 3675 a
555 3627 679 3691 pede
695 3627 758 3675 ad
775 3642 913 3676 suras
931 3643 1104 3690 usque3
1138 3627 1233 3676 nisi
1253 3638 1328 3677 est
1343 3627 1632 3692 simpliciter

505 3691 682 3743 vincta.
706 3700 762 3739 ut
784 3691 898 3739 AEn.
920 3691 951 3748 i,
979 3693 1086 3743 337.
1137 3695 1305 3750 Stabis,
1330 3710 1425 3741 vox
1448 3694 1627 3741 sollen-

504 3754 608 3803 nis:
641 3755 726 3802 tibi
749 3764 908 3803 statua
961 3766 1148 3803 onetur.
1193 3757 1451 3820 Expressit
1467 3757 1629 3804 locum

503 3819 634 3867 hunc
658 3818 842 3867 Statius
865 3817 898 3865 ii
967 3819 1077 3866 heb.
1103 3819 1196 3868 725
1221 3835 1322 3881 sqq.

570 3883 776 3930 33—36.
814 3882 979 3929 Etiam
995 3882 1100 3939 hoc,
1119 3890 1176 3929 ut
1197 3882 1314 3940 dixi,
1331 3883 1629 3947 epigramma

505 3953 595 4002 est,
614 3946 780 4010 Priapi
795 3946 936 4010 signo
948 3945 1161 4003 affixum,
1172 3955 1230 3993 ut
1240 3947 1497 3996 innumera
1509 3947 1605 3995 alia
1616 3966 1627 4002 ς

506 4009 653 4071 idque
676 4021 844 4058 votum
866 4010 912 4059 ei
931 4009 1124 4058 factum.
1195 4010 1400 4073 Signum
1421 4013 1525 4073 ejus
1556 4019 1631 4060 est

507 4087 570 4120 ex
589 4087 827 4123 marmore
850 4075 990 4136 (sane
1011 4091 1042 4122 a
1069 4083 1262 4138 pastore
1293 4074 1508 4137 ligneum
1542 4091 1627 4122 ex-

505 4136 772 4200 pectabas),
807 4139 868 4186 ad
894 4138 1023 4201 quod
1053 4154 1187 4186 sacra
1217 4139 1476 4201 quotannis
1505 4139 1633 4188 fiunt

505 4200 756 4264 pastoritia
772 4219 782 4248 ε
819 4212 970 4275 ponet
983 4217 1044 4250 ex
1056 4213 1170 4251 voto
1185 4217 1381 4251 auream
1401 4212 1623 4261 statuam,

505 4263 546 4310 si
567 4263 687 4311 deus
707 4265 948 4329 propitius
969 4266 1129 4316 fuerit.
1199 4269 1285 4316 Sat
1307 4277 1382 4316 est
1405 4267 1494 4316 tibi
1523 4269 1626 4318 hoec

505 4342 536 4373 a
569 4341 647 4373 me
683 4329 940 4390 quotannis
966 4330 1140 4379 offerri.
1209 4335 1305 4380 Pro
1339 4341 1547 4395 tempore,
1573 4342 1628 4381 ut

507 4400 698 4454 ternpus
732 4403 780 4440 et
812 4407 890 4440 res
927 4393 1122 4454 ferebat,
1150 4397 1204 4444 ἐκ
1234 4399 1330 4446 τῶν
1363 4395 1623 4459 παρόντων,

1697 1835 1909 1894 ἐνόντων,
1936 1833 2255 1899 ὑπαρχόντων.
2315 1841 2367 1885 Si
2379 1835 2591 1900 soma.-
2626 1839 2669 1887 εἰ
2690 1841 2819 1890 bona

1695 1901 1859 1948 ovium
1882 1901 2058 1949 foemra
2078 1901 2239 1949 fuerit.

1760 1962 1837 2021 37,
1864 1967 1940 2012 38.
1977 1968 2151 2013 Nerine
2173 1968 2381 2014 Galatea.
2420 1966 2571 2014 Nerei
2594 1977 2643 2014 et
2666 1969 2814 2018 Dori-

1694 2027 1771 2076 dis
1803 2029 1903 2077 filia
1924 2029 2031 2086 fuit,
2054 2031 2283 2093 Nympha
2304 2029 2387 2078 illa
2408 2031 2596 2078 marina
2617 2047 2646 2078 a
2670 2033 2819 2096 Poly-

1694 2093 1873 2156 phemo
1892 2093 2125 2151 adamata,
2146 2110 2289 2156 quam
2308 2104 2469 2142 tamen
2488 2094 2568 2142 hic
2591 2097 2821 2160 Corydon

1698 2165 1925 2232 tanquam
1958 2173 2097 2205 suam
2127 2157 2346 2216 amicam,
2370 2167 2427 2206 ut
2446 2159 2639 2223 vesperi
2671 2161 2733 2208 ad
2764 2177 2821 2209 se

1696 2231 1874 2278 vemat,
1900 2222 2126 2285 appellat.
2164 2221 2362 2270 Scilicet
2382 2231 2529 2286 poeta
2552 2233 2740 2272 tantum
2762 2225 2819 2273 in

1698 2285 1789 2332 hoc
1831 2285 2109 2342 elaboravit,
2146 2295 2201 2333 ut
2240 2286 2586 2335 Theocriteum
2620 2304 2821 2336 carmen

1698 2349 1995 2412 exprimeret
2029 2349 2150 2413 Idyl.
2177 2349 2242 2406 xi,
2284 2351 2344 2398 19
2380 2366 2449 2412 sq.
2521 2351 2602 2399 Sic
2636 2368 2744 2428 sup.
2770 2369 2820 2401 v.

1697 2413 1773 2470 26,
1812 2417 2018 2462 Arcades
2060 2423 2227 2478 pastor
2268 2424 2517 2472 memorat,
2564 2415 2647 2478 qui
2688 2425 2823 2465 mter

1698 2477 1996 2526 Mantuanos
2017 2477 2223 2527 vivebat.
2285 2479 2575 2541 Quanquam
2596 2480 2687 2528 hoc
2710 2481 2727 2528 i
2766 2497 2823 2529 so

1694 2539 1855 2588 minor
1866 2541 2097 2590 carminis
2114 2541 2327 2590 suavitas
2344 2557 2451 2591 esse
2459 2543 2617 2601 debet,
2628 2497 2765 2608 quos
2768 2545 2823 2593 in

1694 2619 1811 2652 vera
1828 2605 1929 2653 vita
1947 2604 2053 2654 istae
2070 2606 2255 2654 fabulas
2262 2606 2425 2654 minus
2436 2607 2667 2667 jucundae
2686 2619 2819 2658 sunt.

1696 2667 1774 2716 De
1792 2671 1952 2730 Hybla
1971 2669 2031 2717 cf.
2052 2671 2157 2718 Ecl.
2184 2670 2215 2728 i,
2237 2673 2313 2717 55.
2346 2673 2537 2719 Hedera
2554 2675 2689 2721 alba.-
2718 2673 2818 2722 vid.

1694 2732 1756 2780 ad
1778 2733 1885 2781 Ecl.
1912 2733 1980 2792 iii,
2006 2736 2082 2782 39.

1757 2798 1836 2854 41,
1862 2798 1939 2845 42.
1976 2797 2179 2861 Thyrsis
2212 2813 2351 2846 suam
2386 2808 2437 2846 et
2468 2799 2574 2874 ipse
2610 2800 2818 2849 amicam

1691 2859 1882 2919 invitat,
1914 2871 1971 2910 ut
2000 2863 2191 2926 vesperi
2224 2863 2287 2910 ad
2312 2878 2366 2910 se
2395 2873 2587 2921 vemat,
2622 2864 2815 2913 deside·

1693 2923 2369 3038 fsiiquusiieirbimpgziterntilalgn
2412 2927 2704 3040 declarat.nli
2721 2929 2819 2978 Per

1726 3005 1783 3036 ar
2022 3007 2073 3038 as
2226 3007 2281 3038 ac
2316 3006 2353 3038 n
2388 3007 2425 3038 s.
2450 3007 2637 3039 ranunc
2762 3009 2816 3040 e-

1692 3067 1786 3100 nus
1800 3052 2032 3116 intellige,
2042 3024 2180 3116 cujus
2194 3025 2399 3117 magmis
2413 3054 2463 3103 in
2476 3055 2701 3104 Sardinia
2714 3009 2823 3108 egi-at

1694 3127 1985 3226 proventus:
2024 3119 2098 3166 vis
2120 3121 2225 3180 ejus
2254 3118 2481 3175 caustica,
2506 3129 2575 3178 ut,
2596 3120 2637 3168 si
2668 3121 2821 3170 cruda

1712 3180 1808 3228 olia
1840 3181 1938 3229 cuti
1976 3181 2301 3245 imponantur,
2326 3184 2559 3245 pustulas,
2584 3193 2639 3232 ut
2672 3185 2819 3248 ignis,

1694 3244 1851 3303 faciat,
1880 3245 2004 3293 Plin.
2030 3261 2144 3304 xxv,
2172 3248 2257 3302 133
2290 3261 2462 3296 succus
2492 3257 2654 3296 autem
2672 3259 2821 3312 potus

1694 3308 1909 3358 insanire
1942 3310 2071 3368 facit,
2096 3319 2147 3358 et
2183 3310 2311 3359 inter
2332 3311 2453 3359 alias
2489 3313 2819 3361 membrorum

1693 3374 2048 3422 contractiones
2079 3390 2162 3423 eos
2194 3374 2291 3422 oris
2322 3391 2347 3423 s
2382 3391 2541 3423 asmos
2573 3376 2735 3434 efficit,
2762 3387 2819 3426 ut

1692 3437 1852 3486 ridere
1884 3437 2166 3486 videantur:
2202 3439 2317 3487 hinc
2348 3391 2410 3487 ge
2442 3439 2545 3488 risu
2580 3441 2821 3489 Sardonio

1692 3515 1771 3548 res
1784 3500 2063 3550 notissima:
2099 3502 2158 3550 cf.
2179 3502 2339 3550 Tzetz.
2362 3503 2423 3551 ad
2440 3503 2642 3554 Hesiod.
2665 3520 2712 3568 p.
2738 3505 2817 3554 26.

1692 3565 1767 3612 ed.
1790 3565 1965 3614 Heins.
1987 3581 2131 3628 quem
2147 3566 2273 3615 male
2287 3566 2339 3615 in
2358 3566 2519 3630 ipsum
2540 3569 2819 3618 Homerum

1694 3627 1968 3678 intulerunt
1998 3630 2170 3693 Odyss.
2206 3651 2245 3688 υ,
2283 3633 2391 3678 302.
2438 3635 2667 3690 Amat-ior,
2702 3648 2821 3682 nam

1696 3692 1976 3754 δριμύτατον
2004 3694 2217 3768 appellat
2246 3695 2582 3752 Dioscorides;
2620 3705 2673 3744 et
2701 3697 2820 3746 hinc

1695 3771 1886 3805 amaror
1916 3758 2075 3808 mellis
2101 3759 2288 3807 Sardoi.
2355 3762 2533 3807 Ruscus
2554 3759 2823 3823 virgultum

1695 3819 1854 3878 breve,
1878 3821 2034 3870 acutis
2068 3821 2197 3870 foliis
2228 3834 2277 3872 et
2298 3823 2640 3897 pungentibus.
2712 3824 2817 3874 Ite-

1694 3897 1802 3930 rum
1823 3895 2118 3933 memoratur
2140 3888 2258 3934 Geo.
2283 3888 2333 3944 i1,
2358 3889 2468 3936 413.
2522 3891 2646 3950 Alga
2665 3889 2819 3938 herba

1696 3947 1883 3994 marina
1918 3949 2054 3995 vario
2078 3964 2273 4011 genere,
2302 3967 2409 4013 quae
2437 3961 2726 4016 tempestate
2766 3953 2818 4002 in

1695 4009 1831 4059 littus
1850 4010 1959 4073 ejici
1983 4012 2119 4061 solet.

1761 4078 1838 4133 43,
1860 4079 1936 4124 44.
1972 4077 2169 4130 Quanta
2190 4089 2416 4128 venustas
2435 4079 2487 4126 in
2506 4079 2591 4127 ino
2608 4079 2816 4129 Theocr.

1695 4139 1781 4196 xii,
1804 4142 1847 4198 2,
1864 4141 1909 4188 οἷ
1931 4139 1981 4188 δὲ
1998 4143 2251 4192 roesam-es
2274 4145 2324 4191 ἐν
2342 4144 2486 4202 ἤματι
2504 4142 2816 4206 γηράσκουσι.

1696 4207 1746 4251 δι’
1767 4208 1868 4266 quis
1884 4208 2061 4266 pudor.-
2093 4207 2313 4270 increpat
2330 4208 2492 4264 boves,
2516 4209 2654 4269 quasi
2671 4208 2818 4266 dicat,

1694 4268 1881 4318 Pudeat
1903 4286 1989 4318 vos
2020 4280 2184 4334 pastos
2207 4281 2303 4319 tam
2328 4271 2462 4319 tarde
2484 4271 2682 4320 domum
2702 4289 2817 4337 pro·-

1693 4333 1879 4408 cedere,
1924 4345 1971 4382 et
2018 4351 2094 4382 me
2134 4335 2193 4382 ab
2237 4335 2403 4384 amicae
2445 4337 2671 4400 amplexu
2714 4337 2815 4384 dis-

1696 4407 1863 4446 tinere.
