3050 4934
1159 288 1500 355 LIBER
1546 288 1683 353 IX.

2453 288 2580 351 523

430 430 847 521 Alitibusque
869 438 1093 522 jaces!
1139 460 1260 503 nec
1290 449 1357 502 te
1387 450 1501 501 tua
1528 434 1758 501 funera
1789 446 1995 499 mater

431 533 750 614 Produxi,
780 542 1069 623 pressive
1102 540 1345 617 oculos,
1376 548 1491 601 aut
1519 534 1789 603 vulnera
1825 535 1976 611 lavi,

430 631 637 698 Veste
666 646 933 721 tegens3
982 641 1099 705 tibi
1128 661 1327 723 quam
1350 646 1575 705 noctes
1611 636 1846 701 festina
1875 636 2146 719 diesque

430 731 787 817 Urgebam,
818 748 885 801 et
913 738 1043 803 tela
1074 762 1263 803 curas
1296 737 1554 802 solabar
1583 734 1805 799 aniles.

256 831 389 895 490
433 832 587 905 Quo
619 842 899 920 sequar?
944 850 1059 903 aut
1087 861 1236 923 quae
1264 858 1437 902 nunc
1468 846 1672 909 artuS,
1705 832 2056 918 avulsaque
2086 836 2396 913 membra,

430 933 523 997 Et
550 934 745 999 funus
775 937 1060 1003 lacerum
1089 937 1281 1001 tellus
1312 936 1557 999 habet?
1602 932 1729 997 hoc
1755 933 1912 996 mihi
1942 933 2026 997 de
2057 945 2148 1011 te,

427 1034 629 1112 Nate,
660 1038 915 1101 refers?
962 1039 1089 1103 hoc
1120 1060 1263 1102 sum
1294 1048 1600 1118 terraque
1627 1035 1916 1117 marique
1957 1038 2229 1101 secuta?

428 1132 641 1218 Figite
670 1158 796 1213 me,
830 1138 884 1201 si
912 1160 1043 1221 qua
1070 1150 1173 1203 est
1202 1138 1451 1221 pietas3
1494 1136 1564 1198 in
1593 1156 1694 1198 me
1725 1136 1940 1198 omnia.
1967 1134 2098 1199 tela

427 1233 767 1320 Conjicite,
801 1261 842 1302 o
872 1238 1144 1317 Rutuli;
1190 1260 1292 1301 me
1324 1238 1596 1321 primam
1623 1235 1942 1298 absumite
1972 1233 2185 1301 ferro:

254 1335 385 1399 495
427 1332 568 1399 Aut
597 1347 690 1414 tu,
720 1360 953 1422 magne
982 1350 1171 1423 pater
1200 1336 1441 1412 divum,
1472 1336 1805 1410 miserere,
1837 1345 2082 1418 tuoque

430 1434 712 1502 Invisum
741 1438 869 1503 hoc
898 1439 1177 1503 detrude
1208 1447 1407 1522 caput
1436 1437 1562 1499 sub
1591 1434 1875 1499 Tartara
1903 1433 2068 1512 telo;

431 1535 719 1608 Quando
749 1537 937 1603 aliter
965 1561 1221 1623 nequeo
1250 1534 1582 1603 crudelem
1611 1536 1998 1619 abrumpere
2032 1536 2244 1601 vitam.

430 1635 580 1702 Hoc
610 1638 769 1702 fletu
800 1642 1097 1705 concussi
1129 1640 1341 1716 animi,
1374 1647 1778 1719 moestusque
1805 1657 1926 1719 per
1955 1657 2178 1699 omnes

426 1735 490 1800 It
518 1740 834 1822 gemitus3
882 1751 1147 1825 torpent
1174 1739 1468 1813 infractae
1498 1738 1584 1801 ad
1615 1734 1848 1820 proelia
1877 1737 2070 1801 vires.

256 1838 386 1901 500
429 1837 611 1903 Illam
640 1840 1093 1905 incendentem
1119 1840 1333 1905 luctus
1364 1840 1582 1903 Idaeus
1613 1848 1682 1901 et
1711 1835 1942 1913 Actor,

428 1936 657 2003 Ilionei
684 1946 931 2006 monitu
960 1952 1029 2006 et
1055 1940 1327 2006 multum
1355 1938 1746 2003 lacrimantis
1777 1936 1926 2013 Iuli,

430 2038 830 2123 corripiunt,
860 2043 1156 2126 interque
1187 2062 1413 2105 manus
1446 2040 1569 2103 sub
1601 2047 1778 2101 tecta
1803 2049 2150 2119 reponunt.

515 2136 612 2201 At
642 2142 802 2203 tuba
830 2138 1183 2206 terribilem
1212 2142 1491 2204 sonitum
1522 2135 1754 2222 procul
1781 2158 1912 2201 aere
1939 2158 2182 2201 canoro

430 2235 785 2322 Increpuit.
862 2240 1173 2323 Sequitur
1204 2240 1465 2315 clamor,
1499 2236 1861 2320 coelumque
1891 2238 2190 2321 remugit.

257 2338 385 2402 505
430 2336 822 2415 Accelerant
852 2351 998 2404 acta
1029 2341 1273 2424 pariter
1302 2339 1632 2403 testudine
1665 2335 1892 2400 Volsci
1917 2362 1934 2413 3

431 2437 525 2501 Et
554 2439 764 2502 fossas
793 2438 1061 2524 implere
1092 2446 1347 2524 parant,
1380 2460 1455 2501 ac
1484 2436 1721 2501 vellere
1750 2434 2006 2498 vallum.

434 2536 757 2610 Quaerunt
786 2562 939 2623 pars
970 2541 1237 2617 aditum,
1269 2550 1338 2604 et
1365 2537 1555 2603 scalis
1585 2535 1940 2601 ascendere
1967 2558 2210 2614 muros,

260 2694 435 2807 337291
470 2709 572 2757 sqq.
611 2694 747 2743 Iliad.
785 2714 837 2757 χ,
868 2698 929 2744 86
964 2714 1094 2761 sqq.:
1135 2696 1195 2747 cf.
1232 2695 1316 2747 inf.
1338 2712 1385 2755 x,

324 2772 571 2869 4&quoe
600 2830 645 2869 te
679 2830 761 2871 tua
778 2822 966 2885 fama.
1022 2824 1093 2871 Ut
1112 2840 1241 2874 nunc
1265 2823 1386 2887 legi-

264 2895 357 2939 tur,
384 2883 507 2931 ratio
528 2884 845 2947 grammatica
881 2888 1101 2950 accipere
1134 2888 1203 2937 sic
1232 2889 1386 2949 jubet,

262 2956 321 2995 ut
342 2955 423 2995 tna
432 2945 609 3007 finer-a
641 2948 707 2996 sit
736 2950 1009 3013 appositum
1032 2966 1135 2999 voc.
1161 2960 1219 3000 ts.
1278 2950 1381 2999 Sci-

260 3010 380 3058 licet
413 3009 557 3059 funus
590 3011 799 3071 ducitur,
834 3014 1131 3077 producitur,
1169 3015 1385 3077 adeoque

263 3082 315 3121 et
351 3088 541 3137 corpus
602 3075 771 3139 Friget
804 3086 967 3125 tamen
1012 3078 1090 3126 vel
1124 3076 1193 3127 sic
1233 3079 1381 3127 loeus.

261 3137 519 3185 Probabile
542 3138 736 3187 videtur
766 3139 1028 3203 legendum
1054 3158 1160 3191 esse
1180 3142 1350 3203 sums
1364 3162 1383 3197 ,-

262 3216 360 3312 :¹132
378 3200 1385 3327 55353230222253s233ffi01302321

262 3343 371 3375 esse
392 3338 675 3391 corruptum
712 3330 876 3377 nullus
895 3329 1077 3387 dubito,
1100 3340 1244 3392 atque
1271 3346 1384 3379 eum

260 3389 393 3439 inter
415 3407 472 3438 es
508 3406 613 3439 esse
644 3391 954 3441 referendum
988 3404 1165 3441 censeo
1188 3394 1239 3442 in
1261 3409 1379 3456 quo-

260 3470 372 3503 rum
411 3454 699 3518 corruptelis
750 3470 917 3505 omnes
956 3457 1147 3505 codices
1190 3456 1382 3520 conspi-

260 3528 386 3566 rant.

326 3582 438 3628 488.
480 3582 612 3629 Veste
629 3590 794 3643 tegens.
838 3583 1012 3631 Minus
1029 3585 1153 3632 bene
1172 3583 1232 3631 de
1252 3593 1385 3631 veste

261 3641 469 3701 funebri,
497 3642 721 3706 ἐντάφιον
753 3645 944 3703 dieitur,
982 3648 1199 3709 cogitant
1226 3648 1382 3711 intpp.

264 3708 344 3755 De
368 3706 457 3755 filii
474 3707 794 3756 adolescentis
814 3719 969 3757 morte
992 3720 1148 3757 mater
1167 3710 1385 3774 profecto

260 3786 361 3819 non
396 3770 652 3833 cogitabat,
676 3772 763 3819 sed
798 3772 844 3820 ei
870 3780 1059 3821 vestem
1091 3773 1384 3821 ornatiorem

262 3834 573 3953 palatinam.
610 3899 712 3945 Hoc
733 3908 893 3961 caput,
918 3901 1046 3962 quod
1081 3909 1194 3947 ante
1220 3900 1384 3949 oculos

264 3968 369 4007 erat
391 3960 619 4008 suffixum
636 3960 837 4033 pertica,
857 3979 899 4010 v.
920 3964 1030 4011 465.
1078 3966 1182 4011 Hoc
1192 3980 1291 4011 sum
1311 3979 1382 4011 se-

264 4026 411 4071 cuta?
444 4032 499 4070 ut
534 4023 653 4071 milu
688 4024 946 4087 aliquando
972 4026 1022 4074 id
1056 4037 1185 4075 esset
1205 4027 1274 4075 sic
1298 4026 1381 4075 ad·

262 4086 607 4149 spectandum!
646 4087 758 4135 Nisi
781 4092 862 4137 hoc
882 4105 973 4153 pro
1006 4106 1078 4148 eo,
1111 4101 1383 4156 propterea,

262 4148 405 4197 malis
427 4148 660 4212 accipere.
718 4154 877 4200 Funus
901 4163 975 4201 est
995 4154 1214 4202 cadaver.

328 4214 438 4259 500.
488 4215 805 4263 Incendentem
852 4220 1013 4264 lactus.
1090 4216 1179 4264 Uti
1222 4220 1385 4265 ardere

262 4275 491 4324 dicuntur
532 4292 593 4324 ea
624 4293 731 4339 quae
766 4278 820 4327 in
861 4294 1036 4342 magno
1080 4290 1213 4329 motu
1254 4290 1381 4336 sunt,

261 4340 521 4405 agitantur,
546 4342 817 4400 turbantur,
839 4352 1116 4399 versantia-3
1143 4344 1212 4392 sic
1229 4348 1381 4392 incen-

263 4406 369 4451 dere
395 4412 471 4451 est
488 4403 715 4461 excitare,
741 4420 945 4469 augere:
982 4407 1040 4455 cf.
1066 4422 1113 4465 x,
1140 4408 1247 4455 895.

1519 2696 1629 2754 503,
1656 2698 1765 2744 504.
1803 2694 2042 2744 Praeclaxe
2080 2695 2143 2743 sd
2183 2698 2508 2748 revocandum
2549 2714 2580 2746 a

1452 2776 1676 2817 moerore,
1723 2769 1774 2807 et
1812 2756 2148 2821 recipiendum
2190 2775 2252 2807 ex
2295 2770 2395 2807 tam
2432 2761 2580 2823 long-a

1453 2824 1730 2872 narratione
1768 2822 2000 2879 animum,
2042 2822 2196 2871 utitur
2244 2823 2465 2872 versibus
2516 2824 2580 2873 ad

1453 2886 1718 2934 movendos
1759 2886 1946 2933 animos
1990 2885 2191 2933 idoneis.
2276 2885 2472 2935 Priores
2511 2886 2576 2935 li-

1450 2966 1570 2998 neas
1603 2950 1772 2999 ductas
1808 2964 1915 2997 esse
1949 2952 2015 2997 'ex
2053 2948 2138 2996 illo
2171 2948 2339 3007 Ennii,
2376 2958 2428 2998 at
2465 2954 2579 2998 taba

1452 3016 1654 3062 terribili
1696 3017 1848 3061 sonitu
1887 3020 2184 3061 taratantara
2223 3016 2358 3072 dixit,
2406 3028 2588 3062 omnes,

1448 3092 1697 3125 monuere.
1777 3078 2013 3137 Increpait
2062 3080 2257 3125 mitum
2301 3086 2369 3135 ut,
2411 3078 2584 3127 sonuit

1448 3142 1690 3189 sonitum:
1727 3140 1814 3187 sed
1847 3139 2104 3197 variand03
2139 3140 2356 3189 sonando
2396 3141 2572 3200 emisit,

1449 3204 1578 3252 fecit.

1516 3268 1610 3313 505
1633 3282 1732 3329 sqq.
1770 3266 2012 3315 Caeterum
2047 3283 2222 3315 novam
2253 3268 2464 3325 Tro'am,
2489 3286 2570 3317 ur-

1447 3331 1574 3387 bem,
1598 3340 1742 3393 poeta
1761 3328 1829 3375 ita
1851 3329 2120 3392 descripsit,
2146 3341 2213 3383 ut,
2222 3331 2314 3379 sim
2389 3342 2572 3379 castro-

1447 3408 1558 3441 rum
1584 3392 1740 3439 vicem
1781 3406 1838 3439 ea
1871 3393 2088 3454 praebere
2121 3404 2312 3455 posset:
2349 3394 2433 3451 vii,
2463 3396 2571 3451 157,

1450 3458 1557 3517 Ipse
1591 3457 1752 3502 humili
1781 3457 1992 3516 designat
2011 3454 2334 3515 moens'asossa,
2353 3459 2571 3505 Molitur-

1450 3536 1536 3581 que
1551 3521 1706 3574 heum,
1719 3521 1981 3578 primasque
2004 3522 2052 3565 in
2069 3522 2223 3565 littore
2240 3521 2368 3565 sedes
2388 3522 2574 3567 Castro-

1449 3599 1552 3630 rum
1586 3586 1636 3628 in
1663 3596 1825 3627 morem
1855 3583 2014 3640 pinnis
2053 3588 2190 3641 atque
2223 3596 2390 3643 aggere
2412 3586 2572 3643 cingit.

1455 3647 1626 3707 Itaque
1647 3642 1773 3691 libro
1790 3657 1920 3690 nono
1938 3656 2001 3690 ex
2018 3643 2192 3691 AEneae
2243 3654 2454 3707 raecepto
2473 3660 2572 3692 non

1448 3708 1501 3757 in
1546 3707 1700 3756 aciem
1746 3704 2017 3769 procedunt
2063 3707 2200 3754 Rutu
2219 3722 2262 3754 is
2295 3706 2569 3755 accedenti·

1449 3773 1554 3828 bus,
1578 3770 1665 3819 sed
1686 3778 1841 3817 castra
1862 3778 1908 3817 et
1931 3777 2050 3817 tutos
2080 3786 2262 3818 servare
2283 3786 2452 3834 aggere
2473 3787 2572 3818 ma-

1448 3852 1522 3883 ros
1544 3834 1755 3883 student.
1814 3832 1936 3881 Erat
1959 3842 2136 3890 autem,
2158 3844 2391 3896 quantum
2415 3832 2570 3893 video,

1449 3914 1511 3947 ex
1534 3908 1691 3962 poetae
1714 3905 1891 3953 mente,
1913 3896 2042 3944 fossa
2074 3896 2219 3945 ducta
2253 3913 2364 3944 cum
2395 3912 2573 3960 aggere

1450 3978 1537 4011 seu
1561 3962 1700 4019 vallo,
1727 3976 1788 4009 ex
1809 3961 1956 4008 humo
2073 3970 2189 4017 esta,
2213 3960 2352 4008 vallis
2373 3975 2461 4008 seu
2481 3958 2569 4008 sti-

1450 4026 1633 4091 pitibus
1690 4024 1930 4088 praefixis:
1991 4038 2018 4071 v
2067 4024 2115 4070 lo
2157 4022 2414 4096 impositus
2469 4033 2574 4072 eret

1450 4105 1633 4147 murus,
1655 4087 1871 4135 turribus
1905 4102 1966 4134 ex
2001 4086 2269 4135 intervallis
2299 4085 2572 4135 distinctus.

1452 4153 1627 4215 Itaque
1649 4148 1948 4225 oppugnatio
1980 4148 2050 4196 ita
2080 4148 2366 4205 instituitur,
2391 4160 2447 4197 ut
2467 4151 2568 4261 pri-

1448 4232 1584 4264 mum
1607 4214 1690 4261 alix
1728 4212 1970 4260 testudine
2003 4212 2130 4260 fecta
2167 4214 2442 4270 succedere,
2493 4229 2569 4263 os-

1448 4294 1554 4327 sam
1599 4276 1802 4340 implere
1842 4290 1898 4323 nc
1931 4274 2083 4323 vallos
2123 4275 2422 4333 convellere3
2473 4278 2573 4335 alii,

1450 4358 1545 4405 qua
1565 4350 1704 4403 parte
1727 4353 1896 4387 murus
1927 4338 2136 4387 nudatus
2167 4349 2285 4397 erut,
2309 4341 2462 4391 scalas
2483 4342 2572 4397 ad—

1450 4419 1647 4454 movere
1669 4412 1871 4451 tentent.
