3050 4934
1174 246 1513 315 LIBER
1561 250 1696 313 IX.

452 392 747 480 Trajicit.
825 396 883 472 1,
916 398 1129 463 verbis
1160 398 1463 463 virtutem
1488 398 1688 464 illude
1719 402 2057 484 superbis:

275 490 405 556 635
449 493 566 559 Bis
597 497 773 581 capti
800 496 1097 583 Phryges
1126 498 1269 565 haec
1300 498 1568 565 Rutulis
1597 522 1914 585 responsa
1942 503 2300 566 remittunt.

448 594 601 661 Hoc
632 608 881 665 tantum
908 596 1255 665 Ascanius.
1334 600 1582 666 Teucri
1610 600 1888 667 clamore
1921 613 2306 686 sequuntur,

452 694 839 782 Laetitiaque
872 687 1177 777 fremunt,
1210 700 1587 785 animosque
1619 703 1702 766 ad
1735 703 1952 768 sidera
1982 702 2236 768 tollunt.

447 796 755 863 AEtheria
782 810 921 865 tum
950 799 1119 865 forte
1149 801 1345 886 plaga
1374 803 1644 867 crinitus
1675 802 1920 888 Apollo

450 896 762 983 Desuper
788 897 1117 967 Ausonias
1148 903 1320 966 acies
1350 904 1712 987 urbemque
1743 906 2026 983 videbat,

270 998 401 1063 640
444 998 645 1065 Nube
678 1002 938 1078 sedens,
964 1013 1163 1086 atque
1192 1002 1293 1067 his
1324 1004 1632 1068 victorem
1661 1004 1900 1069 affatur
1926 1005 2174 1070 Iulum:

446 1100 671 1167 Macte
702 1124 869 1193 nova
896 1103 1159 1189 virtute,
1182 1126 1358 1189 puer
1373 1130 1393 1183 3
1440 1106 1533 1169 sic
1563 1106 1695 1169 itur
1724 1107 1810 1169 ad
1839 1118 2039 1183 astra,

446 1201 575 1266 Dis
606 1203 847 1287 genite,
880 1213 947 1267 et
976 1206 1275 1287 geniture
1306 1206 1490 1270 deos.
1569 1206 1736 1271 Jure
1767 1209 1978 1271 omnia
2009 1208 2178 1273 bella

445 1302 663 1369 Gente
696 1304 821 1369 sub
850 1302 1161 1371 Assaraci
1189 1305 1337 1383 fato,
1353 1316 1628 1373 ventura
1655 1309 1968 1373 resident.

442 1403 591 1469 Nec
622 1416 685 1468 te
716 1404 925 1489 Troja
951 1406 1147 1490 capit.
1223 1405 1451 1485 Simul,
1482 1406 1628 1472 haec
1656 1408 1918 1486 effatus,
1949 1410 2034 1473 ab
2064 1408 2194 1473 alto

268 1505 399 1569 645
440 1505 725 1571 AEthere
754 1528 824 1571 se
854 1506 1071 1583 mittit,
1096 1508 1417 1591 spirantes
1447 1508 1732 1573 dimovet
1761 1531 1978 1587 auras,

406 1608 413 1615 “
440 1604 926 1691 Ascaniumque
951 1609 1137 1692 petit.
1214 1607 1517 1673 Formam
1546 1618 1686 1673 tum
1715 1611 1990 1675 vertitur
2020 1613 2151 1675 oris

438 1707 803 1793 Antiquum
832 1710 899 1773 in
928 1708 1170 1775 Buten.
1245 1709 1379 1775 Hic
1406 1710 1752 1776 Dardanio
1781 1710 2095 1776 Anchisae

439 1808 747 1894 Armiger
774 1820 923 1874 ante
956 1808 1101 1887 fuit,
1132 1810 1439 1903 fidusque
1468 1813 1556 1876 ad
1586 1812 1802 1877 limina
1831 1822 2088 1891 custos3

437 1908 615 1977 Tum
642 1911 937 1976 comitem
968 1908 1256 1978 Ascanio
1280 1922 1470 1996 pater
1498 1914 1775 1978 addidit.
1851 1912 2002 1978 Ibat
2030 1911 2272 1999 Apollo

264 2011 396 2076 650
440 2011 679 2077 Omnia
705 2011 1000 2095 longaevo
1030 2004 1275 2090 similis,
1306 2035 1682 2098 vocemque,
1713 2012 2148 2099 coloremque,

440 2112 536 2177 Et
566 2114 778 2177 crines
810 2111 1019 2189 albos,
1048 2124 1119 2178 et
1146 2135 1317 2177 saeva
1346 2115 1691 2179 sonoribus
1719 2136 1934 2192 arma3

440 2212 665 2298 Atque
697 2212 799 2277 his
830 2214 1167 2279 ardentem
1196 2215 1386 2280 dictis
1417 2215 1660 2280 affatur
1690 2214 1936 2280 Iulum:

412 2310 541 2380 'Sit
570 2316 751 2392 satis,
782 2314 1109 2391 AEneada,
1141 2313 1289 2379 telis
1318 2315 1583 2399 impune
1606 2314 1986 2380 Numanum

346 2406 351 2411 ⁸
438 2417 819 2503 oppetiisse
849 2416 1009 2493 tuis3
1054 2417 1327 2500 primam
1352 2415 1523 2480 hanc
1554 2416 1673 2479 tibi
1701 2438 1972 2500 magnus
2005 2415 2248 2501 Apollo

260 2518 393 2585 655
435 2516 754 2584 Concedit
778 2516 1061 2593 laudem,
1092 2526 1161 2581 et
1188 2517 1457 2601 paribus
1487 2538 1618 2581 non
1647 2516 1894 2581 invidet
1921 2517 2146 2581 armis:

2467 250 2596 313 529

262 2818 407 2868 quem
445 2802 621 2866 sagitta
655 2802 877 2859 adducta,
914 2801 1121 2859 admota,
1159 2801 1205 2849 ei
1226 2800 1383 2865 impo-
1452 2800 1582 2849 niati
1645 2800 1788 2849 Unde
1805 2800 2005 2915 vulgre
2040 2801 2324 2849 Graecorum
2357 2800 2500 2859 ὄναιο,
2523 2812 2581 2851 ut

264 2868 361 2917 sita
382 2866 552 2916 fixerat.
599 2868 893 2915 Heu-rendum
908 2868 1109 2914 atridem
1117 2865 1384 2929 jungenda.
1450 2865 1499 2912 h.
1524 2864 1556 2913 1.
1582 2864 1710 2914 ὄναιο
1731 2866 1820 2923 τῆς
1841 2884 1870 2914 ν

2089 2866 2155 2915 ’3.
2213 2866 2351 2913 Bene
2383 2865 2580 2941 eveniat

330 2930 604 2981 634-687,
640 2930 849 2979 Schema
881 2930 1115 2979 traductae
1146 2928 1385 2977 narratio-
1450 2928 1664 2993 primum
1699 2930 1793 2979 hoc
1831 2928 2028 2979 virtutis
2062 2929 2438 2979 documentum!
2473 2930 2574 2979 len

264 2996 345 3070 nis
366 2995 429 3045 ad
450 2994 709 3058 dialogum,
734 2994 873 3069 quod·
898 2994 1169 3043 orationem
1190 2993 1385 3057 egregie
1449 2993 1516 3042 sit
1534 2993 1738 3043 ominis!

262 3068 463 3119 animat,
486 3066 717 3109 notarunt
746 3074 929 3123 pssum
957 3058 1287 3122 grammatici:
1323 3057 1383 3107 cf.
1514 3058 1628 3116 642,
1649 3059 1760 3107 643.
1799 3061 2020 3109 Gasima
2036 3060 2155 3117 deos,
2173 3067 2375 3123 propter
2387 3058 2419 3107 J
2422 3058 2577 3107 ulium

264 3124 433 3175 Clark.
456 3122 518 3173 ad
543 3122 683 3171 Iliad.
708 3124 748 3181 δ,
770 3125 878 3182 303,
904 3141 945 3181 ο,
969 3124 1079 3171 348.
1114 3126 1303 3171 Animos
1324 3125 1389 3171 ad
1451 3124 1696 3171 Caesarem
1718 3131 1770 3171 et
1790 3124 2084 3187 Augustum.
2131 3126 2248 3173 ,ἴω-ο
2267 3126 2420 3171 omnia
2443 3126 2576 3172 bella.

262 3192 420 3237 sidera
475 3189 641 3235 tollunt
693 3187 922 3235 audacter
958 3196 1117 3251 =‘poeta
1160 3186 1383 3242 novavit3
1453 3185 1640 3235 Merito
1659 3187 1752 3235 hoc
1798 3196 1894 3236 θυαε
1914 3188 2050 3251 genti
2086 3188 2306 3245 debean,
2331 3196 2388 3236 ut
2407 3187 2576 3237 oriun-

263 3267 505 3309 successu,
528 3250 697 3326 gloria,
722 3266 779 3299 ac
801 3250 997 3299 virmtis
1018 3265 1109 3299 seu
1132 3248 1383 3299 conscien-
1450 3249 1544 3299 dus
1582 3265 1646 3298 ex
1681 3266 1740 3299 es
1777 3251 2032 3315 Aug-ustus
2052 3251 2218 3301 omnia
2256 3252 2385 3299 bella
2421 3250 2576 3301 finiat.

263 3316 333 3367 tis
354 3332 443 3367 seu
464 3314 695 3380 opinione
716 3313 1006 3363 ferocientes
1038 3322 1090 3363 et
1110 3314 1387 3363 exultantes
1454 3316 1600 3362 Genu
1640 3317 1864 3363 Assaraci
1897 3315 1959 3362 ad
1996 3315 2306 3379 splendorem
2343 3315 2580 3363 orationis

262 3384 421 3443 ᾔει-ἠ
438 3383 603 3429 mainis
621 3388 707 3429 sut
724 3378 820 3443 ipsi
842 3382 1013 3427 minoe
1028 3380 1191 3439 efferre
1212 3376 1385 3427 dicun-
1449 3376 1680 3442 pertinet.
1735 3380 1874 3427 Bella
1881 3376 1991 3453 fato
2007 3387 2200 3427 mesra
2214 3397 2231 3426 .-
2265 3380 2392 3427 bona
2413 3378 2576 3427 deter-

260 3454 357 3505 tur,
384 3453 435 3493 et
458 3459 589 3493 nunc
612 3442 809 3507 quidem
823 3452 923 3491 tam
943 3441 1191 3499 sublimes,
1216 3451 1271 3489 ut
1288 3456 1385 3490 οω-
1453 3441 1672 3499 minatio,
1697 3441 1924 3506 inprimis
1944 3451 2172 3517 respectu
2192 3442 2432 3491 bellorum
2453 3442 2574 3490 civi-

259 3510 365 3559 lum
387 3507 481 3559 sibi
502 3508 743 3571 attingere
764 3506 1033 3557 videantur.
1090 3507 1251 3555 Sensu
1271 3504 1387 3555 faci·
1452 3504 1590 3563 lium,
1622 3505 1685 3553 de
1716 3505 1892 3568 quibus
1921 3521 2134 3555 maxime
2160 3505 2473 3569 accipiendus
2501 3505 2576 3553 lo-

258 3574 355 3623 lius
376 3588 482 3622 rem
642 3588 757 3620 uare
780 3586 925 3634 quam
946 3570 1121 3620 verbis.
1446 3584 1548 3618 cus.

324 3638 435 3695 638,
462 3638 569 3685 639.
688 3636 786 3685 ollo
810 3634 972 3699 gentis
993 3634 1140 3685 Juliae
1156 3632 1385 3697 inprimis
1511 3633 1624 3681 644.
1657 3634 1762 3681 Nec
1780 3642 1824 3681 te
1847 3634 1988 3695 Trey'a
2001 3636 2129 3695 capit
2142 3651 2158 3680 .·
2193 3634 2378 3695 maiore
2394 3632 2576 3681 virtute

260 3700 533 3752 studiosus:
558 3700 629 3749 ita
690 3700 845 3749 ctiaca
862 3698 1065 3747 victoria
1084 3698 1147 3746 ad
1169 3712 1281 3745 eum
1302 3712 1382 3745 re·
1448 3706 1648 3745 ornatus
1671 3712 1816 3759 quam
1838 3712 1928 3761 pro
1950 3706 2050 3744 tam
2073 3696 2302 3746 tenuibus
2343 3697 2492 3747 rebus
2513 3696 2578 3745 ad

260 3767 509 3816 ferebatur
520 3764 622 3823 viii,
638 3764 733 3815 ⁷04
755 3779 877 3827 sqq„
892 3772 942 3811 et
960 3762 1237 3811 Palatinum
1258 3770 1381 3809 tem·
1448 3776 1570 3824 quas
1589 3776 1720 3809 nunc
1743 3760 1944 3824 Trojani
1963 3760 2148 3810 redacti
2169 3773 2298 3809 sunt.

257 3832 397 3896 plum
416 3830 471 3878 in
489 3832 594 3891 ejus
632 3828 867 3877 bonorem
898 3828 1095 3877 sacuam.
1152 3828 1383 3875 Ausonias
1510 3826 1622 3873 645.
1657 3828 1897 3889 Spirmtaee
1927 3842 2082 3884 marae,
2115 3824 2303 3883 flantes,
2342 3822 2578 3875 πιούσας

255 3900 379 3945 acies
401 3897 657 3957 urbemque,
679 3892 1093 3957 oppugnationem
1112 3900 1381 3939 castrorum
1446 3889 1588 3952 αὔρας
1609 3888 1788 3955 accipe.

257 3976 347 4009 seu
362 3958 500 4007 urbis
520 3958 859 4019 Trojanorum‚
882 3972 1022 4005 uovae
1044 3955 1217 4018 Trojae.
1513 3955 1624 4002 651.
1661 3956 1804 4003 Butae
1819 3952 1994 4003 similis
2011 3952 2160 4003 etism
2171 3952 2324 4011 canis,
2341 3960 2394 4001 et
2408 3952 2572 4009 armis,

324 4024 437 4073 641.
472 4024 659 4071 Hoetu
672 4023 821 4079 mdc,
840 4024 1025 4079 virtuts,
1044 4028 1095 4068 et
1110 4018 1195 4083 qui
1206 4017 1385 4069 fruimr
1449 4034 1562 4081 quae
1593 4018 1676 4067 ille
1711 4020 1964 4082 gestabat:
2000 4034 2132 4067 ma
2163 4033 2284 4065 ωηο
2323 4019 2574 4075 moribus,

258 4087 405 4137 laude
426 4102 454 4135 e
477 4100 531 4135 re
553 4088 677 4135 bene
712 4093 863 4149 gesta,
904 4100 969 4133 ex
997 4099 1227 4135 successu
1258 4098 1379 4157 gau-
1444 4084 1495 4131 h.
1536 4099 1578 4132 e.
1619 4098 1810 4141 sonore,
1849 4098 1992 4140 saeve,
2038 4080 2321 4131 terribiliter
2353 4079 2578 4130 sonantis

258 4152 397 4209 dens,
416 4150 627 4199 ffimmm
648 4148 833 4198 laefitiae
850 4148 965 4197 inde
980 4148 1209 4212 capiens:
1245 4156 1297 4195 et
1312 4162 1383 4195 sic
1448 4148 1592 4195 Buta
1611 4156 1740 4195 sunt.

258 4215 387 4265 nihil
404 4223 493 4274 est,
508 4214 639 4291 quod
654 4213 829 4263 melius
841 4228 1013 4288 vocem
1032 4212 1219 4269 reddat,
1239 4226 1385 4273 quam
1514 4211 1625 4286 ὃξό.
1661 4214 1728 4259 Et
1743 4214 1944 4285 pao-ibus
1965 4226 2054 4259 nos
2081 4211 2257 4257 invidet
2276 4212 2418 4257 ‹ar-stis
2432 4226 2449 4257 .-
2483 4208 2575 4283 hoc

260 4278 486 4340 ὀνήμενος
521 4294 575 4327 m
606 4278 693 4327 1110
733 4277 1001 4327 Homerico
1033 4276 1207 4339 Odyss.
1232 4278 1283 4331 β,
1308 4276 1385 4323 33.
1452 4274 1660 4323 sublime
1699 4282 1750 4321 et
1783 4272 2124 4336 magnificum:
2173 4288 2276 4323 ωε
2311 4272 2574 4336 sagittandi

259 4341 467 4395 ’mals
486 4361 567 4404 μοι
588 4343 724 4393 δοκεῖ
740 4340 858 4391 εἶναι
887 4339 1127 4401 δήμους,
1150 4338 1235 4401 qui
1256 4336 1385 4387 fruc-
1451 4337 1656 4403 peritia,
1679 4352 1782 4387 sun
1804 4336 1990 4396 virtuti,
2013 4336 2215 4387 Ascanii
2237 4336 2450 4387 ἥκοι-ιω
2473 4336 2570 4385 vir·

256 4404 363 4457 t‘um
386 4407 503 4457 inde
536 4405 711 4470 capiat,
736 4406 819 4455 eui
852 4408 979 4457 bene
1011 4404 1091 4463 sit,
1114 4404 1241 4453 bene
1272 4417 1404 4514 eve·³
1429 4410 1610 4516 Ytutem
1631 4402 1900 4467 equiparat
1917 4401 2040 4451 deus
2061 4401 2256 4465 Apollo.
