3050 4934
412 179 544 244 230

1304 169 1835 239 AENEIDOS

412 330 542 393 615
587 325 756 401 Quis
789 337 877 402 te,
907 334 1060 388 nate
1089 323 1238 400 dea,
1270 344 1391 407 per
1419 332 1603 387 tanta
1630 319 1918 408 pericula
1945 341 2137 384 casus

586 427 1009 512 Insequitur?
1055 447 1206 508 quae
1234 424 1330 488 vis
1359 423 1745 488 immanibus
1774 419 2062 507 applicat
2088 419 2267 484 oris?

590 528 784 592 Tune
815 525 920 590 ille
947 525 1224 601 AEneas,
1249 546 1444 609 quem
1473 523 1817 588 Dardanio
1846 517 2157 586 Anchisae

591 627 786 693 Alma
816 625 1046 691 Venus
1079 625 1352 710 Phrygii
1379 625 1608 708 genuit
1638 623 1984 688 Simoentis
2014 621 2101 686 ad
2128 619 2414 684 undam?

591 727 817 812 Atque
847 728 1152 812 equidem
1181 726 1514 790 Teucrum
1544 725 1802 790 memini
1832 722 2079 788 Sidona
2108 719 2351 793 venire,

420 832 550 895 620
593 829 863 894 Finibus
895 827 1240 911 expulsum
1269 827 1522 911 patriis,
1554 847 1723 890 nova
1752 845 1957 908 regna
1984 831 2316 906 petentem

595 928 864 996 Auxilio
894 927 1077 992 Beli:
1123 928 1378 1012 genitor
1407 939 1547 990 tum
1576 924 1781 990 Belus
1810 925 2089 1010 opimam

597 1030 924 1096 Vastabat
953 1028 1266 1112 Cyprum,
1296 1036 1366 1090 et
1395 1028 1601 1090 victor
1629 1025 1876 1089 ditione
1904 1023 2192 1088 tenebat.

597 1131 930 1216 Tempore
952 1129 1091 1214 jam
1115 1150 1202 1192 ex
1230 1126 1340 1192 illo
1369 1149 1563 1191 casus
1594 1124 1751 1189 mihi
1780 1121 2081 1208 cognitus
2110 1121 2293 1186 urbis

598 1232 931 1317 Trojanoe,
957 1248 1321 1313 nomenque
1351 1238 1559 1304 tuum,
1591 1247 1915 1311 regesque
1948 1222 2235 1307 Pelasgi.

427 1337 556 1399 625
601 1333 754 1418 Ipse
783 1332 992 1397 hostis
1023 1330 1324 1394 Teucros
1351 1329 1588 1412 insigni
1616 1327 1811 1392 laude
1841 1325 2121 1399 ferebat,

426 1421 432 1426 ¹
604 1435 822 1518 Seque
855 1442 1068 1496 ortum
1095 1431 1362 1514 antiqua
1390 1428 1803 1494 Teucrorum
1832 1428 1917 1491 ab
1948 1426 2151 1511 stirpe
2182 1421 2461 1488 volebat.

608 1535 834 1608 Quare
865 1533 1061 1617 agite,
1094 1553 1134 1594 o
1163 1531 1375 1606 tectis,
1399 1529 1701 1614 juvenes,
1734 1529 2065 1592 succedite
2094 1525 2359 1590 nostris.

611 1635 730 1700 Me
759 1655 1020 1719 quoque
1049 1654 1171 1717 per
1197 1630 1434 1696 multos
1466 1629 1686 1694 similis
1716 1628 1979 1693 fortuna
2007 1625 2268 1691 labores

607 1736 652 1802 J
655 1746 934 1800 actatam
959 1734 1086 1797 hac
1112 1733 1374 1798 demum
1403 1729 1607 1795 voluit
1634 1731 1997 1795 consistere
2020 1739 2216 1792 terra.

435 1841 570 1904 630
612 1837 771 1902 Non
801 1837 1030 1920 ignara
1057 1832 1206 1898 mali
1233 1833 1484 1896 miseris
1517 1851 1897 1896 succurrere
1930 1829 2134 1894 disce.

608 1939 717 2001 Sic
747 1944 1094 2000 memorat:
1143 1931 1331 1998 simul
1359 1931 1625 1996 AEnean
1653 1933 1721 1995 in
1750 1932 1932 2014 regia
1962 1931 2145 1994 ducit

609 2038 858 2113 Tecta:
905 2034 1094 2099 simul
1122 2032 1342 2098 divum
1373 2033 1631 2117 templis
1661 2033 1887 2097 indicit
1916 2031 2251 2096 honorem.

613 2139 762 2202 Nec
793 2138 1004 2200 minus
1031 2137 1282 2199 interea
1313 2135 1503 2198 sociis
1536 2134 1623 2198 ad
1653 2131 1873 2198 littora
1902 2133 2101 2196 mittit

615 2238 870 2322 Viginti
900 2248 1122 2301 tauros
1130 2283 1148 2312 ‚
1177 2257 1560 2319 magnorum
1588 2233 1926 2298 horrentia
1954 2243 2217 2297 centum

445 2343 573 2406 635
616 2340 846 2424 Terga
875 2360 1084 2413 suum,
1117 2338 1394 2422 pingues
1426 2346 1688 2400 centum
1718 2357 1865 2400 cum
1894 2335 2211 2398 matribus
2241 2355 2469 2419 agnos,

617 2439 903 2506 Munera
931 2437 1352 2522 loetitiamque
1383 2436 1496 2502 dii.

511 2593 622 2640 616.
645 2592 1028 2638 Immanibusm‘is
1043 2587 1224 2651 Libyae,
1241 2588 1380 2648 cujus
1397 2585 1569 2633 imma·
1640 2583 1988 2633 Laomedontis
2010 2583 2111 2632 filia
2132 2593 2291 2641 natus,
2315 2600 2459 2647 quam
2482 2583 2719 2632 Telamon
2742 2601 2773 2633 a

450 2673 538 2705 nes
552 2666 602 2704 et
614 2654 704 2702 feri
721 2653 908 2710 incolae,
923 2652 1027 2700 sive
1042 2651 1188 2699 etiam
1201 2649 1411 2698 horridae
1428 2659 1478 2696 et
1494 2665 1571 2697 as·
1640 2648 1792 2696 sodali
1836 2648 2053 2696 Hucule
2096 2648 2313 2696 muneris
2355 2648 2463 2696 loco
2500 2659 2769 2712 acceperat.

449 2735 582 2785 peroe
603 2717 798 2765 inculta:
831 2731 893 2764 ue
915 2725 1072 2764 terrae.
1121 2717 1358 2776 Applicat,
1377 2713 1448 2760 ita
1465 2713 1574 2770 fert,

451 2795 506 2832 ut
529 2797 704 2830 navem
725 2797 822 2844 app
842 2779 1044 2834 icueris3
1082 2787 1138 2826 ut
1157 2793 1201 2826 v.
1227 2777 1336 2836 377,
1357 2780 1551 2839 appulit.

1644 2713 1802 2760 Laude
1810 2710 2014 2773 ferebat,
2034 2727 2139 2776 pro,
2164 2712 2334 2761 efferre
2356 2712 2593 2761 laudibus.

1706 2778 1816 2824 680.
1854 2776 2200 2824 Nobilissimus
2237 2791 2437 2832 versusz
2484 2775 2773 2840 gravissima

521 2846 630 2902 617,
669 2845 779 2894 618.
825 2844 1102 2892 Secundum
1132 2857 1302 2891 versus
1345 2841 1484 2889 Iliad.
1524 2844 1576 2897 β,
1642 2840 2104 2902 sententia3⁴cujus
2168 2855 2279 2888 cum
2318 2857 2363 2889 v.
2411 2841 2521 2898 628,
2572 2841 2667 2888 629
2722 2840 2774 2888 vi

455 2913 564 2966 820,
592 2911 699 2958 821.
749 2908 830 2956 Sic
855 2907 1192 2970 Nympharum
1211 2915 1382 2969 partus
1402 2904 1466 2953 ad
1487 2904 1579 2952 flu-

456 2975 644 3024 minum
661 2973 794 3036 ripas
811 2971 1050 3019 collocant
1103 2970 1354 3030 letumque
1377 2978 1549 3033 poetae.

521 3039 616 3086 619
640 3053 740 3099 sqq.
777 3035 978 3092 Teucer,
1013 3049 1042 3082 a
1115 3035 1220 3095 roja
1239 3033 1410 3090 redux,
1433 3049 1464 3082 a
1493 3047 1581 3096 pa-

459 3111 533 3150 tre
556 3101 822 3148 Telamone
843 3113 942 3146 non
965 3097 1204 3146 admissus
1229 3097 1310 3160 (cf.
1339 3097 1462 3145 Hor.
1478 3097 1510 3155 i,
1538 3096 1582 3154 7,

459 3164 562 3224 21,)
591 3179 702 3212 cum
735 3165 952 3226 Cyprum
1019 3161 1218 3218 edisset,
1243 3160 1503 3209 accessisse
1521 3161 1587 3208 ad

460 3229 651 3286 Belum,
672 3225 868 3274 Sidonis
900 3241 956 3273 ac
1093 3225 1103 3236 '
1132 3241 1313 3288 regem,
1337 3223 1585 3289 putandus

459 3303 547 3350 est,
573 3301 642 3350 ut,
667 3306 778 3339 cum
807 3291 868 3338 ab
895 3305 954 3337 eo
984 3289 1138 3364 copia:
1169 3289 1220 3336 in
1249 3290 1412 3354 Cypro
1431 3289 1581 3337 habe-

459 3365 644 3413 rentur,
689 3369 859 3404 earum
900 3353 1084 3402 auxilio
1127 3354 1358 3402 adversus
1401 3353 1586 3402 incolas

459 3419 633 3470 insulae
670 3418 689 3466 i
725 3433 778 3467 se
817 3427 1052 3475 uteretur,
1079 3433 1200 3480 quos
1240 3417 1292 3465 in
1332 3433 1460 3466 nova
1492 3417 1587 3466 sibi

459 3485 591 3542 sede,
617 3484 650 3531 S
701 3483 876 3539 amine,
901 3482 1118 3545 paranda
1142 3481 1326 3530 alienos
1357 3492 1410 3530 et
1434 3481 1585 3530 infes-

460 3559 536 3598 tos
559 3547 914 3612 experiebatur.
969 3546 1131 3594 Multa
1155 3561 1268 3594 cum
1293 3557 1396 3594 arte
1427 3556 1480 3594 et
1507 3562 1585 3594 sa-

459 3613 670 3678 gacitate
691 3612 794 3660 hee
817 3627 882 3660 ex
899 3610 1193 3674 tragicorum
1211 3610 1386 3659 fabulis
1399 3611 1462 3658 ad
1481 3626 1585 3658 ma·

454 3679 613 3740 jorem
635 3676 708 3724 rei
729 3674 1121 3740 probabilitatem
1145 3675 1362 3723 traduxit
1382 3683 1541 3738 poeta.

527 3743 638 3789 624.
673 3743 822 3802 Reges
839 3741 1042 3800 Pelasgi,
1061 3753 1152 3801 pro
1174 3737 1473 3787 Achivorum
1495 3737 1586 3786 du-

460 3805 626 3854 cibus:
673 3804 820 3852 etiam
854 3803 946 3850 hoc
984 3802 1224 3858 licentius,
1263 3811 1314 3850 et
1350 3802 1591 3850 seriorum

459 3879 715 3934 poetarum
738 3869 1021 3916 Graecorum
1051 3866 1303 3930 exemplo:
1341 3879 1453 3916 nam
1478 3867 1588 3914 Ho-

459 3949 597 3982 mero
636 3931 830 3995 Pelasgi
869 3930 1091 3979 diversus
1130 3931 1191 3978 ab
1231 3929 1436 3979 Achivis
1476 3939 1595 3979 sunt

462 3997 888 4117 Poggglastm,
925 4058 1189 4121 Troianos:
1225 4059 1288 4106 ab
1318 4057 1593 4120 antiquiore

460 4124 547 4172 illo
564 4124 768 4180 Teucro,
787 4139 818 4171 a
835 4138 930 4186 quo
953 4123 1211 4172 Dardanus
1229 4121 1326 4170 fuit
1342 4133 1591 4186 exceptus,

462 4203 576 4236 cum
611 4187 662 4234 in
705 4196 884 4236 terram
919 4187 1180 4250 Trojanam
1213 4203 1240 4234 e
1279 4187 1593 4235 Samothrace

463 4251 746 4312 trajecisset.
796 4251 876 4298 Ab
911 4251 989 4300 his
1025 4251 1264 4314 originem
1303 4251 1482 4299 ducere
1515 4250 1589 4298 vi-

463 4313 567 4362 deri
592 4315 786 4363 volebat
816 4314 1006 4364 Teucer
1039 4313 1369 4374 Telamonius,
1371 4325 1595 4426 ¹propter

463 4387 738 4428 maternum
759 4393 928 4440 genus.
985 4379 1104 4427 Erat
1128 4379 1259 4427 enim
1283 4395 1346 4427 ex
1426 4395 1592 4428 esnone

1646 2913 1890 2969 percepta,
1927 2904 1969 2952 si
2002 2905 2357 2953 adolescentem
2394 2919 2494 2952 non
2526 2905 2775 2969 voluptate

1646 2969 1829 3032 gestire
1852 2967 2031 3027 videas,
2058 2983 2133 3016 nae
2158 2967 2299 3016 illum
2325 2985 2354 3017 a
2380 2981 2538 3032 poetae
2566 2969 2777 3017 lectione

1648 3033 1813 3082 statim
1838 3033 2019 3096 abigas,
2056 3033 2249 3081 suadeo.
2308 3033 2517 3082 Sensus:
2554 3033 2663 3096 ipsa
2692 3033 2779 3082 olnae

1650 3096 1970 3160 ἄπεφόκακος,
1990 3097 2099 3160 ipsa
2118 3105 2193 3145 tot
2210 3096 2413 3146 adversa
2430 3107 2647 3162 experta,
2668 3097 2774 3145 ani-

1650 3175 1783 3209 mum
1824 3162 1979 3210 habeo
2022 3175 2233 3236 pronum
2282 3163 2345 3210 ad
2396 3161 2779 3211 succurrendum

1649 3223 1759 3274 aliis
1780 3224 1863 3289 qui
1887 3233 1937 3273 et
1957 3225 2055 3289 ifm
2082 3226 2277 3274 fortuna
2297 3225 2501 3275 adversa
2514 3229 2779 3288 jactatum.

1650 3293 1804 3348 Disco,
1829 3299 1988 3346 teneo,
2010 3289 2139 3337 novi.

1717 3354 1826 3402 632.
1862 3357 2011 3402 Simul
2040 3357 2191 3402 divam
2225 3357 2405 3414 templ-'e
2442 3358 2607 3403 §naa-u
2641 3358 2776 3404 hono-

1652 3435 1760 3466 rem.
1812 3417 1865 3465 Si
1895 3418 1957 3465 de
1987 3417 2343 3482 supplicatione
2366 3417 2462 3467 diis
2484 3427 2685 3483 propter
2706 3419 2777 3466 fe-

1652 3483 1795 3530 licem
1831 3482 2005 3530 AEneae
2024 3480 2246 3545 hospitis
2284 3481 2549 3531 adventum
2588 3483 2783 3531 decreta

1652 3546 1911 3610 intelligas,
1937 3561 2027 3594 nee
2057 3546 2203 3594 aliam
2234 3545 2475 3594 rationem
2500 3546 2615 3596 iniri

1656 3609 1810 3668 video,
1836 3627 1865 3657 a
1886 3625 2022 3658 more
2051 3609 2240 3672 antiqui
2272 3610 2437 3659 saeculi
2454 3611 2683 3660 recedere
2704 3610 2780 3658 di-

1653 3675 1837 3722 cendus
1884 3684 1961 3722 est
1992 3683 2154 3740 poeta,
2188 3683 2241 3722 et
2280 3675 2537 3724 deflectere
2576 3675 2638 3723 sd
2682 3689 2786 3724 sue

1654 3738 1810 3786 oetatis
1832 3739 1996 3786 vitam.
2054 3741 2197 3796 Nam,
2235 3749 2289 3788 ut
2322 3753 2387 3790 ex
2422 3747 2525 3788 toto
2560 3739 2785 3788 Homero

1655 3802 1772 3851 satis
1788 3812 1993 3859 constat,
2010 3801 2220 3851 heroicis
2238 3804 2552 3868 temporibus,
2574 3803 2784 3867 hospitis

1656 3866 1869 3914 adventu
1888 3866 1942 3914 in
1964 3867 2109 3914 domo
2138 3867 2303 3916 statim
2330 3882 2520 3916 sacrum
2542 3867 2612 3925 fit.
2635 3867 2781 3915 caedi-

1658 3941 1738 3979 tur
1752 3930 1973 4006 'vi-etima,
2006 3940 2058 3979 et
2086 3945 2149 3978 ex
2178 3947 2238 3980 ea
2264 3931 2411 3996 epulo
2440 3945 2578 3980 sacro
2606 3933 2787 3996 hospes

1658 4003 1968 4117 Εκῗὲῖξῗὲὄ.
2004 4061 2259 4134 Hmestio
2293 4059 2413 4108 setis
2450 4075 2539 4108 seu
2570 4059 2699 4124 pilis.
2736 4069 2787 4108 et

1659 4133 1791 4186 terga
1818 4141 1949 4172 mm
1980 4137 2074 4187 pro
2104 4125 2285 4172 sitibus.
2337 4125 2399 4172 In
2416 4133 2519 4172 toto
2538 4124 2647 4172 loco
2666 4133 2783 4172 ante

1658 4187 1823 4237 oculos
1879 4198 2026 4262 poeta
2070 4187 2241 4238 habuit
2280 4188 2454 4252 Odyss.
2498 4193 2539 4245 θ,
2580 4189 2643 4236 59
2683 4204 2785 4251 sqq.

1660 4251 1821 4300 Mittit
1838 4251 1972 4300 Dido
1990 4252 2202 4315 pecudes
2214 4265 2323 4315 quae
2338 4267 2428 4316 pro
2448 4267 2653 4300 munere
2668 4253 2785 4310 sint,

1658 4325 1709 4364 ‘³‘
1757 4331 1843 4429 3⁰⁸⁶
1852 4315 2784 4441 mansafisssszssteffzhffaeffiffl‘s
