3050 4934
1085 276 1429 342 LIBER
1476 276 1623 341 ΙΙΙ.

2391 274 2502 337 131

366 430 591 513 Atque
622 428 732 493 hic
764 428 1119 495 undantem
1148 426 1321 493 bello
1349 448 1782 512 magnumque
1815 426 2125 490 fluentem

370 529 621 608 Nilum,
654 552 730 594 ac
760 526 972 593 navali
1004 540 1348 613 surgentes
1379 551 1509 593 aere
1541 527 1892 593 columnas.

250 630 335 691 30
376 628 643 695 Addam
672 632 872 695 urbes
904 628 1089 695 Asiae
1117 630 1418 707 domitas,
1449 629 1837 715 pulsumque
1855 614 2228 712 Niphaten,

372 730 847 817 Fidentemque
876 730 1037 815 fuga
1066 730 1385 795 Parthum
1416 731 1750 815 versisque
1785 730 2060 814 sagittis,

372 832 467 895 Et
493 833 629 898 duo
660 844 849 919 rapta
878 855 1073 897 manu
1104 834 1364 897 diverso
1394 856 1479 897 ex
1508 833 1699 898 hoste
1729 821 2008 917 tropaea,
2129 824 2134 829 ⁸

374 932 625 1017 Bisque
658 933 1091 1019 triumphatas
1122 944 1404 1017 utroque
1436 936 1520 998 ab
1549 932 1766 997 littore
1797 943 2049 1016 gentes,

374 1034 665 1099 Stabunt
694 1046 763 1099 et
792 1033 970 1099 Parii
998 1033 1274 1119 lapideS,
1306 1036 1620 1120 spirantia
1651 1024 1856 1117 signa,

243 1136 329 1198 35
374 1134 689 1199 Assaraci
720 1133 961 1219 proleS,
990 1135 1418 1219 demissaeque
1449 1136 1535 1198 ab
1560 1134 1728 1198 Jove
1758 1136 1973 1218 gentis

374 1235 687 1312 Nomina,
716 1235 1025 1319 Trosque
1055 1257 1318 1319 patene,
1348 1246 1415 1299 et
1446 1235 1671 1320 Trojae
1700 1234 2020 1319 Cynthius
2051 1246 2297 1299 auctor.

378 1335 635 1400 Invidia
664 1334 888 1400 infelix
918 1335 1149 1400 Furias
1179 1359 1562 1421 amnemque
1593 1359 1890 1402 severum

384 1436 619 1521 Cocyti
646 1447 915 1512 metuet,
946 1448 1285 1521 tortosque
1313 1437 1557 1502 Ixionis
1587 1460 1834 1522 angues

386 1536 865 1621 Immanemque
896 1550 1127 1615 rotam,
1158 1549 1224 1602 et
1254 1561 1385 1603 non
1413 1537 1871 1623 exsuperabile
1903 1561 2152 1603 saxum.

272 1755 351 1809 28,
390 1754 469 1799 29.
524 1752 805 1817 AEgyptum,
845 1752 986 1801 victis
1030 1752 1250 1801 Antonio
1283 1764 1335 1801 et

210 1816 471 1880 Cleopatra
504 1832 670 1878 pugna
706 1816 909 1864 Actiaca
936 1816 1111 1872 navali,
1155 1816 1207 1864 in
1243 1833 1331 1880 po-

214 1890 436 1929 teutatem
462 1881 527 1928 ab
556 1882 781 1942 Augusto
812 1879 1057 1927 redactam
1082 1890 1331 1931 memorat.

220 1946 475 1991 vaenea-
514 1946 627 1991 bello
658 1953 709 1990 et
741 1960 967 2004 magnum,
998 1943 1209 2006 copiose,
1236 1948 1331 2004 fiu-

214 2016 359 2055 ente-
392 2008 531 2069 (nam
555 2010 669 2067 finit
702 2024 909 2069 magnus,
940 2010 1121 2063 multus,
1146 2007 1338 2065 fluvius,

212 2071 363 2120 πολὺς
388 2069 529 2131 pica)
578 2071 749 2118 Nilum
792 2084 983 2117 amnem
1020 2086 1197 2133 magno
1236 2070 1337 2133 spi-

212 2133 311 2183 ritu
340 2134 573 2199 appellat,
606 2144 809 2199 propter
842 2149 1043 2197 magnos
1075 2146 1341 2199 apparatus

210 2198 405 2247 bellicos
428 2198 493 2245 ab
516 2197 735 2245 Antonio
758 2197 809 2245 iu
834 2198 1049 2261 AEgypto
1074 2198 1251 2254 factos3
1286 2211 1340 2248 ut

212 2262 419 2327 populos
448 2270 537 2311 aut
568 2260 847 2325 provincias
873 2266 986 2311 bello
1022 2271 1241 2311 tumentes
1261 2264 1336 2312 di-

212 2340 343 2383 cum,
386 2342 505 2375 cum
546 2324 764 2377 animum
810 2326 991 2374 bellum
1032 2338 1232 2389 parant3
1288 2337 1342 2377 ut

212 2390 408 2439 omuino
444 2390 691 2454 superbia,
727 2390 857 2438 fastu
895 2399 1067 2438 tumere
1110 2390 1340 2441 dicuntur

212 2456 451 2505 homines.
520 2454 665 2510 Quod
698 2470 811 2503 cum
846 2454 909 2503 ad
944 2454 1148 2505 fluvium
1181 2465 1337 2504 trans-

216 2520 381 2577 ram,
401 2519 637 2583 preclare
660 2518 743 2567 ille
766 2518 942 2567 fluctus
966 2518 1173 2575 volvere,
1192 2536 1343 2583 aquas

216 2600 393 2647 uere
424 2594 481 2633 et
510 2582 731 2641 incitare,
754 2582 884 2631 bello
916 2582 1099 2631 undare
1125 2582 1221 2632 dici
1253 2600 1340 2649 po-

216 2658 321 2696 test.
390 2650 655 2696 can-m
690 2655 937 2697 rostratam
974 2646 1205 2697 describit
1234 2658 1341 2697 tan-

216 2728 359 2775 quan
388 2724 647 2775 παρευω-
715 2711 946 2761 Occurrit
966 2710 1051 2759 ina
1072 2728 1263 2775 quoque
1292 2712 1344 2760 in

222 2776 433 2841 Augusti
468 2774 649 2825 numis-
715 2780 923 2838 Surg-une
960 2785 1123 2825 autem
1158 2776 1342 2825 colum-

216 2856 303 2899 na,
324 2852 383 2889 ut
402 2839 629 2898 edificia,
652 2840 861 2896 moenia3
896 2840 1083 2903 vulgari
1104 2856 1343 2899 sermone,

222 2915 369 2954 Stant.

278 2972 359 3027 ³0,
384 2972 466 3017 31.
504 2968 775 3018 Victoriam
801 2968 863 3017 de
886 2968 1148 3027 Armeniis,
1174 2985 1294 3031 quos
1318 2985 1347 3017 a

218 3044 385 3083 monte
409 3033 633 3097 Niphate
664 3032 903 3095 designat,
935 3032 997 3080 sd
1027 3048 1171 3095 quem
1206 3047 1345 3081 acco-

218 3099 341 3155 lunt,
363 3108 417 3146 et
438 3098 503 3147 de
528 3096 725 3147 Parthis
746 3096 1001 3161 promittit.

282 3165 365 3221 82
388 3164 471 3209 ³³.
506 3162 589 3209 Ex
622 3161 771 3211 rimet
801 3176 947 3225 porro
980 3161 1033 3209 in
1070 3161 1131 3210 iis
1166 3160 1353 3211 foribus

218 3227 319 3275 duo
352 3238 431 3275 tro
626 3236 785 3275 terum
810 3226 873 3273 de
897 3225 1101 3274 Oriente
1132 3235 1353 3274 extremo

218 3291 367 3349 victo,
446 3300 606 3339 terum
637 3290 699 3339 de
730 3289 1011 3339 Occidente.
1078 3290 1162 3339 Ad
1190 3306 1355 3339 meum

218 3370 425 3405 sensum
466 3370 567 3403 non
609 3355 713 3403 haec
758 3362 875 3403 sunt
916 3352 1147 3403 historice
1192 3354 1348 3417 expli-

220 3418 409 3475 undu
444 3434 563 3468 nam
582 3433 683 3468 non
709 3432 767 3467 es
790 3434 899 3481 quae
922 3419 1025 3481 jam
1061 3419 1189 3467 facta
1222 3427 1352 3476 sunt,

218 3484 311 3533 sed
337 3498 449 3547 qm!
480 3482 555 3531 ita
584 3482 687 3531 fore
707 3498 737 3530 a
838 3491 986 3541 ratur,
1011 3492 1275 3539 memoratu
1310 3482 1351 3531 si

222 3558 393 3597 umen
428 3563 495 3611 po
584 3562 669 3596 um
700 3548 763 3597 be
798 3562 830 3594 o
856 3548 959 3609 jam
996 3555 1100 3595 tum
1136 3546 1350 3595 destina-

372 3612 383 3623 '
515 3611 528 3622 ’
566 3627 648 3661 ere
671 3610 837 3669 velles,
868 3611 929 3659 de
958 3610 1230 3669 Cantabris,
1260 3627 1360 3661 non

224 3677 293 3725 de
316 3676 587 3733 Britannis,
610 3676 713 3725 hoec
734 3690 899 3725 essent
922 3675 1221 3751 accipienda.
1279 3675 1361 3723 Ad

226 3741 415 3789 bellum
454 3740 801 3789 Cantabricum
836 3738 983 3787 etiam
1016 3754 1124 3804 ipse
1164 3740 1359 3788 tandem

228 3807 491 3869 Aurgi-tus
519 3804 765 3869 profectus
796 3814 875 3853 est
894 3804 957 3851 U.
974 3804 1029 3851 C.
1056 3803 1165 3861 728,
1190 3813 1363 3865 quarto

227 3886 260 3919 a
280 3868 555 3931 Georgicis,
591 3878 649 3917 ut
681 3884 745 3917 vu
795 3885 825 3916 o
857 3867 1088 3926 creditur,
1116 3868 1181 3916 sd
1211 3868 1360 3917 finem

226 3934 485 3999 perductis
522 3948 667 3981 mno-
796 3932 813 3980 i
850 3931 935 3996 qui
974 3932 1139 3981 omnia
1182 3931 1235 3981 in
1264 3948 1359 3981 πε.

230 3999 429 4047 33—-35
464 3997 527 4045 ad
566 4006 701 4045 certa
735 4006 955 4061 tempora
988 4011 1217 4045 revocare
1258 4012 1359 4045 ma-

230 4062 355 4120 nde,
388 4061 703 4111 statuendum
742 4070 817 4109 est
852 4060 1073 4119 alterum,
1110 4060 1366 4123 Georgicis

229 4124 469 4175 manullo
524 4124 680 4173 serius
732 4124 921 4173 inserta
975 4140 1099 4173 esse.
1186 4125 1363 4187 Neque

230 4192 325 4239 hoe
346 4188 615 4239 abundum
634 4204 741 4239 esse
765 4188 939 4239 dicam.
1011 4190 1203 4253 Tropaea
1228 4197 1369 4251 rapta

232 4272 387 4311 nna,
418 4253 613 4328 poetica
642 4252 833 4303 ratione
866 4254 927 4301 de
962 4252 1165 4303 victoria
1197 4268 1364 4316 repor-

232 4329 363 4374 ms
478 4328 642 4367 tamen
676 4316 729 4367 in
762 4326 901 4379 rapta
929 4316 1253 4379 argutandum
1287 4316 1367 4375 sit,

232 4382 545 4433 celeritatem
582 4380 801 4431 victoriae
839 4380 1049 4445 exprimi
1091 4380 1225 4429 dicas
1258 4396 1369 4430 cum

236 4445 563 4510 Philas-gyrio.
630 4448 825 4497 Diverso
844 4464 901 4495 ex
928 4448 1067 4505 laute,
1090 4445 1145 4495 in
1166 4444 1371 4495 diversis

1404 3612 1571 3676 ‚plane
1606 3610 1864 3658 coercitam
1902 3624 2023 3665 esse,

1402 1763 1640 1801 terrarum
1663 1752 1896 1817 partibus.
1955 1754 2035 1801 Sic
2063 1757 2239 1801 diverat
2265 1756 2418 1801 Celtas
2441 1770 2528 1817 ap-

1400 1816 1552 1929 Εῗῖιῗ
1571 1816 2292 1929 ,fiffissttfiffeffiss‘fiffigssss
2311 1818 2532 1943 3¹22}ssss

1401 1944 1659 1991 sententiae
1682 1960 1807 1991 nova
1825 1953 1899 1993 est
1922 1944 2201 1992 exornatio:
2223 1954 2382 2007 gentes
2402 1954 2528 1993 utro-

1406 2024 1491 2069 que
1512 2012 1574 2055 ab
1610 2011 1777 2065 littore,
1801 2009 1848 2055 h.
1875 2008 2082 2055 extremi
2106 2008 2327 2057 Orientis
2348 2019 2398 2056 et
2431 2010 2529 2057 Oc·

1404 2071 1628 2128 eidentis,
1668 2075 1738 2119 bie
1771 2075 2090 2133 triumphatas,
2123 2072 2184 2119 de
2219 2073 2395 2135 quibus
2429 2073 2532 2121 bini

1406 2135 1642 2199 triumphi
1665 2136 1818 2184 habiti
1842 2146 1958 2184 sunt
1988 2138 2110 2197 (non
2135 2137 2324 2201 vulgari
2347 2154 2453 2193 usu,
2479 2148 2536 2185 ut

1403 2198 1479 2247 bis
1512 2199 1696 2247 eaedem
1729 2209 1901 2261 gentes
1933 2200 2075 2247 victae
2106 2200 2258 2261 sint);
2293 2202 2341 2249 h.
2376 2210 2532 2249 totum

1405 2273 1645 2313 terrarum
1669 2266 1834 2327 orbem
1859 2264 2038 2313 victum
2062 2266 2123 2313 ab
2147 2266 2385 2329 Augusto.

1472 2330 1548 2375 34.
1587 2330 1826 2389 Spirantia
1849 2346 1962 2385 aera,
1989 2328 2109 2377 vivos
2139 2332 2303 2387 vultus,
2328 2330 2441 2377 AEn.
2468 2330 2532 2387 vi,

1407 2394 1518 2450 848,
1545 2394 1654 2441 849.

1472 2459 1551 2514 35,
1587 2457 1662 2504 36.
1699 2454 1875 2505 Gentis
1911 2456 2057 2503 Juliae
2127 2455 2442 2519 rogenitores‚
2481 2466 2537 2503 ut

1406 2519 1554 2581 vulgo
1582 2520 1876 2575 ferebantur,
1901 2519 2047 2567 ducta
2068 2472 2129 2567 ah
2155 2519 2280 2577 Iulo,
2310 2518 2413 2567 sive
2439 2521 2533 2567 As-

1408 2584 1565 2643 canio,
1605 2584 1778 2631 AEneae
1813 2582 1929 2640 filio,
1965 2582 2168 2645 origine.
2238 2584 2280 2629 A
2319 2582 2458 2631 Jovis
2489 2591 2537 2630 et

1410 2650 1622 2697 Electrae
1657 2648 1758 2695 filio
1795 2646 2026 2696 Dardano
2063 2646 2427 2705 Erichthonius,
2452 2664 2536 2695 cu-

1403 2716 1487 2775 Jus
1520 2713 1650 2761 filius
1681 2714 1790 2760 Tros
1828 2712 1972 2767 llum,
1997 2712 2331 2775 Ganymeden,
2364 2720 2414 2759 et
2445 2716 2536 2759 As-

1408 2794 1620 2825 saracum
1659 2777 1857 2838 genuit:
1919 2776 2013 2823 vid.
2057 2776 2260 2824 Homer.
2309 2774 2447 2825 iliad.
2497 2796 2536 2832 υ,

1412 2844 1505 2889 215
1539 2857 1608 2902 sq.
1669 2840 1748 2887 Ex
1774 2840 1848 2888 llo
1877 2840 2171 2897 Laomedon,
2197 2856 2260 2887 ex
2282 2842 2372 2888 hoc
2397 2840 2536 2889 Pria-

1412 2921 1535 2953 mus.
1605 2904 1686 2951 Ex
1724 2906 1962 2952 Assaraco
2002 2906 2178 2967 Capys,
2213 2920 2274 2951 ex
2307 2906 2399 2953 hoc
2433 2906 2538 2953 An-

1410 2969 1586 3027 chises,
1634 2985 1698 3017 ex
1740 2969 1832 3017 hoc
1879 2968 2077 3017 AEneas.
2165 2968 2318 3015 Porro
2363 2972 2539 3030 Apollo,

1413 3034 1576 3095 Trojae
1605 3032 1842 3090 conditor,
1875 3030 2167 3095 adjungitur,
2193 3032 2306 3095 quin
2339 3032 2396 3090 is,
2433 3042 2539 3081 tan-

1416 3113 1562 3161 quam
1580 3098 1702 3146 deus
1727 3096 1962 3155 tutelaris,
1987 3096 2213 3160 inprimis
2232 3111 2406 3159 magna
2427 3095 2540 3144 reli-

1416 3161 1564 3225 gione
1599 3163 1660 3209 ab
1695 3164 1920 3223 Augusto
1953 3160 2215 3219 colebatur,
2245 3176 2388 3223 quem
2423 3160 2545 3209 adeo

1420 3226 1673 3291 Apollinis
1689 3226 1844 3273 filium
1867 3225 2041 3287 vulgus
2063 3225 2261 3275 ferebat.

1484 3290 1693 3341 37—39.
1730 3290 1902 3341 Altera
1922 3305 1986 3337 ex
2005 3299 2148 3365 parte
2172 3290 2222 3338 in
2247 3290 2339 3339 hoc
2365 3292 2546 3355 templo

1417 3354 1613 3417 signum
1652 3364 1862 3419 ponetur
1909 3354 2128 3413 Invidiae,
2169 3355 2255 3403 sed
2295 3354 2547 3404 debellatae

1419 3428 1468 3467 et
1502 3419 1566 3469 ad
1597 3418 1856 3469 Tartarum
1891 3422 2198 3483 proturbatoe.
2282 3419 2547 3484 Splendide

1418 3494 1584 3533 antem
1625 3484 1792 3533 omnia
1833 3484 2101 3533 exornavit.
2185 3483 2386 3531 Scilicet
2422 3484 2550 3533 bella

1418 3548 1584 3597 civilia
1604 3548 1898 3609 omninoque
1924 3546 2213 3595 discordiam
2237 3547 2416 3594 civium
2443 3549 2548 3606 jam

2063 3609 2325 3670 symbolice
2361 3608 2548 3663 innuit;

1426 3684 1483 3725 ut
1504 3674 1558 3722 in
1580 3672 1727 3721 simili
1751 3672 1818 3721 im
1884 3672 1964 3719 'ne
1988 3672 2102 3719 AEn.
2126 3672 2160 3729 i,
2183 3673 2279 3718 294
2300 3688 2401 3733 sqq.
2445 3674 2548 3719 Me·

1427 3748 1556 3787 εισι
1578 3738 1829 3800 Cocytum,
1881 3735 2044 3784 >tionis
2074 3744 2124 3783 et
2146 3734 2342 3799 Sisyphi
2364 3750 2421 3783 su
2491 3736 2550 3783 li-

1426 3802 1574 3861 cium,
1602 3801 1796 3851 Invidia
1821 3799 2002 3850 dicitur
2021 3808 2206 3857 ornate,
2226 3815 2333 3862 quae
2353 3798 2405 3847 in
2473 3814 2551 3847 ar-

1426 3876 1533 3917 taro
1549 3876 1784 3925 versatur,
1803 3882 1860 3915 ac
1880 3864 1921 3915 si
1946 3866 2146 3914 istarum
2169 3879 2330 3913 rerum
2355 3872 2554 3926 aspectu

1428 3941 1696 3987 terreaturz
1733 3941 1788 3980 ut
1810 3930 1929 3981 alias
1948 3934 2130 3978 horrere
2153 3945 2208 3976 ac
2241 3930 2407 3975 terren·
2428 3926 2550 3975 dici-

1429 4008 1509 4046 tur
1531 4012 1622 4061 pro
1654 3994 1866 4059 simplici
1900 3998 2065 4043 videre.
2135 3996 2338 4048 Severus,
2375 4007 2551 4056 perpe-

1432 4070 1572 4109 tuum
1619 4075 1784 4109 rerum
1834 4058 2134 4107 infernarum
2189 4054 2455 4119 epitheton,
2502 4066 2558 4105 ut

1431 4124 1600 4182 tristis,
1625 4139 1797 4172 soevus.
1871 4124 2029 4169 Tortor
2043 4122 2217 4167 Ixionis
2238 4137 2424 4183 angtoes,
2445 4121 2552 4185 qui·

1430 4190 1538 4247 bus,
1561 4203 1652 4253 pro
1685 4186 1907 4243 vinculis,
1939 4182 2171 4249 religatus
2194 4194 2268 4232 est
2301 4185 2362 4233 ad
2384 4192 2555 4244 rotam,

1430 4264 1688 4319 postquam
1743 4248 1938 4299 illicitos
1980 4246 2191 4297 sunonis
2234 4246 2412 4313 petivit
2453 4266 2555 4297 am-

1432 4317 1621 4381 plexus.
1692 4314 1806 4363 Sive
1829 4324 1972 4379 poeta
1993 4310 2086 4361 hoc
2118 4312 2224 4379 ipse
2248 4314 2556 4377 excogitavit,

1434 4380 1556 4437 sive,
1579 4379 1706 4443 quod
1763 4376 2025 4427 robabilius
2043 4376 2114 4435 fit,
2139 4394 2200 4427 ex
2223 4388 2367 4443 poeta
2387 4380 2561 4426 Graeco

1436 4453 1692 4509 acceptum
1759 4442 1920 4499 abuit;
1954 4441 2204 4507 ingeniose
2235 4458 2324 4507 pro
2354 4440 2561 4491 vinculis
